3944 6060
229 398 293 475 388
836 398 906 461 Acta
924 402 1076 461 iunocentii
1093 398 1138 462 Vl.
1164 407 1169 413 '

128 628 131 634 '
231 617 325 683 835.
373 614 504 680 Nicolao
527 615 608 680 ‹ttcto
634 617 750 698 [butyr
772 616 854 680 laico
876 621 906 680 et
941 617 1104 682 Elisabeth
1115 619 1140 699 ⁸)
1164 617 1231 715 eius
1252 619 1346 681 uxori
1376 614 1637 682 Vrntislooiemais
1660 611 1739 680 dioc.

229 719 418 803 indalpetur,
441 725 477 784 at
500 725 660 801 confessor
682 743 788 785 eoram
809 722 941 805 plenam
973 722 1110 786 menium
1143 727 1340 803 peccatorum
1362 714 1578 788 remissionem
1600 722 1647 786 eis
1669 740 1742 784 coa·

397 824 503 888 ceciere
520 825 632 907 possit.
670 825 853 907 „Provenit“
883 827 1060 906 „Anicioae
1081 826 1144 891 aaz.
1171 826 1361 908 Septembris
1384 850 1414 892 a.
1438 828 1555 892 seeto‘.

1147 965 1309 1048 Aoiaioae,
1343 966 1426 1031 1358
1449 964 1642 1073 Septembris
1670 969 1697 1030 l.

359 1149 1378 1220 RMMWSQRWMaeMmoemAEmmMu

230 1553 320 1619 836.
358 1551 502 1619 Jobomai
537 1551 691 1616 Hodierm'
712 1556 874 1631 confertur
892 1552 1091 1635 parochialis
1124 1553 1251 1618 ecclesia
1283 1554 1321 1617 dc
1352 1554 1526 1636 Vincetur)
1554 1554 1743 1621 Claromoa·

229 1657 328 1720 teasis
350 1656 438 1735 dioc,
464 1676 559 1739 qaam
581 1657 650 1739 ipse
667 1675 728 1738 pro
751 1655 816 1720 olio
838 1655 981 1737 beneficio
999 1659 1202 1738 permutavit.
1220 1656 1416 1737 „Apostolice
1430 1659 1531 1723 sectis‘
1564 1659 1744 1735 „Aminione

232 1759 304 1823 llll
324 1779 394 1823 aon.
419 1759 609 1842 Septembris
632 1781 661 1824 a.
686 1763 802 1824 sexto.“
851 1795 893 1804 -
941 1761 985 1822 la.
1010 1783 1035 1824 e.
1060 1780 1100 1823 m.
1131 1760 1240 1825 abbati
1262 1762 1496 1825 monasteriis.
1523 1761 1627 1825 Elidit
1649 1767 1743 1826 extro

230 1883 336 1927 mmos
357 1862 632 1927 Claromoatemses
655 1869 684 1927 et
707 1862 927 1927 archidiacono
940 1862 1084 1927 ecclesiae
1098 1865 1270 1945 Propensis
1282 1886 1319 1930 oc
1331 1864 1463 1950 piminii
1476 1862 1743 1930 Cloromoateasi.

261 1991 402 2089 ’.ῗῗ
1156 2021 1316 2096 Aoirrioae,
1342 2021 1426 2084 1358
1450 2020 1644 2103 Septembris
1667 2021 1699 2084 2.
1776 1996 1778 2001 ¹

359 2208 389 2261 R.
410 2210 458 2260 Ar.
480 2214 529 2261 138
548 2208 594 2261 iol.
614 2216 673 2263 571.
697 2240 722 2248 -
741 2217 765 2273 ι)
783 2208 934 2277 ,Vinzellis‘
954 2210 1002 2262 Ar.

235 2593 325 2659 837.
349 2592 512 2657 Joboanes
534 2592 571 2655 dc
594 2591 780 2656 Lutbommsl
801 2590 973 2675 supplicat,
995 2597 1148 2675 quatemus
1171 2593 1265 2655 Petro
1287 2590 1411 2657 Jemliai
1433 2591 1470 2654 rte
1488 2591 1690 2656 Lutrterbucb
1707 2593 1747 2655 dc

395 2695 579 2779 parochiali
601 2695 729 2760 ecclesia
753 2696 788 2760 ia
811 2695 984 2760 Nausiedel
1009 2695 1219 2759 Otomucepsis
1243 2693 1320 2760 dioc.
1342 2694 1557 2778 provideatur.

1156 2832 1319 2918 Aoimione,
1342 2834 1428 2898 1358
1450 2832 1643 2917 Septembris
1664 2837 1699 2898 4.

365 3025 528 3108 Supplicat
551 3024 591 3090 Si
619 3027 672 3090 Vre
695 3027 829 3091 devotus
853 3031 960 3090 vester
983 3024 1144 3090 iohannes
1177 3024 1217 3089 le
1240 3024 1449 3088 Luchomusel
1474 3023 1617 3090 notarius
1641 3025 1744 3106 impe·

235 3129 360 3202 tatoris
385 3129 518 3194 nuncius
541 3131 581 3193 ad
605 3131 713 3194 sedem
737 3129 944 3211 apostolicam
968 3129 1157 3202 destinatus,
1186 3134 1343 3208 quatenus
1366 3127 1427 3191 sibi
1442 3127 1475 3191 in
1495 3144 1664 3208 personam
1697 3129 1744 3192 di·

235 3233 310 3296 lecti
334 3234 381 3297 sui
407 3234 631 3316 consanguinei
663 3234 749 3298 Petri
773 3233 892 3297 Jenlini
925 3232 965 3297 de
987 3230 1184 3296 Luchirbach
1216 3231 1324 3296 clerici
1355 3230 1635 3296 Luchomuslensis
1659 3233 1743 3298 dioc.

235 3336 405 3416 specialem
440 3338 576 3418 graciam
609 3337 770 3418 iacientes,
812 3336 852 3400 de
882 3336 1072 3418 parrochiali
1103 3336 1240 3400 ecclesia
1270 3336 1302 3398 in
1333 3334 1486 3399 Neusidel
1520 3333 1745 3402 Olomucensis

237 3442 317 3506 dioc.
343 3448 474 3504 vacante
497 3461 556 3523 per
577 3442 709 3506 liberam
733 3441 983 3523 resignationem
997 3441 1074 3504 ‹licti
1090 3439 1244 3505 iohannis
1260 3440 1293 3503 in
1308 3439 1454 3504 manibus
1473 3488 1480 3500 .
1500 3491 1506 3502 .
1528 3488 1534 3500 .
1554 3488 1561 3501 .
1586 3437 1745 3521 Stephani

237 3545 467 3627 archiepiscopi
483 3545 705 3620 tholosanam,
722 3544 887 3608 camerarii
904 3545 1012 3620 vestri,
1030 3543 1145 3608 factam
1169 3550 1203 3607 ct
1226 3543 1405 3623 alniissam,
1429 3542 1602 3624 dignemini
1620 3543 1742 3626 [eidem

235 3649 330 3713 Petro
353 3649 534 3732 providere]
569 3668 638 3712 cum
661 3649 805 3714 omnibus
836 3666 898 3712 non
922 3648 1125 3713 obstantibus
1149 3653 1183 3711 et
1206 3646 1357 3711 clausulis
1381 3647 1544 3727 oportunis
1568 3664 1604 3711 ac
1628 3665 1745 3713 execu-

235 3753 370 3817 toribus.
1126 3759 1130 3766 ’

368 4116 419 4197 [b.
444 4115 599 4178 Aninione
623 4114 654 4178 ll
678 4133 751 4177 nori.
777 4113 972 4195 Septembris
996 4134 1023 4176 a.
1048 4113 1198 4196 sexto].·)

368 4321 398 4373 R.
418 4320 513 4390 Suppl.
533 4320 622 4374 absol.
638 4316 706 4374 260⁴.
729 4352 757 4360 -
780 4323 803 4387 ³)
823 4321 985 4391 suppletum
1004 4336 1037 4373 ex
1056 4337 1096 4373 nr.
1116 4324 1175 4372 838.

240 4723 331 4787 838.
355 4724 447 4784 Petro
468 4722 592 4788 Jemlimi
613 4723 651 4785 cie
676 4721 872 4785 Lauterbacb
894 4725 1056 4800 confertur
1074 4721 1275 4802 parochialis
1290 4721 1418 4786 ecclesia
1433 4721 1468 4784 in
1490 4721 1671 4787 Neusiedei.

332 4919 336 4966 Ι
360 4879 393 4958 l
676 4886 677 4890 ’
1165 4876 1325 4953 Aviaioac,
1350 4877 1435 4940 1358
1458 4874 1650 4959 Septembris
1672 4881 1709 4942 4.

296 5023 299 5030 .
319 4983 347 5033 x
361 4983 390 5033 x
409 5021 414 5031 .

373 5106 408 5167 b.
432 5104 452 5168 f.
477 5106 572 5168 Petro
595 5104 714 5168 Jenlini
739 5105 777 5167 rie
802 5102 999 5167 Inrchirbach
1023 5103 1139 5167 rectori
1163 5101 1370 5184 parrochialis
1386 5101 1520 5166 ecclesie
1543 5100 1577 5165 in
1592 5100 1754 5170 Neusidel

243 5209 462 5273 Olonrucansis
487 5210 565 5272 dioc,
590 5209 723 5271 salntem
739 5215 800 5274 atr.
824 5207 1011 5271 laudabilia
1034 5208 1202 5288 probitatis
1220 5260 1227 5274 .
1308 5206 1385 5271 Cum
1409 5207 1516 5287 itaque
1540 5206 1756 5288 parrochialis

240 5313 375 5377 ecclesia
414 5313 444 5376 iu
477 5313 629 5377 Nensidel
668 5311 887 5396 lilonnrccnsis
926 5313 1015 5393 dioc,
1047 5332 1138 5392 (inam
1269 5311 1451 5377 ,iohannes
1474 5311 1514 5375 de
1537 5309 1754 5380 Luthomusel
