3944 6060
229 428 293 496 368
800 427 870 478 Acta
887 423 1042 479 Innocentii
1059 424 1105 477 Vl.

221 635 303 717 ficii.
323 634 569 720 „Suffrapancia
584 635 659 698 rtol‘
690 634 862 714 ,Aninionc
884 654 954 697 reon.
978 633 1064 699 Maii
1088 634 1301 716 asepttmos
1330 668 1370 677 —
1395 635 1434 696 ln
1456 653 1481 697 e.
1504 653 1545 695 ru.
1570 630 1739 696 Miudcnsi

315 745 345 803 et
368 739 621 805 Lutbornuslensi
643 740 795 822 episcopis
826 757 864 803 ac
887 738 1005 804 decarn
1027 737 1181 803 ecclesiae
1197 760 1223 804 s.
1247 737 1390 819 Apriooli
1412 734 1645 801 Aviuionensis.

299 863 368 1009 p}-
1257 876 1419 952 nvuun,
1445 878 1528 941 1359
1552 876 1638 971 nvait
1662 876 1692 940 r.

351 1052 382 1105 R.
402 1054 452 1106 An.
473 1056 522 1105 140
540 1050 585 1105 iol.
608 1053 676 1116 180¹,
704 1048 734 1102 R
754 1049 815 1103 Vat.
842 1056 892 1102 aad
912 1048 959 1103 iol.
980 1055 1020 1103 75.

231 1332 320 1399 926.
345 1329 498 1395 Nicotaus
535 1329 573 1394 de
595 1331 704 1411 Prapa
727 1329 895 1412 supplicat,
931 1335 1088 1412 quatenus
1124 1332 1230 1395 electio
1260 1351 1320 1394 sua
1356 1332 1390 1394 in
1415 1331 1637 1414 praepositum
1672 1350 1738 1395 mo·

231 1434 367 1500 nestorii
390 1434 608 1499 Zderasicnsis
639 1433 838 1515 confirmetur
869 1441 925 1499 aul
947 1434 1008 1500 'sibi
1037 1436 1075 1500 de
1106 1436 1215 1500 eadem
1239 1435 1467 1518 praepositura
1502 1435 1540 1499 de
1561 1454 1638 1499 novo
1655 1453 1735 1518 pro·

902 1538 1060 1604 videatur.

1236 1642 1399 1721 Auinione,
1423 1643 1508 1708 1359
1531 1642 1617 1709 Maii
1643 1643 1693 1706 12.

362 1818 458 1880 Pater
491 1816 699 1880 sanctissime.
746 1816 854 1898 Nuper
877 1818 1078 1899 prepositura
1111 1818 1296 1883 ruouasterii
1320 1816 1536 1882 Sderasiensis
1567 1816 1740 1897 Pragensis

233 1923 372 2004 sepulcri
412 1921 560 1986 dominici
598 1920 858 1997 ierosolimitani,
904 1922 1082 2003 patriarche
1118 1930 1151 1985 et
1185 1922 1319 1986 ecclesie
1352 1920 1645 2005 ierosolimit[auis]
1681 1921 1739 1985 im-

233 2027 370 2090 mediate
405 2026 549 2103 subiecti,
573 2024 693 2089 ordinis
717 2042 740 2088 s.
764 2026 944 2107 Augustini,
970 2045 1027 2108 per
1050 2028 1168 2091 obitum
1201 2027 1357 2107 quondam
1381 2025 1512 2090 Henrioi
1536 2025 1640 2091 ultimi
1664 2044 1738 2108 pre·

234 2130 330 2212 positi
354 2130 430 2194 dicti
454 2129 637 2194 monasterii
660 2135 753 2193 extra
775 2130 948 2194 Romanam
971 2131 1089 2195 curiam
1113 2131 1264 2215 defuncti,
1289 2132 1342 2211 qui
1365 2131 1532 2195 dicebatur
1554 2130 1641 2195 sedis
1665 2149 1739 2213 apo·

235 2235 347 2299 stolice
372 2234 564 2317 capellanus,
590 2239 732 2309 vacante,
756 2233 856 2298 frater
879 2234 1050 2300 Nicholaus
1074 2237 1113 2299 de
1136 2236 1238 2317 Praga
1262 2235 1431 2300 canonicus
1454 2235 1741 2316 dictimonasterii,

237 2340 435 2404 decretorum
460 2339 578 2417 doctor,
602 2339 746 2403 ordinem
768 2339 872 2420 ipsum
888 2357 1040 2420 expresse
1063 2339 1225 2422 professus
1241 2346 1275 2404 et
1289 2341 1321 2404 iu
1339 2340 1520 2405 sacerdocio
1536 2340 1740 2421 constitutae,

235 2461 293 2525 per
315 2448 503 2508 conventum
527 2442 605 2508 dicti
627 2442 813 2507 monasterii
837 2443 1036 2508 concorditer
1059 2445 1180 2509 electus
1210 2444 1272 2509 fuit
1294 2445 1326 2508 in
1350 2444 1547 2526 prepositum
1571 2443 1650 2508 dicti
1673 2463 1741 2508 mo·

237 2548 381 2612 uasterii.
428 2547 533 2625 Quare
557 2566 626 2611 cum
650 2548 808 2625 timeatur,
833 2549 916 2628 quod
940 2548 1024 2612 dicta
1047 2549 1246 2631 prepositura
1270 2549 1313 2614 sit
1336 2547 1538 2630 disposicioui
1563 2547 1741 2629 apostolice

236 2652 335 2717 eciam
359 2651 542 2736 specialiter
575 2658 748 2734 reservata,
784 2652 947 2717 humiliter
980 2653 1176 2735 supplicatur
1199 2650 1241 2716 δί*
1268 2652 1333 2735 Vm,
1364 2658 1520 2732 quatenus
1543 2651 1740 2717 eleccionem

236 2757 410 2839 predictam
434 2757 607 2839 dignemini
631 2756 814 2822 confirmare
839 2757 888 2820 vel
913 2757 952 2820 de
975 2757 1061 2821 dicta
1083 2757 1286 2839 prepositura
1308 2756 1412 2820 eidem
1435 2755 1567 2820 Nicolao
1591 2755 1631 2819 de
1655 2775 1739 2821 novo

237 2862 403 2944 providere
426 2880 496 2926 cum
528 2862 672 2926 omnibus
702 2880 764 2927 uon
789 2861 988 2927 obstantibus
1019 2868 1052 2926 et
1076 2862 1226 2926 clausulis
1257 2860 1422 2942 oportunis
1446 2878 1482 2923 ac
1504 2861 1741 2925 executoribus.

368 2966 440 3029 Fiat
464 2966 500 3030 G.

368 3069 442 3134 Sine
466 3069 528 3134 alia
552 3070 702 3135 leccioue.
727 3069 799 3133 Fiat
823 3070 859 3134 G.
884 3070 1041 3134 Auiuione
1065 3070 1128 3134 IIII
1152 3071 1194 3134 id.
1219 3069 1296 3134 Maii
1321 3088 1347 3135 a.
1373 3070 1518 3152 septima.

368 3241 399 3296 R.
419 3241 514 3312 Suppl.
534 3247 568 3296 30
586 3240 634 3295 iol.
654 3247 695 3295 tl.

881 3403 1088 3412 *-

239 3522 329 3589 927.
354 3521 489 3586 Nicolao
504 3521 541 3586 de
561 3523 667 3603 l'rapa
683 3521 869 3604 conceditur,
894 3527 929 3587 ut
951 3522 1059 3588 electio
1082 3525 1197 3588 clusin
1215 3522 1434 3607 praepositiva
1456 3521 1642 3586 monasterii
1664 3520 1742 3586 Zae-

239 3626 393 3690 rasicnsis
415 3625 531 3706 valcat,
558 3647 614 3709 ,ac
635 3625 665 3690 si
681 3624 718 3690 de
728 3628 909 3708 provisione
925 3628 1006 3693 dicti
1018 3628 1203 3693 monasterii
1224 3626 1315 3692 nulla
1335 3648 1393 3710 per
1414 3624 1518 3689 sedem
1540 3625 1646 3707 ipsam
1671 3625 1705 3705 (i.
1719 3647 1743 3694 e.

239 3729 460 3811 apostol-icam)
494 3731 665 3794 reservatio
692 3734 790 3809 facta
816 3733 937 3809 forel“.
970 3735 1084 3814 ,lucta
1113 3730 1289 3814 perstoralis
1320 3727 1437 3814 officii“
1467 3726 1641 3809 ,Aninionc
1670 3730 1746 3793 llll

803 3835 847 3898 id.
872 3836 956 3899 Maii
979 3857 1007 3901 a.
1030 3836 1192 3920 septimo.“

329 3888 362 3970 ῗῐ

328 3991 382 4040 a.

1245 3975 1406 4056 Asiniouc,
1432 3974 1517 4039 1359
1539 3972 1625 4037 illaii
1648 3977 1701 4038 12.

371 4142 402 4195 R.
423 4144 471 4194 Ar.
495 4150 541 4194 140
560 4143 606 4196 iol.
625 4148 693 4210 tti',
712 4145 742 4197 n.
761 4145 822 4198 Vat.
842 4152 892 4200 ‘234
912 4147 958 4200 sol.
977 4152 1038 4201 259.
1052 4176 1083 4187 —
1104 4149 1133 4200 lir
1153 4149 1183 4202 R.
1196 4147 1291 4217 Suppl.
1310 4154 1343 4201 ‘28
1362 4145 1409 4200 iol.
1431 4150 1479 4199 185
1492 4144 1526 4198 de
1538 4144 1747 4200 confirmatione

243 4229 384 4298 praedicta
402 4229 490 4283 breuis
510 4237 575 4284 nota
593 4230 737 4298 reperitur.

244 4509 333 4575 928.
358 4508 519 4573 Martinus
557 4509 654 4574 allas
688 4512 872 4574 orionasterii
902 4511 1137 4578 §trudoniensis
1163 4511 1332 4596 supplicat,
1366 4514 1519 4596 quatenus
1542 4511 1639 4575 Petro
1663 4511 1746 4575 dicto

244 4614 360 4693 Prus·)
383 4612 421 4675 de
438 4612 621 4695 parochiali
642 4613 771 4677 ecclesia
794 4615 829 4677 in
850 4615 1069 4702 &antonicz⁵)
1087 4617 1302 4701 provideatur.
1326 4653 1369 4664 —
1393 4615 1488 4697 „liat
1511 4613 1569 4680 (Η
1600 4651 1634 4662 -—
1663 4616 1744 4679 Item

244 4717 415 4800 supplicat,
447 4724 602 4799 quatenus
631 4719 796 4801 praedicto
830 4723 1019 4786 manauere
1042 4723 1272 4787 conservatoria
1308 4721 1351 4784 ael
1373 4719 1618 4804 quinquennium
1640 4738 1748 4784 conac-

245 4822 351 4887 datur.
375 4860 416 4867 —
431 4824 524 4900 „Fiat
548 4823 591 4885 ad
613 4824 784 4888 triennium
809 4827 868 4887 G.⁴‘
884 4829 1025 4905 -Item,
1050 4830 1203 4910 quatenus
1226 4826 1287 4890 star·
1308 4831 1337 4888 cl
1359 4823 1482 4888 duabus
1505 4822 1580 4888 aliis
1598 4823 1748 4915 personis

242 4947 301 5008 per
334 4947 403 4989 auri
425 4928 628 4992 nominandis
662 4928 879 5009 ,liudulpencia
902 4953 922 4994 a
939 4953 1025 5014 pena
1048 4935 1121 4997 etc.“
1156 4931 1348 4996 concedatur.
1395 4965 1435 4975 —
1484 4927 1576 5004 ,nat
1602 4927 1641 4992 G.
1674 4927 1750 4993 Sine

424 5031 492 5096 alla
515 5032 653 5096 leccioue.
678 5035 752 5097 Fiat
776 5035 813 5099 G.
840 5037 880 5100 D.
906 5034 1061 5099 Aninione
1088 5038 1161 5100 llll
1177 5036 1219 5099 iel.
1245 5035 1330 5099 Maii
1352 5055 1381 5098 a.
1404 5033 1563 5116 septimo.“

1247 5172 1410 5250 Acinione,
1436 5171 1520 5235 1359
1542 5170 1629 5237 Maii
1654 5173 1704 5233 12.

380 5343 411 5395 R.
430 5342 525 5412 Suppl.
543 5348 577 5397 30
595 5343 641 5398 iol.
654 5349 706 5398 ω’.
724 5375 756 5383 -
778 5354 802 5407 a)
822 5346 922 5410 ,Pruss‘
941 5347 1036 5417 Suppl.
1058 5347 1082 5414 b)
1102 5346 1285 5412 ‚Staukowitz‘
1304 5344 1399 5414 Suppl.
1456 5350 1463 5363 ¹
