3944 6060
216 459 296 528 ’408
837 458 909 512 Acts
927 458 1079 513 lnnoeeutii
1096 457 1142 512 Vl.

233 671 352 738 1020.
376 669 486 734 Priori
506 667 648 750 qeneroii
670 673 700 733 ei
714 668 884 749 fratribus
906 690 1066 735 servorum
1098 690 1123 735 s.
1150 669 1278 734 Mariae
1308 668 1432 733 ordinis
1454 689 1481 734 s.
1504 667 1683 751 Auprcsiiai
1703 667 1742 732 li-

231 775 334 840 ceoiia
357 773 542 857 recipiendi,
579 771 691 839 Cereio
714 775 930 839 Romanorum
964 773 1149 859 imperatori
1169 778 1200 839 el
1222 771 1394 838 Bobemice
1422 773 1490 854 cepi
1511 771 1642 838 iioerdio
1658 774 1745 852 fura·

372 877 473 942 dandi
494 876 720 943 onorrosierium
742 877 880 943 eiusdem
903 878 1025 944 ordinis
1047 879 1082 944 in
1104 879 1232 944 cioiiaie
1255 877 1413 960 Propensi
1433 876 1601 960 clarpiiur.

1143 1018 1304 1100 Aoiniouo,
1330 1017 1413 1082 1359
1435 1015 1618 1081 Decembris
1641 1015 1697 1080 28.

306 983 335 1034 X

283 1054 351 1104 .X.

225 1296 232 1311 ,
361 1224 531 1292 Duff...
556 1225 656 1308 priori
678 1227 819 1307 generali
843 1233 877 1292 et
893 1227 1044 1294 fratrilms
1068 1246 1230 1292 servorum
1255 1245 1278 1290 s.
1304 1227 1405 1290 llarie
1436 1227 1557 1291 ordinis
1581 1244 1606 1290 s.
1632 1226 1742 1308 Augu-

231 1330 308 1416 stinj
331 1330 467 1394 salutern
491 1335 552 1394 etc.
585 1330 652 1394 Piis
674 1330 852 1412 principum
882 1329 1022 1395 fidelium
1042 1379 1049 1396 .
1068 1383 1076 1396 .
1096 1380 1130 1396 ..
1175 1330 1328 1396 Exlribita
1362 1331 1519 1412 siquidem
1554 1329 1647 1394 nobis
1684 1349 1744 1412 pro

232 1440 324 1518 parte
344 1486 350 1499 .
372 1485 378 1499 .
398 1484 431 1499 ..
456 1434 564 1500 Carroli
588 1435 800 1499 Romanorum
824 1435 1051 1517 imperatoris.
1073 1486 1079 1497 .
1100 1485 1106 1498 .
1127 1484 1135 1499 .
1157 1441 1190 1500 et
1205 1435 1334 1499 Boernie
1360 1434 1447 1516 regis
1462 1434 1598 1500 illustris
1621 1434 1744 1516 peticio

233 1538 428 1615 continebat,
464 1539 546 1619 quod
570 1538 639 1620 ipse
663 1557 703 1602 ex
726 1538 908 1604 devocionis
942 1538 1070 1620 aflectu,
1101 1557 1193 1621 quem
1218 1538 1257 1602 ad
1281 1541 1309 1602 b.
1333 1537 1467 1603 limiam
1493 1539 1649 1620 virginem
1673 1538 1743 1620 glo·

232 1645 351 1708 riosam
374 1649 578 1723 vestrumque
602 1643 744 1707 ordinem
777 1644 847 1708 eius
881 1661 970 1708 sacro
1001 1643 1126 1708 nomine
1151 1645 1334 1708 decoratum
1365 1643 1450 1725 gerit
1479 1648 1514 1709 et
1536 1642 1645 1724 habet,
1669 1662 1742 1725 pro-

237 1747 343 1830 posuit
366 1752 401 1811 et
424 1747 564 1811 intendit
586 1747 627 1811 ad
650 1747 749 1811 divini
773 1742 909 1813 nominis
924 1752 958 1812 et
972 1748 1074 1829 ipsius
1099 1747 1229 1828 virginis
1251 1748 1379 1812 laudem
1396 1764 1550 1827 sacroque
1572 1746 1744 1829 religronis

234 1856 439 1934 augmentum
463 1851 502 1915 de
526 1851 617 1915 bonis
640 1850 702 1914 sibi
726 1852 765 1915 de
790 1870 930 1933 superna
952 1852 1102 1933 largitate
1126 1851 1251 1917 collatis
1280 1851 1415 1916 fundare
1439 1856 1474 1915 et
1496 1856 1687 1916 construere
1711 1851 1745 1916 in

232 1957 361 2021 civitate
384 1955 537 2038 Progensi
561 1974 657 2020 unum
681 1955 783 2022 locum
807 1956 910 2021 vestri
941 1956 1064 2021 ordinis
1094 1975 1163 2020 cum
1187 1956 1325 2020 ecclesia
1348 1973 1406 2020 seu
1430 1955 1582 2034 oratorio,
1614 1973 1743 2037 camps-

233 2061 302 2144 nili,
326 2079 488 2142 campana,
512 2059 679 2138 cimiterio,
703 2061 848 2126 domibus
871 2067 906 2126 et
929 2061 1000 2125 aliis
1024 2060 1215 2125 rrecessariis
1239 2060 1382 2126 officinis.
1414 2060 1480 2125 Nos
1504 2060 1614 2141 itaque
1638 2059 1745 2142 ipsius

232 2164 435 2247 imperatoris
460 2182 496 2227 ae
520 2165 637 2229 vestris
660 2164 693 2228 in
716 2165 780 2228 hae·
800 2171 892 2247 parte
916 2164 1205 2247 supplicacionibus
1228 2165 1382 2240 inclinati,
1416 2165 1520 2228 eidem
1553 2164 1744 2246 imperatori

232 2270 413 2335 huiusmodi
436 2269 549 2343 locum,
574 2275 610 2334 ut
632 2271 818 2353 predicitur,
842 2270 995 2335 fundandi
1019 2278 1052 2335 et
1075 2270 1216 2335 construi
1233 2268 1372 2334 faciendi
1395 2267 1574 2333 incivitate
1596 2269 1745 2348 predicta

233 2375 265 2438 in
288 2375 356 2442 loco
380 2380 486 2439 tamen
522 2375 562 2439 ad
586 2374 644 2439 boc
667 2393 805 2457 congruo
839 2382 874 2441 et
896 2375 1031 2441 honesto
1067 2375 1218 2455 vulsisque
1251 2374 1354 2439 locum
1378 2374 1483 2456 ipsum
1505 2374 1547 2437 ad
1570 2390 1665 2437 usum
1688 2391 1742 2439 ve·

233 2486 333 2545 strum
357 2479 532 2561 recipiendi
554 2485 588 2544 et
611 2479 820 2563 inhabitandi,
844 2480 918 2544 dum
934 2487 1040 2544 tannen
1064 2480 1181 2544 ibidem
1198 2481 1364 2545 duodecim
1383 2480 1499 2544 saltem
1515 2478 1636 2544 iratres
1663 2479 1743 2545 dicti

235 2585 335 2649 vestri
359 2583 479 2649 ordinis
503 2584 655 2648 decenter
685 2590 720 2649 et
741 2604 880 2666 congrue
903 2584 1032 2649 valeant
1062 2585 1247 2666 sustentari,
1270 2585 1509 2665 quibuscunque
1534 2584 1744 2651 constitucio-

236 2689 330 2753 nibus
354 2687 538 2769 apostolicis
562 2688 730 2753 contrariis
764 2707 963 2771 nequaquam
986 2690 1195 2772 obstantibus
1231 2690 1299 2754 iure
1324 2694 1431 2753 tamen
1454 2687 1668 2768 parrochialis
1691 2707 1744 2753 ec·

237 2793 335 2858 clesie
359 2797 393 2858 et
416 2791 587 2857 cuiuslibet
610 2792 743 2857 alterius
766 2793 798 2857 in
822 2795 967 2858 oscinibus
984 2812 1109 2876 semper
1132 2795 1229 2876 salvo,
1252 2795 1378 2876 plenam
1394 2799 1428 2857 et
1444 2793 1576 2857 liberam
1603 2795 1745 2858 auctori·

239 2902 306 2961 tate
331 2896 506 2978 apostolica
529 2896 695 2960 licenciam
719 2898 898 2979 elargimur.
924 2900 962 2963 l).
988 2898 1145 2964 Aninione
1170 2897 1195 2959 V
1219 2898 1282 2962 kal.
1307 2897 1452 2962 laurumii
1476 2916 1503 2960 n.
1529 2896 1679 2978 septimo.

368 3087 400 3140 R.
420 3088 470 3141 Au.
492 3091 537 3139 141
558 3084 604 3139 iol.
624 3090 682 3138 609.

886 3248 958 3255 -ι-
969 3248 1091 3255 ....—.--

243 3421 355 3486 1021.
389 3420 504 3484 Petrus
534 3417 572 3482 dc
594 3416 756 3482 Bobemio-
772 3417 1037 3502 poenitentiarius
1064 3439 1175 3501 pupae
1208 3418 1377 3502 supplicat,
1412 3422 1565 3501 quolenus
1597 3419 1750 3483 Busiconi

238 3522 361 3591 Koldoe
383 3522 420 3588 dc
451 3522 606 3588 Vile'mooo
622 3526 679 3588 Vos
701 3521 882 3605 beroeficium
904 3522 1158 3602 ecclesiasticum,
1183 3523 1227 3587 ed
1241 3522 1387 3588 ecclesiae
1408 3522 1623 3588 Olornuccnsis
1647 3523 1748 3589 colio·

737 3628 850 3692 tionem
867 3629 1042 3711 pertinens,
1065 3632 1246 3693 reservetur.

1080 3749 1083 3757 ¹
1144 3765 1307 3840 Aoiorioooc,
1335 3765 1418 3830 1359
1442 3764 1623 3831 Dccembris
1646 3745 1701 3832 29.

367 3959 531 4041 Supplicat
554 3958 595 4023 su
624 3958 676 4022 V¹⁰
701 3958 828 4023 humilis
845 3963 951 4023 orator
968 3963 1074 4021 vester
1089 3956 1190 4021 irater
1205 3957 1319 4021 Petrus
1335 3959 1375 4022 de
1392 3958 1523 4023 lloemiu
1538 3958 1661 4024 ordinis
1674 3979 1749 4042 pre·

240 4065 414 4129 clientarum
438 4059 494 4127 8¹¹⁸
513 4062 566 4127 V¹⁶
589 4063 849 4145 penitenciarius,
883 4068 1039 4142 quatenus
1070 4063 1130 4127 sibi
1153 4061 1185 4124 in
1209 4079 1377 4143 personam
1412 4061 1521 4126 dilecti
1544 4063 1674 4144 nepotis
1697 4065 1749 4130 sui

241 4168 403 4234 Buzlconis
427 4167 495 4231 nati
518 4167 616 4232 Colde
641 4168 680 4231 de
704 4166 937 4250 Vylemouaues
972 4166 1080 4230 clerici
1103 4166 1273 4247 Pragensis
1304 4165 1383 4230 dioc.
1409 4167 1546 4248 gracciam
1570 4166 1749 4248 specialem

242 4274 408 4357 iacientes,
432 4269 620 4336 beneficium
644 4270 896 4336 ecclesiasticum
919 4289 989 4335 cum
1013 4289 1088 4334 cura
1110 4269 1160 4334 vel
1184 4270 1253 4335 sine
1276 4289 1359 4353 cura,
1385 4271 1424 4335 ad
1448 4271 1655 4337 collusionem
1685 4279 1748 4339 etc.

245 4377 395 4460 episcopi,
418 4374 583 4459 prepositi,
609 4377 720 4441 decani
744 4381 779 4440 et
801 4374 932 4457 capituli
956 4374 1324 4440 ecclesieOlomuceusis
1347 4376 1512 4458 pertinens
1535 4377 1750 4444 communiter

241 4482 291 4544 vel
315 4480 449 4562 divisim,
484 4498 599 4544 vacans
634 4480 684 4543 vel
715 4479 857 4561 proximo
880 4484 1073 4559 vacaturum,
1104 4478 1330 4544 conferendum
1352 4480 1456 4545 eidem
1478 4480 1623 4545 Buzlsoui
1648 4482 1748 4547 dona·

242 4585 324 4650 cioni
359 4584 532 4666 apostolice
556 4584 729 4665 dignemini
751 4601 926 4663 reservare,
958 4602 1027 4648 curn
1051 4584 1283 4668 acceptacione,
1314 4584 1517 4667 inlribicione,
1545 4585 1676 4652 decreto
1712 4593 1748 4653 et

242 4691 383 4754 clarrsula
412 4687 564 4754 anteiern'
602 4695 642 4774 et,
665 4707 735 4754 orum
766 4687 910 4752 munibus
940 4705 1002 4751 uon
1032 4688 1232 4753 obstantibus
1263 4695 1297 4753 et
1327 4690 1479 4754 clausulis
1510 4690 1678 4773 oportunis
1709 4696 1743 4756 et

246 4793 478 4859 executoribus

376 4897 449 4962 Fiat
472 4897 507 4961 G.
531 4897 576 4962 Et
598 4896 666 4961 sine
691 4913 876 4979 quacunque
901 4895 964 4960 alia
986 4896 1135 4962 leccione.
1182 4898 1254 4962 Fiat
1278 4897 1314 4962 G.
1356 4898 1394 4962 D.
1418 4897 1574 4964 Aninione
1599 4898 1663 4964 llll
1685 4899 1748 4967 kal.

243 5002 387 5069 Jarruarii
411 5021 437 5066 a
462 5001 606 5084 septimo.

375 5191 406 5246 R.
425 5192 520 5263 suppl.
540 5198 574 5248 30
592 5191 638 5245 iul.
657 5198 726 5246 253¹.
