3944 6060
874 448 951 497 >ress
968 443 1036 498 Maii
1053 449 1095 499 so.
1686 451 1747 517 109

241 647 296 712 aaa
318 667 367 713 ur.
390 648 454 713 259
478 648 697 716 conceduntur.
746 653 852 732 ,Dum
876 653 1040 736 praceisa“
1095 653 1210 737 ,Apud
1246 651 1479 719 villamnovam
1520 654 1748 723 Autnbnaueis

685 755 764 820 dioc.
788 756 846 820 ΙΙΙ
862 755 926 822 kal.
948 756 1044 825 Juuii
1066 778 1095 822 a.
1119 757 1284 823 scaturiat

1041 896 1138 978 Apud
1168 895 1407 982 Villomuooom,
1433 897 1518 964 1354
1541 899 1625 964 Mais·
1646 901 1699 966 30.

368 1079 400 1133 R
420 1084 470 1135 Av.
490 1087 539 1135 126
558 1081 605 1137 fol.
625 1087 684 1148 534,
701 1082 733 1136 a
752 1083 814 1138 Vat.
833 1089 883 1137 226
902 1084 949 1139 fol.
968 1091 1027 1141 243.
1046 1116 1079 1125 —
1108 1085 1179 1156 Orig.
1197 1085 1227 1140 in
1246 1085 1367 1140 archivio
1397 1086 1511 1156 capituli
1529 1088 1664 1144 ecclesiae
1681 1090 1745 1144 Pra-

241 1164 342 1234 gensis,
361 1167 441 1236 copia
458 1167 486 1220 in
506 1167 698 1236 diplomatario
717 1170 822 1225 musaei
840 1169 917 1239 regni
935 1170 1091 1227 Bohcmlaa.
1163 1211 1165 1217 -

242 1545 327 1612 263.
352 1547 606 1632 Supplicatum
628 1551 813 1616 Burcdorde'
834 1551 1020 1636 burggrooii
1041 1552 1333 1636 Mapdeburyeusia
1358 1556 1535 1639 thntom's
1557 1557 1690 1641 Leporis
1706 1557 1745 1623 dc

243 1649 441 1735 Hoeeuburp,
473 1653 602 1718 Nicolai
631 1656 668 1720 da
700 1653 797 1722 Curia
829 1656 965 1739 Raouios
993 1665 1022 1724 et
1055 1656 1194 1725 conradi
1223 1659 1346 1740 Zusroa
1367 1681 1431 1745 pro
1460 1661 1594 1726 diuersis
1615 1646 1742 1743 gratiis.

1042 1795 1139 1880 Apud
1168 1794 1407 1879 Villamuooom,
1429 1801 1517 1865 1354
1538 1801 1624 1865 Maii
1643 1802 1697 1866 30.

366 1982 533 2066 Supplicat
554 1983 593 2049 Sti
616 1984 669 2048 Vre
690 1987 823 2051 devotus
847 1993 881 2052 et
898 1988 1027 2052 humilis
1044 1990 1181 2054 servitor
1198 1995 1307 2054 vester
1317 1989 1520 2072 Purghardus
1532 1992 1742 2074 burggravius

242 2084 533 2171 llagdeburgensis,
567 2090 720 2171 magister
752 2090 839 2156 curie
874 2092 992 2157 domini
1015 2093 1100 2175 regis
1124 2095 1345 2178 Romanorum,
1380 2101 1537 2176 quatenus
1560 2097 1631 2175 sibi,
1656 2097 1741 2178 quod

242 2191 337 2272 possit
360 2198 421 2255 eto.
448 2194 482 2274 (l)

365 2313 448 2377 ltem
484 2315 643 2397 supplicat
673 2316 776 2381 eidem
808 2315 849 2381 S‘i
877 2317 1006 2384 humilis
1036 2326 1144 2384 orator
1166 2326 1275 2384 vester
1298 2319 1418 2385 Swinco
1441 2319 1545 2384 dictus
1568 2320 1676 2402 Lepus
1700 2320 1740 2384 de

243 2413 437 2498 Hasemburg
459 2417 558 2501 miles,
582 2419 699 2485 domini
722 2421 932 2486 Romanorum
955 2427 990 2485 et
1012 2422 1141 2487 Boemie
1164 2423 1250 2506 regis
1273 2423 1465 2487 camerarius
1485 2428 1520 2487 et
1535 2423 1739 2506 secretarius,

241 2526 392 2599 quatenus
416 2522 476 2586 sibi
500 2523 673 2587 concedere
697 2523 878 2607 dignemini,
912 2526 995 2607 quod
1018 2527 1121 2609 possit
1143 2527 1262 2610 eligere
1287 2527 1500 2593 confessorem
1516 2527 1615 2591 eciam
1632 2527 1739 2610 religi-

241 2641 332 2706 osum,
368 2624 422 2704 qui
445 2625 548 2708 ipsum
587 2628 777 2693 auctoritate
808 2629 984 2711 apostolica
1017 2632 1182 2696 absolvere
1212 2632 1328 2710 valeat,
1363 2633 1514 2712 quociens
1545 2637 1739 2713 oportunum

239 2724 340 2810 merit,
364 2729 456 2793 utin
479 2728 588 2794 forma.

364 2850 437 2914 Fiat
458 2851 492 2915 in
515 2851 615 2917 lomna
638 2853 675 2919 G.

363 3094 446 3161 Item
469 3097 628 3178 supplicat
650 3098 735 3162 dicte
759 3097 799 3162 8²¹
821 3099 955 3163 devotus
978 3105 1085 3164 orator
1107 3106 1215 3164 vester
1238 3099 1401 3164 Corradus
1416 3098 1530 3163 Zulraz
1546 3098 1586 3164 de
1603 3098 1739 3180 Teymar

238 3197 369 3263 clericus
381 3198 624 3283 Herbipolensis
647 3203 739 3277 dioc..
757 3209 922 3284 quatenus,
946 3221 1016 3267 cum
1040 3202 1101 3269 ΒΜ
1118 3203 1173 3266 V¹⁸
1195 3221 1297 3285 nuper
1312 3202 1449 3268 Johanni
1469 3201 1583 3266 Zulras
1599 3207 1639 3266 de
1656 3201 1736 3284 Tay·

236 3318 301 3366 mar
323 3305 475 3369 canonico
497 3305 684 3387 Eystetensi
707 3306 746 3371 de
770 3307 915 3372 custodia
938 3307 1023 3372 dicte
1046 3307 1250 3389 Eystetensis
1273 3307 1418 3385 ecclesie,
1444 3324 1505 3386 que
1529 3312 1617 3370 certo
1640 3306 1734 3370 modo

239 3408 425 3487 sperabatur
448 3428 569 3491 vacare,
603 3411 732 3475 duxerit
754 3428 811 3475 seu
845 3412 1044 3476 mandaverit
1066 3412 1236 3494 provideri,
1268 3418 1302 3475 et
1323 3416 1495 3492 propterea
1525 3410 1735 3491 parrochialis

236 3510 369 3575 ecclesia
407 3520 587 3579 sanctorum
620 3514 730 3581 Jacobi
764 3522 798 3580 et
821 3515 952 3580 Martini
985 3515 1018 3579 in
1051 3515 1270 3579 Weiczmeron
1296 3513 1320 3594 ¹)
1359 3514 1604 3595 Bambergensis
1642 3514 1736 3596 dioc,

236 3615 275 3680 de
297 3635 358 3697 qua
382 3618 485 3681 dictus
508 3618 669 3684 Johannes
703 3619 737 3683 in
759 3620 900 3683 Romana
934 3620 1022 3683 curia
1043 3619 1158 3699 litigat,
1192 3619 1420 3699 quamprimum
1453 3619 1538 3682 idern
1571 3616 1735 3681 lohannes

235 3721 467 3800 possessionem
491 3722 575 3786 dicte
600 3723 744 3787 custodie
767 3721 900 3804 pacifice
922 3723 1021 3788 luerit
1042 3730 1216 3800 assecutus
1242 3741 1354 3787 vacare
1379 3729 1535 3804 speretur,
1560 3721 1735 3803 dignemini

234 3823 352 3888 dictum
376 3825 554 3890 Conradum
577 3827 610 3890 in
633 3826 717 3890 omni
741 3827 819 3908 iure,
842 3827 925 3907 quod
942 3826 1045 3891 eidem
1061 3825 1198 3891 Johanni
1221 3825 1254 3888 in
1278 3825 1363 3889 dicta
1384 3824 1576 3906 parrochiali
1598 3825 1735 3890 ecclesia

234 3930 394 4011 competit,
417 3949 539 3995 necnon
563 3931 596 3994 in
610 3930 669 3995 lite
692 3930 838 4012 predicta
860 3933 1032 4012 subrogare
1056 3931 1222 4011 ipsumque
1247 3928 1296 3992 ius
1320 3929 1380 3993 sibi
1397 3927 1540 3992 conferre
1561 3929 1611 3992 vel
1628 3928 1733 3993 conle-

233 4035 366 4098 1endum
389 4051 565 4116 reservare,
601 4055 670 4099 cum
703 4035 860 4117 premisso
883 4035 935 4098 vel
957 4035 1019 4098 alio
1051 4033 1162 4114 quovis
1192 4034 1285 4097 modo
1315 4031 1450 4113 vacabit,
1485 4051 1555 4096 cum
1589 4033 1735 4098 omnibus

230 4135 382 4201 clausulis
417 4144 450 4202 et
484 4157 546 4202 non
584 4138 785 4204 obstantibus
819 4138 982 4221 oportunis
1016 4142 1050 4201 et
1087 4136 1311 4200 executoribus
1345 4141 1380 4199 et
1414 4154 1484 4199 cum
1523 4135 1730 4218 expressione

232 4246 335 4306 statum
360 4260 455 4306 cause
479 4242 623 4323 predicte
648 4249 775 4307 etcum
799 4242 1018 4307 commissione
1043 4241 1197 4305 examinis
1221 4241 1261 4304 ad
1285 4245 1403 4321 partes.

360 4365 433 4429 Fiat
456 4365 492 4430 G.

360 4487 442 4551 Item
465 4487 624 4570 supplicat
647 4487 731 4552 dicte
755 4485 796 4552 ss
816 4486 967 4551 Nicolaus
990 4486 1030 4549 de
1054 4484 1150 4549 Curia
1172 4482 1306 4564 Regnitz
1330 4481 1465 4545 clericus
1488 4481 1732 4561 [bambergensis

233 4589 322 4666 dioc,
346 4591 550 4656 subnotarius
565 4592 684 4674 regalis
707 4590 907 4670 cancellarie,
931 4589 1111 4672 [quatenus
1136 4587 1218 4669 cum]
1236 4587 1309 4651 olim
1326 4585 1358 4648 in
1374 4584 1489 4665 puerili
1506 4590 1593 4647 etate
1617 4590 1651 4647 et
1674 4585 1730 4648 ali·

232 4711 291 4758 ena
307 4695 427 4760 diocesi
451 4696 602 4771 existens,
627 4714 685 4778 per
701 4694 937 4776 simplicitatem
960 4701 994 4757 et
1017 4693 1095 4756 iuris
1119 4690 1332 4772 ignorans-iam
1357 4707 1417 4753 non
1442 4690 1574 4753 obtenta
1595 4687 1732 4752 licencia

235 4798 394 4865 diocesani
424 4801 474 4864 sui
505 4803 545 4865 ab
568 4802 670 4865 altero
705 4800 855 4882 episcopo
878 4797 1056 4862 clericalem
1086 4803 1249 4861 tonsuram
1272 4801 1306 4858 et
1328 4794 1466 4858 minores
1491 4792 1620 4856 ordines
1643 4809 1732 4856 rece-

234 4906 315 4984 perit
337 4913 371 4970 et
393 4905 426 4969 in
450 4906 498 4969 eis
522 4908 622 4970 eciam
644 4903 883 4985 ministraverit,
907 4909 941 4966 et
963 4902 1078 4966 deinde
1103 4900 1165 4964 Stas
1179 4898 1234 4961 Vf⁸
1259 4898 1320 4962 sibi
1344 4899 1383 4962 de
1400 4897 1587 4960 canonicatu
1604 4898 1662 4960 sub
1679 4914 1732 4958 ex·

234 5011 416 5087 portacione
440 5011 600 5091 prebende
636 5009 669 5072 in
693 5008 830 5073 ecclesia
852 5006 1111 5071 Wratislauiensi
1144 5003 1281 5086 graciam
1310 5001 1424 5066 iecerit
1446 5001 1627 5082 specialem,
1662 5018 1733 5062 cum

237 5115 340 5181 eodem
364 5114 505 5196 Nicolao,
540 5119 575 5178 ut
597 5113 630 5178 in
653 5113 747 5178 dictis
771 5111 934 5177 ordinibus
957 5110 1139 5173 ministrare
1173 5107 1269 5170 etad
1294 5106 1373 5171 alios
1397 5105 1525 5169 ordines
1549 5102 1730 5185 promoveri

237 5220 343 5300 valeat,
367 5219 618 5285 misericorditer
640 5219 827 5300 dispensare
852 5214 1054 5299 [dignemini]
1077 5213 1200 5293 sibique
1225 5212 1264 5275 de
1278 5210 1417 5274 uberiori
1434 5210 1516 5273 dono
1534 5208 1639 5289 gracie
1658 5220 1731 5270 con-

239 5325 352 5404 todere,
376 5324 462 5406 quod
484 5323 628 5406 predicta
650 5322 759 5405 gracia
783 5322 823 5385 de
847 5320 942 5385 dictis
966 5318 1153 5383 canonicatu
1176 5323 1211 5381 et
1233 5315 1395 5397 prebenda
1418 5312 1479 5377 sibi
1501 5311 1587 5375 facta
1601 5311 1729 5392 plenum
