3944 6060
270 433 313 498 58
868 432 938 486 Acta
957 429 1112 485 Innocentii
1132 429 1178 484 vl.

269 641 444 724 apostolica
466 640 678 723 indulgemus,
701 646 737 705 ut
759 639 895 720 aliquem
912 640 1070 721 ydoneum
1101 646 1135 704 et
1159 639 1331 704 discretum
1348 639 1570 722 presbyterum
1590 637 1774 720 religiosum

271 746 321 809 vel
330 746 428 809 eciam
443 744 618 810 secularem
630 745 663 809 in
676 749 764 808 tuum
778 745 882 825 possis
891 744 1010 826 eligere
1024 743 1247 822 confessorem,
1263 744 1327 824 qui,
1343 744 1495 824 quociens
1507 744 1565 808 tibi
1574 742 1673 807 luerit
1684 762 1774 825 opor-

270 856 390 930 tunum,
414 848 612 914 confessione
636 854 692 912 tna
715 847 888 930 diligenter
910 849 1020 913 audita
1043 868 1099 930 pro
1116 848 1292 912 commissis
1308 848 1447 912 debitam
1464 847 1522 912 tibi
1539 846 1773 913 absolucionem

270 954 434 1035 impendat
467 960 501 1016 et
535 953 680 1035 iniungat
701 952 914 1034 penitenciam
938 953 1120 1034 salutarem,
1154 952 1216 1016 nisi
1239 951 1346 1015 forsan
1370 952 1449 1015 talia
1479 950 1607 1031 inerint,
1643 957 1775 1033 propter

270 1075 330 1138 que
347 1057 441 1121 sedes
454 1058 631 1139 apostolica
646 1057 689 1121 sit
711 1057 824 1121 marito
848 1057 1050 1123 consulenda.
1075 1055 1161 1120 Nulli
1186 1074 1262 1138 crgo
1283 1107 1288 1118 .
1308 1105 1314 1118 .
1335 1108 1340 1116 .
1361 1106 1368 1119 .
1386 1056 1423 1118 D.
1441 1056 1525 1137 apud
1543 1055 1774 1120 Villamnouam

271 1161 496 1226 Aninionensis
519 1161 598 1227 dioc.
623 1162 652 1225 X
675 1161 738 1225 kal.
765 1159 962 1242 Septembris
985 1179 1012 1226 a.
1035 1160 1145 1241 primo.

391 1383 422 1438 R,
451 1385 501 1437 As.
521 1389 570 1438 125
589 1382 634 1436 fol.
653 1389 723 1449 450⁶,
741 1383 772 1437 R
792 1383 853 1437 Vnt
873 1388 922 1436 222
941 1381 989 1436 fol.
1008 1387 1075 1436 3⁷3¹.

271 1783 361 1850 139.
387 1782 562 1847 Guilelmus
594 1802 692 1847 comes
723 1781 905 1862 Bellisorlis
934 1781 1104 1866 crapplicut,
1138 1787 1292 1864 quatenus
1325 1783 1451 1847 litterae
1483 1803 1578 1866 snper
1608 1782 1774 1849 collatione

271 1888 474 1951 canonicatus
507 1892 536 1951 ei
554 1886 754 1969 praebendae
775 1887 922 1953 ecclesiae
948 1888 1118 1968 Propensis
1151 1891 1181 1952 ed
1213 1908 1238 1951 a.
1265 1888 1393 1971 Georgii
1414 1890 1449 1952 in
1480 1892 1585 1952 castro
1618 1887 1775 1968 Pragensi

477 1992 635 2058 Cuadlroni
656 1992 821 2057 Adaiconis
845 2014 883 2058 ac
906 1991 1058 2056 Hadardo
1083 1988 1222 2056 Conradi
1237 1994 1334 2070 facia
1357 1991 1575 2075 expediantur.

1021 2147 1116 2230 Apud
1147 2146 1386 2226 villamnovam,
1409 2148 1496 2212 1353
1519 2147 1656 2233 Augusti
1677 2147 1730 2214 24.

402 2356 566 2439 Significat
600 2355 645 2421 Sti
680 2358 734 2418 Vre
771 2357 960 2421 Gnillelmus
994 2374 1098 2420 coures
1128 2354 1314 2435 Belliiortis,
1345 2375 1413 2419 cum
1446 2357 1563 2421 dudum
1593 2356 1695 2421 felicis
1725 2374 1774 2420 re·

272 2461 467 2526 cordacionis
492 2461 637 2527 Clemens
661 2481 744 2544 papa
766 2462 819 2538 Vl,
844 2462 1052 2542 predecessor
1075 2468 1190 2541 vester,
1214 2459 1349 2523 ecclesie
1373 2459 1577 2525 Olomncensi
1600 2459 1775 2542 providerit

273 2567 312 2630 de
335 2583 471 2648 persona
505 2567 623 2631 domini
645 2564 800 2631 iohannis
823 2573 858 2629 et
881 2565 1098 2629 canonicatum
1122 2582 1191 2628 cum
1215 2564 1386 2645 prebenda,
1409 2582 1487 2644 quos
1519 2564 1589 2646 ipse
1611 2563 1774 2630 iohannes

271 2671 304 2735 in
338 2671 491 2753 Pragensi
514 2671 651 2735 ecclesia
681 2671 855 2748 obtinebat,
891 2689 960 2734 curn
1000 2675 1152 2734 vacarent
1184 2686 1242 2750 per
1272 2668 1504 2750 promocionem
1538 2667 1719 2733 huiusmodi
1741 2674 1775 2732 et

272 2793 384 2838 munus
419 2775 669 2841 consecracionis
703 2776 753 2838 vel
785 2775 895 2855 quovis
927 2775 989 2839 alio
1023 2775 1124 2855 modo,
1159 2772 1320 2837 Czadlioni
1344 2773 1511 2837 Absiconis
1534 2771 1711 2854 providerit
1733 2771 1773 2834 de

272 2879 392 2942 eisdem
416 2897 471 2943 seu
496 2880 661 2944 donaciani
682 2879 854 2960 apostolice
878 2878 1090 2943 reservaverit
1113 2876 1321 2942 conferendos
1345 2877 1449 2941 eidem
1466 2877 1591 2958 clerico,
1606 2876 1630 2955 ¹)
1655 2876 1773 2940 dictus·

272 2999 332 3062 qne
351 2981 514 3048 lohannes
538 2990 680 3065 tempore
705 2983 782 3047 dicti
805 2982 1043 3064 predecessoris
1067 2981 1164 3045 luerit
1188 2986 1392 3044 consecratus
1416 2987 1449 3045 et
1468 2981 1577 3045 littere
1594 2981 1774 3062 ingrossata

273 3103 369 3166 super
391 3086 570 3152 huiusmodi
605 3088 784 3169 provisione
818 3088 850 3151 in
885 3087 1074 3151 cancellaria
1108 3083 1163 3149 8¹¹³
1188 3084 1242 3149 Vre
1267 3084 1410 3166 pluribus
1441 3084 1637 3166 temporibus
1669 3083 1774 3147 iacue-

273 3196 356 3270 runt,
392 3191 637 3272 superveniente
668 3197 773 3255 autem
804 3192 892 3256 obitu
925 3190 1161 3273 predecessoris
1185 3186 1240 3254 8⁰⁸
1264 3188 1318 3252 Vre
1342 3196 1564 3253 remanserunt
1586 3187 1704 3253 ibidem
1727 3187 1773 3251 in·

273 3293 432 3375 expedite.
479 3294 583 3371 Quare
618 3295 776 3376 supplicat
809 3295 971 3377 predictus
1009 3311 1113 3358 comes
1147 3293 1250 3356 eidem
1285 3291 1326 3356 8²1
1353 3293 1416 3375 VN,
1450 3299 1607 3373 quatenus
1639 3293 1695 3358 V¹⁰
1718 3291 1774 3357 Si*

273 3396 446 3462 clemencia
468 3398 647 3463 huiusmodi
670 3399 796 3463 litteras
819 3400 877 3463 sub
901 3399 976 3462 data
998 3399 1096 3481 priori
1119 3397 1197 3460 dicti
1221 3397 1336 3461 domini
1372 3396 1545 3461 Clementis
1580 3402 1614 3460 et
1647 3398 1774 3463 nomine

274 3506 381 3565 vestro
405 3501 549 3584 expediri
572 3500 670 3565 faciat
693 3507 727 3564 et
749 3502 896 3566 transire.

403 3623 483 3699 Fiat
507 3622 569 3686 nisi
593 3623 686 3686 alteri
710 3622 842 3687 initias
865 3623 1024 3703 quesitum
1049 3623 1085 3687 G.
1096 3626 1121 3701 ⁸)
1218 3637 1219 3640 ’

402 3761 481 3826 ltem
517 3759 674 3842 significat
697 3760 736 3826 gu
784 3763 837 3825 er
864 3762 1032 3827 Habardus
1064 3761 1209 3840 Conradi,
1245 3761 1337 3843 quod,
1368 3780 1437 3825 cum
1473 3762 1589 3826 dudum
1626 3763 1773 3827 dominns

272 3864 419 3929 Clemens
442 3885 524 3948 papa
548 3865 591 3930 Vl
615 3866 675 3929 sibi
699 3867 836 3947 graciam
859 3866 978 3932 iaciens
1003 3867 1183 3948 specialem,
1215 3870 1254 3931 de
1286 3865 1440 3931 beneficio
1463 3865 1679 3932 ecclesiastico
1703 3885 1773 3932 cum

271 3988 347 4032 cura
369 3969 420 4033 vel
444 3969 512 4032 sine
537 3988 612 4032 cura
644 3975 811 4051 spectante
844 3970 883 4033 ad
907 3971 1111 4035 collacionem
1134 3977 1193 4036 etc,
1218 3971 1379 4035 abbatisse
1403 3979 1438 4034 et
1460 3977 1634 4035 conventus
1657 3972 1773 4035 sancti·

272 4073 455 4137 monialium
468 4074 652 4137 monasterii
669 4092 693 4138 s.
712 4074 841 4155 Georgii
858 4074 889 4136 in
905 4080 1009 4139 castro
1025 4075 1176 4156 Pragensi
1200 4075 1320 4140 ordinis
1337 4094 1360 4138 s.
1377 4075 1544 4139 Benedicti
1560 4075 1689 4140 duxerit
1703 4095 1773 4157 pro-

274 4177 443 4241 videndum
460 4175 493 4260 ἲ),
519 4178 685 4258 dictusque
709 4177 878 4242 Habardus
912 4179 1130 4242 canonicatum
1153 4186 1188 4243 et
1221 4180 1413 4260 prebendam
1448 4179 1533 4244 dicte
1560 4179 1697 4244 ecclesie
1720 4200 1773 4244 va·

271 4289 380 4347 cantes
412 4301 471 4364 per
494 4283 612 4347 obitum
636 4284 793 4363 quondam
824 4283 992 4348 Wernheri
1027 4284 1170 4348 eiusdem
1201 4284 1337 4348 ecclesie
1375 4284 1517 4348 canonici
1551 4285 1659 4366 vigore
1684 4285 1770 4350 dicte

272 4389 386 4467 gracie,
410 4387 527 4450 litteris
551 4387 731 4452 huiusmodi
755 4389 860 4470 gracie
883 4394 1019 4470 propter
1031 4387 1158 4451 uirniam
1176 4388 1364 4452 cancellarie
1389 4387 1629 4469 occupacionem
1653 4389 1775 4452 atalia

272 4490 398 4553 diversa
420 4491 647 4573 impedimenta
669 4511 731 4555 non
747 4492 915 4573 expeditis,
940 4492 997 4556 sed
1014 4492 1047 4555 in
1063 4509 1174 4572 grossa
1189 4492 1348 4556 stantibus
1364 4497 1398 4555 et
1413 4492 1659 4570 remanentibus,
1684 4498 1775 4556 ante-

273 4613 365 4674 quam
393 4595 497 4658 dictus
523 4595 667 4659 dominus
692 4594 838 4661 Clemens
862 4603 1004 4660 mortuus
1027 4602 1123 4676 esset,
1148 4595 1363 4677 acceptaverit
1386 4595 1509 4675 sibique
1531 4596 1692 4677 provideri
1716 4615 1775 4679 per

272 4706 459 4763 executores
488 4718 562 4764 suos
581 4751 587 4763 .
609 4751 615 4764 .
635 4753 641 4766 .
662 4699 799 4764 lecerit
822 4701 860 4766 de
884 4701 1013 4782 eisdem,
1037 4700 1180 4781 predicta
1203 4699 1363 4764 abbatissa
1386 4704 1420 4762 et
1442 4705 1615 4764 conventus
1638 4700 1679 4765 de
1702 4720 1773 4782 pro·

260 4803 393 4866 visione
416 4822 474 4868 seu
497 4805 603 4885 gracia
626 4805 800 4885 apostolica
823 4805 883 4868 sibi
906 4803 990 4868 iacta
1006 4803 1189 4886 certificate,
1214 4822 1274 4886 que
1299 4810 1441 4885 tempore
1465 4803 1645 4870 huiusmodi
1668 4807 1775 4887 gracie

273 4906 333 4970 sibi
355 4905 439 4971 facte
462 4908 494 4970 in
511 4909 652 4973 Romana
675 4909 763 4973 curia
785 4927 824 4971 ex
848 4909 911 4972 alia
935 4928 1030 4972 causa
1053 4916 1220 4990 presentes
1244 4913 1346 4987 erant,
1380 4908 1483 4989 ipsum
1513 4909 1707 4975 unanimiter
1730 4913 1776 4975 vi-

273 5028 347 5091 gore
382 5010 560 5076 huiusmodi
584 5013 689 5094 gracie
724 5021 757 5078 et
779 5013 967 5087 provisionis
1002 5013 1063 5077 sibi
1096 5012 1179 5076 facte
1203 5018 1393 5093 receperunt
1427 5011 1458 5075 in
1482 5014 1666 5078 canonicum
1689 5015 1775 5079 dicte

272 5114 416 5195 ecclesie,
439 5115 498 5178 sibi
523 5116 651 5179 stallum
675 5117 706 5179 in
730 5116 824 5180 choro
859 5136 928 5180 omn
964 5118 1161 5200 plenitudine
1197 5117 1275 5181 iuris
1298 5115 1440 5180 oenomai
1474 5135 1531 5181 nec
1565 5137 1627 5185 non
1657 5120 1775 5185 dictam

272 5219 465 5301 prebendam
499 5221 708 5303 assignand03
732 5241 863 5303 quornm
887 5224 1090 5286 canonicatus
1113 5228 1147 5287 et
1169 5220 1329 5303 prebende
1347 5239 1383 5284 ac
1409 5219 1524 5286 iurium
1540 5225 1775 5305 possessionem

273 5322 466 5404 aliquamdiu
495 5324 607 5389 habuit
632 5325 762 5408 pacifice
800 5330 834 5389 et
857 5325 974 5406 quiete.
1021 5325 1126 5402 Quare
1163 5326 1321 5408 supplicat
1343 5327 1506 5407 predictus
1541 5346 1645 5392 comes
1668 5330 1774 5396 eidem
