3944 6060
229 380 293 446 258
829 379 900 429 Acta
916 375 1071 431 Innocentii
1089 375 1136 430 Vl.
1203 394 1206 399 ·

230 587 377 654 ecciesiae
403 586 616 652 Olomaceasis
637 587 666 651 ci
681 590 779 666 facto
801 590 830 651 et
853 586 1027 669 acceptatio
1049 585 1188 651 eiusdem
1210 585 1420 652 scholastriae
1442 584 1583 667 calcarit,
1606 605 1669 649 riou
1691 585 1739 651 ot·

229 690 388 774 stantibus
409 696 444 755 at
467 691 503 755 in
523 689 753 775 supplicatione
774 711 823 755 ror.
846 691 920 756 655.
954 689 1170 771 „Laudabilia
1188 690 1379 773 probitatis“
1410 689 1585 769 ,Auiaioae
1609 689 1650 753 ΙΙ
1666 709 1736 755 aaa.

777 793 960 859 Novembris
983 816 1012 860 a.
1037 796 1173 878 qaiatc.“

1161 930 1322 1014 Aoiaioac,
1346 936 1432 1000 1357
1455 932 1641 1000 Novembris
1663 935 1695 997 4.

359 1123 391 1177 R.
410 1125 460 1177 Aa.
482 1129 529 1177 135
549 1122 594 1177 sol.
613 1129 672 1176 431.
693 1153 723 1161 —
744 1123 764 1187 ¹)
783 1120 858 1177 Ocni.
878 1137 918 1175 nr.
937 1127 997 1177 aot.

881 1353 1084 1360 ——-—-

229 1526 320 1594 657.
344 1523 534 1607 Compositio
557 1523 680 1589 Atterti
703 1524 825 1589 eilberti
845 1545 941 1607 saper
963 1525 1093 1590 astrictis
1116 1526 1153 1591 <tc
1171 1525 1398 1609 praepositura
1421 1524 1567 1590 ccclesiae
1589 1546 1615 1590 s.
1654 1525 1742 1590 Petri

868 1628 910 1692 ⁴iu
931 1627 1079 1694 Brurma.

1341 1751 1427 1817 1357
1451 1749 1637 1816 Noocrntris
1660 1753 1691 1814 4.

361 1943 473 2007 Actum
497 1943 548 2008 ilie
572 1942 634 2007 llll
659 1941 777 2006 mensis
794 1940 981 2005 cheuilmis
1005 1959 1031 2003 a.
1058 1941 1090 2023 [a
1105 1941 1274 2005 nativitate
1297 1941 1414 2005 domiui
1430 1939 1572 2006 MCCCL
1589 1942 1739 2024 septimo.

230 2048 262 2112 in
286 2048 377 2113 dorric
401 2046 518 2113 ‹loiniui
541 2046 673 2111 Eblonis
705 2047 744 2111 de
769 2045 912 2110 Mederio
945 2045 1052 2110 clerici
1085 2063 1208 2110 cairiere
1237 2045 1458 2131 apostolice]‚·,
1492 2065 1554 2127 qua
1578 2046 1630 2111 die
1651 2098 1657 2112 .
1678 2096 1685 2109 .
1705 2098 1738 2111 ..

230 2153 381 2217 ⁴ilbertus
405 2151 529 2217 eilberti
551 2150 734 2232 prepositus
757 2150 893 2215 ecclesie
917 2168 942 2214 s,
967 2150 1054 2214 Petri
1078 2150 1110 2214 in
1134 2150 1263 2214 Brunna
1287 2150 1507 2215 Olcnurcensis
1531 2151 1612 2217 dioc.
1631 2151 1740 2216 finavit

229 2277 286 2340 pro
310 2257 438 2322 annuali
471 2255 579 2321 ‹lebito
613 2273 737 2319 camere
769 2254 945 2337 apostalice
969 2255 1095 2319 rasione
1120 2254 1369 2321 confirmacionis
1405 2255 1465 2320 sibi
1488 2255 1609 2333 laete¹)
1638 2293 1671 2302 —
1699 2256 1738 2321 ile

229 2361 471 2444 presentacione
495 2360 534 2425 de
558 2359 627 2441 ipso
650 2359 735 2423 facta
765 2376 823 2441 per
846 2358 930 2422 dicte
955 2359 1156 2441 prepositure
1188 2365 1339 2440 patronos
1362 2359 1512 2442 episcopo
1534 2361 1738 2445 infrascripto

229 2471 264 2531 et
286 2465 466 2548 provisione
479 2464 537 2528 sibi
562 2463 647 2527 lacta
669 2470 703 2528 et
725 2463 931 2527 institucione
955 2481 1012 2545 per
1035 2463 1219 2545 episcopum
1242 2463 1484 2529 Olonmcensem
1501 2464 1594 2530 factis
1622 2502 1656 2511 -
1683 2484 1741 2548 per

230 2570 388 2635 dominum
412 2574 554 2634 nastrum
578 2587 692 2650 papam
725 2567 949 2632 Innocentium
973 2567 1015 2631 Vl
1040 2568 1079 2630 all
1103 2567 1219 2631 CXVII
1253 2567 1390 2632 florenos
1423 2588 1492 2632 erun
1516 2569 1648 2635 diruitlio
1672 2571 1740 2634 cruri

230 2674 381 2757 partieris
405 2672 577 2755 sentencie,
601 2689 679 2753 quos
703 2671 849 2753 promisit
872 2670 995 2735 solvere
1021 2691 1039 2735 a
1061 2671 1143 2736 festo
1158 2672 1278 2753 pasche
1302 2674 1343 2736 ad
1359 2692 1485 2751 aninum,
1510 2674 1594 2739 [latis
1610 2673 1738 2740 fideius-

230 2778 355 2844 soribus
378 2777 530 2842 Nicholao
554 2775 644 2840 Pauli
668 2776 818 2841 carianico
842 2775 976 2841 ecclesie
1000 2775 1143 2857 predicte
1167 2774 1326 2841 etoleno
1349 2777 1502 2860 Pragensi
1534 2785 1740 2859 procuratore

230 2883 263 2947 in
287 2882 374 2946 curin
397 2883 546 2962 Romana,
568 2880 600 2944 in
624 2881 766 2945 Romana
789 2881 875 2945 curia
899 2880 1034 2944 dominis
1057 2882 1229 2946 cciiiieraric
1260 2888 1294 2945 ct
1317 2881 1516 2948 thesaurario
1540 2885 1598 2948 sub
1621 2884 1741 2967 obliga·

231 2987 321 3051 oione
351 2987 503 3050 horrorum
533 3002 660 3049 sucrum
690 2984 889 3067 presencium
927 2989 960 3047 et
990 2984 1165 3050 futurarum
1190 3005 1259 3049 eum
1290 2986 1576 3072 protlresltacione]
1608 2989 1738 3054 riraioris

232 3089 384 3172 valencie,
407 3088 649 3155 renunciacione
673 3093 706 3152 et
729 3088 905 3154 iuramento
929 3108 963 3152 ac
982 3089 1154 3155 sentenciis
1178 3091 1338 3155 consuetis
1361 3097 1395 3156 et
1419 3092 1632 3157 submissione
1649 3093 1743 3159 iuris·

233 3193 393 3259 slicsionis.
417 3192 624 3257 presentibus
647 3193 761 3257 Walilo
785 3193 824 3257 cle
848 3190 1034 3268 lumimixb)
1059 3194 1173 3259 clerico
1198 3195 1367 3276 l’ragensis
1391 3196 1471 3261 dioc.
1496 3203 1531 3261 et
1553 3197 1741 3280 Raymunilo

237 3298 276 3361 ‹le
301 3297 503 3380 Rebonbigis.
528 3335 570 3342 —
593 3296 751 3362 ernaldus
774 3296 938 3363 iohannis.

361 3504 473 3558 Collect.
487 3504 576 3558 Alam.
589 3509 605 3557 8
618 3503 664 3557 fol.
679 3508 736 3557 136.
761 3535 785 3542 -
807 3504 872 3571 Reg.
892 3504 964 3572 apud
984 3504 1091 3571 liirsch,
1110 3507 1238 3571 Annateu
1257 3508 1268 3559 l
1288 3523 1347 3576 pag.
1369 3514 1401 3560 tt)
1411 3506 1504 3562 adnot.
1525 3518 1548 3562 a.
1570 3539 1602 3548 —
1625 3511 1649 3574 ¹)
1671 3509 1742 3579 Sup-

230 3592 512 3661 pletumexlol.133.
531 3593 556 3660 b)
576 3591 870 3661 Ooruge:,crc10ucz‘
892 3623 922 3630 -
950 3595 967 3655 ¹)
986 3592 1063 3645 Cous.
1082 3609 1121 3645 nr.
1142 3599 1200 3646 6132.
1220 3624 1251 3632 --
1271 3594 1311 3647 De
1330 3595 1529 3663 compositione
1549 3595 1693 3664 praedicta
1712 3597 1743 3651 in

232 3680 300 3735 Coll.
320 3680 407 3734 Alam.
426 3688 440 3733 t
461 3679 507 3734 iol.
528 3687 552 3737 θ’
577 3679 619 3733 his
639 3678 728 3733 verbis
747 3679 848 3733 mentio
867 3679 910 3732 lit:
942 3679 1134 3748 ,l’repositura
1153 3681 1269 3734 ecclesie
1287 3681 1432 3749 collegiata
1451 3700 1472 3736 s.
1492 3682 1567 3736 Petri
1584 3682 1613 3736 in
1627 3684 1742 3738 Brunca

231 3768 422 3822 Olomncensis
441 3768 511 3822 dioc.
530 3767 582 3822 luit
600 3767 759 3821 confirmata
785 3766 899 3821 Alberto
918 3767 1024 3821 alberti
1043 3769 1084 3821 sel
1103 3767 1158 3821 suit
1176 3767 1263 3821 eidem
1289 3769 1402 3822 Albertc
1421 3768 1456 3822 de
1474 3769 1546 3824 clieta
1565 3771 1746 3840 prepositura

233 3855 371 3921 provisum
390 3855 455 3907 Vlll
474 3857 527 3908 kal,
549 3855 711 3909 Novembris
736 3869 759 3907 a.
780 3854 816 3916 V;
845 3855 998 3922 composuit
1012 3855 1045 3909 ad
1059 3854 1157 3908 cxvli
1176 3861 1294 3910 florenos
1307 3872 1365 3909 cum
1380 3856 1500 3924 dimidio,
1520 3857 1608 3912 dictos
1622 3858 1746 3914 florenos

232 3941 360 4009 ponderis
381 3943 518 3995 sentencie
537 3940 684 3995 solvendos
703 3941 730 3993 in
749 3941 819 3994 festo
839 3942 925 4009 pache
941 3960 964 3995 a.
977 3941 1148 4007 siceum&
1168 3942 1249 3994 solvit
1262 3952 1383 4012 tempure
1399 3943 1490 3998 debito
1503 3944 1603 3998 cxvii
1621 3944 1745 4002 florenos

232 4045 292 4081 curu
312 4027 424 4081 dimidio
439 4059 470 4066 ·-
485 4028 583 4081 cxvii
597 4028 656 4081 flor.
669 4045 729 4082 curu
748 4028 887 4081 clirnidia.“
908 4029 968 4093 (Ed.
988 4030 1060 4098 apud
1080 4028 1188 4097 Kirselr,
1208 4032 1334 4082 Annaten
1355 4047 1416 4100 pag.
1437 4037 1469 4084 70
1488 4047 1528 4084 nr.
1548 4038 1584 4100 2.)

234 4429 324 4495 658.
348 4430 492 4494 I'rooisio
515 4428 553 4493 cte
570 4429 797 4512 praepositura
820 4431 967 4494 ecclesiae
989 4450 1012 4494 s.
1041 4431 1133 4492 I'ctri.
1150 4432 1181 4493 iu
1209 4430 1341 4495 ltruaaa
1380 4430 1509 4496 Nicolao
1532 4431 1570 4497 de
1594 4432 1745 4500 Crcoisir.

1354 4569 1436 4634 1357
1460 4571 1645 4636 Nouembris
1667 4576 1700 4639 4.

364 4759 467 4822 Primo
491 4758 552 4823 fuit
575 4760 733 4839 provisum
758 4760 908 4841 magistro
934 4758 1064 4824 Nirclau
1089 4761 1127 4822 tle
1153 4762 1301 4841 liuurrspr
1323 4760 1563 4840 prothonotario
1586 4767 1621 4826 et
1637 4780 1744 4829 secre-

235 4862 350 4944 taric·)
375 4862 485 4926 liarcli
508 4862 709 4944 imperatoris
733 4864 942 4928 Romanarum
967 4863 1006 4926 ‹le
1029 4864 1232 4944 prepositura
1256 4864 1390 4927 ecclesie
1415 4865 1581 4947 collegiate
1606 4885 1631 4931 s
1657 4867 1747 4934 Petri

235 4966 269 5028 in
292 4965 422 5028 Brunua
445 4962 665 5030 Olcinucensis
688 4966 778 5046 liae,
802 4985 862 5047 spuo
886 4967 978 5030 uuita
1002 4967 1107 5030 estin
1131 4968 1241 5030 eadem
1266 4968 1402 5031 ecclesia
1426 4969 1574 5050 dignitas,
1611 4978 1747 5037 vacante

235 5070 274 5133 acl
297 5086 429 5150 presens
453 5086 511 5150 per
533 5069 653 5134 obitum
677 5070 833 5150 qirarulam
857 5070 1029 5134 Harmauui
1054 5071 1168 5135 inclini
1193 5071 1295 5135 ultimi
1319 5072 1474 5154 propositi
1497 5073 1608 5158 ipsius,
1632 5076 1744 5156 quiin

234 5174 378 5255 partibus
401 5174 548 5255 (lacessit,
582 5191 639 5236 seu
672 5174 698 5236 si
729 5191 787 5255 per
817 5176 1106 5259 const-ituelionem]
1137 5175 1392 5258 ,Exeo-rutilis‘b)
1415 5179 1586 5262 sacriverit,
1617 5197 1746 5263 semper

236 5277 341 5343 eidem
363 5275 403 5342 Sl
428 5276 480 5341 Vre
504 5277 688 5360 specialiter
709 5276 808 5342 luerit
831 5286 1004 5362 reservata,
1027 5280 1059 5343 Il
1081 5300 1152 5346 non.
1178 5280 1366 5346 Novembris
1390 5300 1418 5344 a.
1442 5281 1479 5348 V.
