3944 6060
738 465 803 515 rese
822 460 945 515 bembus
964 467 981 514 r
999 491 1031 500 -
1050 459 1177 522 Octobris
1197 466 1237 513 re.
1679 464 1739 528 157

231 673 323 741 387.
352 673 548 736 Innocentius
575 692 665 755 papa
696 672 740 735 Vl
764 668 874 735 scribit
904 667 1019 735 Carolo
1050 672 1235 752 imperatori
1267 673 1489 753 Rorrrmorum,
1523 692 1556 735 se
1586 671 1740 753 recepisse

313 776 440 841 litteras
460 799 518 860 per
540 775 704 841 Andreom
727 774 764 839 oie
789 773 941 844 Bobemio
962 779 993 840 et
1016 776 1183 846 Nicolaum
1208 775 1315 842 Caroli
1335 775 1398 840 sibi
1415 779 1654 859 praesentatas.

1202 913 1363 991 Auinicne,
1387 916 1471 979 1355
1497 915 1639 980 Octobris
1661 918 1693 980 4.

364 1106 535 1173 Carissimo
558 1107 591 1172 in
615 1106 741 1174 Christo
765 1107 830 1173 filio
855 1106 967 1173 Carolo
990 1108 1174 1190 irriperatori
1199 1109 1408 1173 Romanorum
1439 1126 1565 1190 semper
1589 1113 1733 1189 augusto.

234 1211 293 1277 Dd.
311 1210 341 1276 il.
366 1211 508 1278 Andreas
532 1213 572 1278 de
595 1212 725 1278 Boemia
740 1211 989 1295 penitenciarius
1003 1218 1113 1277 noster
1129 1219 1163 1277 et
1176 1209 1335 1277 'Nicotaus
1352 1209 1457 1276 Caroli
1473 1212 1593 1278 ordinis
1608 1212 1740 1278 fratrum

234 1316 478 1398 predicatorum,
500 1317 588 1399 prior
609 1315 811 1400 provincialis
827 1316 959 1381 fratrum
983 1315 1060 1380 dicti
1083 1316 1202 1381 ordinis
1217 1318 1251 1380 in
1272 1335 1370 1398 regno
1393 1317 1532 1398 Boemie,
1555 1315 1662 1381 nuncii
1685 1316 1741 1398 tui,

235 1421 273 1484 ad
297 1422 389 1503 nos·)
411 1420 515 1503 pridie
538 1422 716 1506 vesiculae,
739 1420 890 1503 quasdam
915 1420 1005 1485 nobis
1028 1420 1255 1502 magnitudinis
1278 1424 1332 1485 tue
1356 1420 1478 1498 literas,
1502 1439 1580 1502 quas
1604 1427 1638 1485 et
1652 1420 1740 1503 ipsos

235 1543 358 1606 quoque
381 1525 513 1591 nuncios
536 1526 794 1592 consideracione
818 1531 873 1589 trra
896 1524 1032 1606 benigne
1056 1525 1234 1607 recepimus
1259 1531 1292 1588 et
1315 1543 1373 1606 per
1395 1544 1474 1606 quas
1497 1525 1611 1589 literas
1628 1525 1737 1589 nurrci·

234 1646 321 1692 orum
345 1629 486 1712 ipsorum
517 1630 640 1711 petiisti
665 1628 810 1693 adhiberi
840 1628 934 1693 fidem
957 1628 1121 1710 relatibus,
1154 1633 1388 1710 presentarunt,
1422 1628 1599 1694 Intellectis
1630 1630 1739 1710 itaque

235 1735 393 1798 contentis
424 1734 457 1798 in
488 1734 608 1799 eisdem
640 1734 744 1798 literis
767 1738 809 1815 et,
843 1751 905 1815 que
928 1733 1025 1798 iidem
1059 1733 1167 1797 nuncii
1192 1733 1381 1810 retulerunt,
1417 1734 1586 1815 diligenter·
1610 1734 1739 1816 auditis

236 1837 274 1901 ad
296 1838 353 1902 illa
376 1837 435 1903 tibi
457 1857 515 1931 per
537 1838 672 1903 eundem
696 1838 861 1902 Nicolaum
892 1837 1145 1919 respondendum
1170 1838 1325 1920 illeximus,
1359 1840 1442 1903 sicut
1472 1841 1510 1905 ab
1541 1857 1588 1921 eo,
1622 1839 1675 1921 qui
1699 1839 1739 1903 ad

235 1947 267 2006 te
290 1943 330 2006 ad
353 1959 486 2024 presens
509 1943 689 2024 revertitur,
713 1942 823 2007 audies
840 1942 965 2023 plenius
981 1943 1052 2006 vive
1076 1961 1161 2008 voce.
1188 1943 1223 2006 l).
1242 1943 1397 2007 ⁴tuicione
1414 1942 1478 2007 llll
1494 1962 1564 2008 non.
1591 1942 1739 2009 Octobris

236 2064 262 2110 a.
285 2046 396 2112 tercio.

363 2236 395 2290 R.
421 2235 483 2289 Vnt
507 2239 558 2290 237
583 2235 629 2289 lol,
656 2241 713 2302 189,
742 2235 773 2289 R.
801 2236 863 2289 Vat
888 2241 939 2288 all
962 2235 986 2288 Ε
1011 2228 1144 2304 (drahel.)
1169 2251 1209 2289 nr.
1237 2241 1294 2291 123.
1317 2265 1349 2274 -
1376 2236 1440 2305 Reg.
1469 2236 1543 2306 apud
1571 2236 1737 2307 Werunslry,

235 2324 373 2393 Excerpta
391 2339 431 2377 ur.
450 2327 509 2390 348,
529 2330 556 2377 et
575 2323 677 2389 Huber,
696 2323 760 2392 Reg.
780 2324 847 2391 Imp.
868 2322 933 2376 VIII
951 2338 1011 2392 pag.
1033 2328 1091 2390 bes,
1111 2340 1151 2376 nr.
1169 2329 1228 2378 281.
1248 2353 1281 2362 -
1295 2327 1320 2392 ⁸)
1340 2324 1481 2392 Sequitur:
1500 2340 1559 2393 ,pro
1572 2330 1650 2394 parte
1670 2328 1733 2390 tua‘,

236 2409 284 2466 aed
302 2411 485 2467 cancellatum
504 2417 545 2465 est
564 2410 592 2463 in
611 2410 719 2465 Archet.
740 2441 773 2450 -
791 2412 823 2464 ln
841 2417 917 2480 tergo
937 2410 1061 2464 Archet:
1088 2409 1152 2479 ,llll
1171 2427 1233 2465 uon.
1254 2409 1311 2466 Oct.
1331 2428 1355 2465 a.
1374 2409 1458 2466 tercio
1477 2409 1600 2465 R.XV¹¹¹·‘

235 2709 323 2778 388.
355 2710 467 2774 Bruno
489 2707 612 2773 Heloici
632 2707 803 2792 supplicat,
834 2712 988 2792 quatenus
1011 2708 1072 2772 sibi
1094 2708 1133 2773 ele
1154 2704 1298 2790 beneficio
1322 2707 1365 2772 ad
1386 2705 1550 2774 ecclesiam
1579 2709 1739 2790 Vissepra·

716 2813 841 2878 alensem
863 2816 1022 2896 spectante
1038 2812 1256 2894 provideatur.
1280 2846 1282 2849 ·

1183 2951 1344 3031 Acinione,
1367 2952 1454 3016 1355
1477 2947 1620 3016 Octobris
1642 2953 1695 3018 13.

366 3145 536 3228 Supplicat·
554 3141 594 3210 St*
618 3135 673 3209 Vri
704 3143 838 3207 devotus
869 3148 977 3208 orator
1007 3148 1116 3207 vester
1138 3143 1245 3207 Bruno
1275 3143 1430 3223 quondam
1454 3142 1586 3208 Hclwici
1601 3149 1628 3220 ²)
1652 3129 1762 3225 pres?

238 3251 327 3333 byter
357 3250 528 3333 Pragensis
557 3249 649 3331 dioc,
694 3247 816 3312 nullum
854 3246 1041 3312 beneficium
1079 3246 1210 3328 habens,
1248 3248 1397 3329 quatinus
1436 3248 1538 3313 eidem
1568 3248 1739 3330 specialem

239 3356 374 3438 peciam
396 3355 561 3429 iacientes,
585 3355 625 3419 de
649 3353 754 3435 aliquo
777 3351 931 3417 beneticio
955 3354 1005 3416 vel
1029 3351 1133 3416 officio
1157 3352 1375 3418 ecclesiastico
1399 3373 1469 3417 curu
1492 3372 1567 3417 cura
1597 3351 1647 3415 vel
1671 3351 1739 3416 sine

240 3479 321 3543 cura,
347 3465 513 3542 spectante
536 3459 576 3524 ad
599 3458 804 3524 collacionem
829 3463 888 3522 etc.
915 3457 1081 3539 prepositi,
1106 3457 1218 3520 decani
1242 3464 1276 3521 et
1299 3458 1430 3539 corrrituli
1446 3457 1581 3521 ecclesie
1605 3475 1629 3519 s.
1654 3455 1740 3519 Petri

240 3565 508 3647 wissegradensis
542 3583 639 3646 prope
664 3565 795 3645 Pragam
826 3562 1033 3627 communiter
1065 3562 1114 3624 vel
1148 3560 1283 3642 divisim,
1317 3580 1387 3625 curn
1420 3561 1643 3643 acceptacione
1677 3564 1738 3624 etc.

240 3668 486 3734 misericorditer
519 3665 690 3752 dignemini
722 3667 900 3749 providere,
936 3685 1005 3730 curn
1037 3665 1181 3731 erunibus
1212 3666 1497 3731 nonobstantibus
1532 3670 1567 3729 et
1589 3662 1739 3728 clausulis

241 3775 402 3856 oportunis
426 3783 462 3838 ab
485 3773 727 3855 executoribus3
750 3778 785 3837 et
808 3773 892 3853 quod
916 3789 1049 3835 exarueu
1074 3770 1114 3833 ad
1137 3775 1247 3851 partes
1270 3769 1494 3835 committatur.

368 3878 441 3943 Fiat
464 3877 500 3942 G.

368 3984 420 4070 [D.
444 3982 600 4048 buinionc
624 3983 671 4047 Ill
694 3982 735 4046 id.
760 3981 907 4047 Octobris
931 4001 958 4044 a.
984 3978 1108 4062 tercia]
1124 3974 1152 4058 ¹³)

368 4171 398 4226 R
417 4172 512 4242 Suppl.
531 4177 564 4226 ‘tt
584 4171 703 4227 loures
717 4204 748 4211 —
764 4173 788 4240 a)
803 4171 925 4241 Corripe:
947 4170 1085 4236 ‚Helwicit
1101 4172 1126 4240 b)
1145 4170 1307 4239 Suppletum
1321 4184 1354 4223 ex
1368 4169 1569 4238 supplicatione
1582 4168 1610 4222 in
1623 4167 1739 4237 registro

241 4266 378 4329 sequente.

880 4383 1090 4397 ,-—...--.-—-

239 4541 328 4609 389.
353 4541 509 4624 Episcopo
536 4539 731 4604 Olumuccnsi
753 4538 937 4614 retundatur,
960 4544 1114 4622 quatenus
1138 4537 1284 4604 Bruncui
1305 4542 1381 4602 nato
1404 4537 1561 4621 quondam
1584 4537 1706 4602 llelvici
1715 4541 1740 4617 ⁸)

243 4645 370 4710 Meltucr
392 4644 571 4727 beneficium
594 4641 842 4709 ecclesiasticum
871 4662 940 4707 curre
970 4642 1016 4706 uel
1045 4642 1113 4708 siue
1143 4664 1230 4723 cura,
1261 4643 1357 4707 ctiam
1389 4643 1419 4706 si
1441 4640 1577 4725 simplex
1599 4640 1741 4722 officium

241 4751 365 4834 existat,
397 4750 487 4815 cuius
505 4749 637 4835 fructus
659 4750 702 4812 25
724 4768 806 4828 resp.
830 4751 873 4812 18
890 4734 1085 4811 'amurcarum
1116 4750 1241 4828 arpenti
1269 4747 1438 4812 semicoctum
1471 4747 1667 4810 taxationem
1690 4745 1741 4808 ‹lc-

241 4853 336 4919 oimae
360 4853 499 4919 calorem
521 4874 661 4918 annuum
685 4872 747 4917 non
768 4854 930 4931 excedant,
955 4851 998 4915 ad
1020 4850 1217 4916 collationem
1228 4852 1415 4934 praepositi,
1439 4850 1549 4916 decani
1564 4854 1594 4914 et
1608 4849 1742 4933 capituli

242 4958 388 5026 ccclesiae
418 4957 670 5040 Vissepradeusis
692 4958 862 5040 pertinens,
885 4955 916 5020 si
938 4960 1032 5020 vocat
1052 4955 1101 5020 oel
1122 4976 1192 5020 cmii
1214 4955 1383 5036 vacaverit,
1408 4959 1551 5020 reservet.
1583 4953 1741 5037 ,Dipnum

535 5062 749 5128 arbitramur“
781 5059 956 5143 ,Auiuioue
979 5062 1036 5125 lll
1053 5061 1096 5125 iet.
1123 5061 1265 5125 Octobris
1289 5081 1318 5126 a.
1342 5061 1447 5126 tercio.

1185 5200 1346 5279 Acirrioue,
1372 5199 1455 5264 1355
1480 5198 1623 5264 Octobris
1648 5200 1695 5262 13.

371 5390 403 5447 a,
422 5393 472 5447 ev.
493 5397 539 5447 rar
560 5390 608 5447 ror.
626 5395 685 5461 rso,
704 5392 736 5446 a.
754 5391 816 5446 va.
836 5397 885 5446 aro
904 5390 952 5446 ar.
970 5397 1012 5447 ao.
1036 5421 1061 5430 -
1087 5393 1112 5458 a)
1131 5389 1262 5460 ,errares
1282 5391 1330 5441 ov.
