3944 6060
902 430 968 479 mae
986 425 1053 479 turn
1072 431 1115 481 12.
1696 435 1758 500 189

249 638 356 697 ωιηοη
407 633 599 698 intentionis
648 634 767 712 existit,
806 636 889 716 quod
938 654 977 699 ex
1026 635 1207 701 huiusmodi
1258 637 1431 702 collacione
1479 645 1590 704 nostra
1636 642 1759 705 nullum

240 736 298 801 ius
321 736 382 802 tibi
403 737 437 801 in
460 737 554 802 dictis
578 740 764 803 canonicatu
788 745 822 803 et
844 740 1005 820 prebenda
1027 739 1129 822 ipsius
1152 740 1288 804 ecclesie
1313 740 1533 808 Olomncensis
1553 763 1611 826 per
1633 763 1700 827 nos,
1723 751 1760 811 ut

238 841 457 924 premittitur,
480 842 539 906 tibi
563 842 687 907 collatis
711 844 947 923 quomodolibet
969 845 1160 925 acquiretur,
1184 842 1246 908 nisi
1270 849 1304 907 tu
1328 850 1362 908 et
1385 844 1489 909 dictus
1513 846 1663 930 Mathyas
1679 853 1759 913 tern-

234 964 327 1028 pore
350 945 580 1029 resignationis
603 946 783 1012 huiusmodi
799 947 849 1011 ius
865 940 1070 1032 hab[u]eritis
1085 949 1119 1011 in
1143 947 1237 1012 dictis
1271 949 1508 1014 canonicatibus
1531 955 1565 1014 et
1588 952 1759 1033 prebendis

233 1067 307 1132 per
329 1067 387 1114 vos
409 1049 520 1114 taliter
541 1050 738 1132 resignatio.
760 1102 766 1115 .
786 1103 819 1116 ..
845 1053 883 1118 Ι).
908 1053 992 1132 apud
1015 1050 1246 1116 Villamnouam
1269 1052 1495 1118 Aninionensis
1519 1055 1598 1120 dioc.
1623 1056 1688 1120 1111
1715 1057 1758 1122 id.

231 1151 329 1217 Julii
352 1170 380 1216 a.
404 1159 527 1232 quarto.

380 1295 418 1358 In
441 1312 468 1359 e.
486 1314 517 1359 m
519 1345 636 1360 .....
654 1296 803 1377 episcopo
820 1294 1078 1359 Luthomuslensi
1094 1300 1128 1357 et
1146 1346 1153 1359 .
1172 1343 1179 1357 .
1199 1347 1205 1358 .
1227 1343 1234 1356 .
1252 1296 1371 1359 decano
1388 1313 1424 1358 ac
1440 1294 1607 1360 scolastico
1623 1297 1760 1361 ecclesie

236 1397 422 1479 Pragensis
441 1448 447 1461 .
469 1451 474 1462 .
495 1447 502 1461 .
523 1447 529 1460 .

382 1585 414 1639 R.
432 1591 482 1639 Ar.
504 1592 553 1640 134
570 1586 618 1640 iol.
636 1587 696 1639 ‘23⁶2'
732 1615 766 1625 -
803 1586 1167 1655 a)corrige:,bet1enum.⁴
1202 1615 1236 1624 —
1272 1586 1304 1638 In
1331 1585 1443 1640 Collect.
1468 1585 1555 1639 Alam.
1581 1586 1662 1641 dlol.
1687 1592 1703 1640 8
1728 1586 1762 1639 de

240 1671 348 1725 eadem
368 1671 516 1726 collatione
537 1672 647 1741 ,Boucio
670 1674 704 1727 de
728 1672 874 1727 Pardviez¹
894 1674 944 1728 sub
964 1673 1060 1727 eodem
1078 1673 1142 1726 dato
1169 1672 1244 1726 iacta
1270 1673 1371 1727 mentio
1399 1672 1437 1727 fit.
1467 1672 1529 1735 (Ed.
1558 1674 1632 1742 apud
1660 1673 1762 1727 Kirseh

243 1761 382 1812 Annaten
399 1759 412 1812 1
430 1776 492 1828 pag.
512 1764 566 1825 70.)

331 2090 421 2157 459.
448 2089 592 2156 Conrado
615 2091 653 2153 de
684 2091 779 2155 Wesel
801 2089 963 2175 confertur
980 2092 1138 2170 perpetua
1159 2089 1284 2152 uicaria
1306 2088 1340 2151 in
1364 2087 1495 2152 ccclesia
1520 2090 1684 2169 hoyensi.

325 2180 358 2366 {X
367 2177 396 2368 ὲ
1063 2227 1160 2311 apua
1190 2226 1427 2304 varumnam,
1452 2229 1538 2292 rasa
1560 2227 1644 2294 Jutvt
1668 2231 1718 2293 ιη.

385 2403 423 2466 D.
440 2401 461 2467 f.
487 2402 631 2468 Conrado
647 2403 687 2469 de
702 2404 828 2468 Wessel
843 2409 999 2486 perpetuo
1015 2403 1132 2467 vicario
1155 2403 1188 2465 in
1211 2402 1344 2466 ecclesia
1370 2401 1521 2483 Pragensi
1545 2402 1681 2465 salutem
1704 2409 1763 2466 etc.

264 2504 430 2571 Probitatis
452 2513 486 2571 et
508 2508 661 2572 virtutum
684 2508 799 2571 merita
816 2560 824 2574 .
844 2558 850 2570 .
870 2559 877 2572 .
898 2557 904 2568 .
929 2507 1055 2571 Dudum
1090 2507 1248 2587 siquidem
1282 2506 1388 2571 omnia
1422 2504 1577 2570 beneficia
1611 2506 1763 2570 ecclesia·

265 2610 338 2674 stica
370 2628 626 2691 quorumcunque
660 2630 719 2693 per
752 2613 988 2676 assecucionem
1024 2610 1184 2691 pacificam
1219 2611 1417 2692 dignitatum,
1442 2617 1683 2692 ⁴personatuum
1707 2628 1764 2676 seu

265 2712 430 2778 officiorum
464 2720 520 2778 aut
553 2713 777 2780 beneficiorum
812 2716 945 2780 aliorum
979 2714 1278 2796 ecclesiasticorum,
1313 2732 1372 2796 per
1410 2732 1467 2779 nos
1491 2731 1548 2778 seu
1572 2715 1764 2779 auctoritate

264 2824 365 2882 nostra
389 2824 464 2881 ωηο
487 2817 673 2882 collatorum
696 2821 784 2883 etin
808 2825 904 2883 antea
927 2819 1189 2884 conferendorum
1212 2819 1343 2897 eisdem,
1378 2825 1454 2882 tunc
1477 2817 1628 2882 vacantia
1650 2824 1685 2882 et
1707 2819 1765 2881 im·

264 2928 419 3001 postauam
442 2928 593 2986 vacatura
615 2922 779 2988 collacioni
803 2929 837 2987 et
860 2923 1065 3005 disposicioui
1098 2928 1206 2988 nostre
1240 2928 1454 2996 reservantes,
1490 2921 1689 2987 decrevimus
1712 2940 1765 2985 ex-

264 3032 332 3089 tunc
355 3026 480 3089 irritum
493 3030 527 3089 et
549 3026 653 3107 inane,
669 3027 696 3090 si
713 3045 806 3092 secus
822 3027 996 3110 superbiis
1015 3076 1022 3091 .
1042 3077 1048 3090 .
1069 3077 1076 3090 .
1096 3074 1103 3087 .
1128 3026 1320 3108 contingerit
1342 3027 1536 3107 attemptari.
1561 3025 1765 3091 Postmodum

264 3147 342 3210 vero,
364 3130 448 3193 sicut
471 3128 613 3193 exhibita
636 3130 727 3195 nobis
750 3149 852 3212 nuper
873 3149 931 3213 pro
946 3137 1038 3213 parte
1055 3136 1111 3194 tua
1126 3130 1243 3212 peticio
1259 3130 1452 3210 continebat,
1475 3135 1632 3210 perpetua
1647 3129 1767 3193 vicaria

265 3231 452 3298 inecclesia
475 3233 637 3315 Progensi,
661 3253 753 3314 quam
778 3235 807 3298 d.
831 3234 851 3297 f.
874 3235 1025 3299 Albertus
1049 3235 1088 3298 de
1111 3234 1223 3297 Luticz
1257 3234 1397 3297 decanus
1431 3233 1566 3296 ecclesie
1601 3253 1624 3297 s.
1659 3233 1767 3314 Egidii

266 3335 429 3419 Pragensis
452 3336 525 3401 olim
550 3336 697 3417 obtinuit,
721 3357 761 3401 ex
783 3356 822 3402 eo
845 3345 988 3417 vacante,
1011 3338 1095 3419 qnod
1117 3336 1201 3400 idem
1225 3337 1376 3401 Albertus
1393 3337 1510 3400 dictam
1525 3337 1675 3401 vicariam
1691 3343 1767 3400 tunc

266 3441 416 3518 obtinens,
429 3441 617 3505 decanatum
632 3442 733 3524 ipsius
760 3442 895 3506 ecclesie
919 3459 943 3505 s.
967 3440 1085 3522 Egidii,
1110 3441 1163 3521 qui
1186 3440 1325 3522 dignitas
1348 3442 1468 3520 existit,
1504 3446 1578 3504 tunc
1602 3446 1767 3504 vacantem

267 3543 384 3625 sibique
416 3545 607 3609 auctoritate
641 3546 805 3611 literarum
836 3551 1014 3610 nostrarum
1056 3544 1204 3609 collatum
1242 3545 1396 3608 extiterat
1428 3544 1558 3625 pacifice
1593 3550 1767 3626 assecutus,

266 3664 329 3712 curn
353 3649 394 3712 de
418 3648 548 3729 antiqua
564 3655 598 3712 et
621 3652 796 3731 approbata
819 3657 853 3714 et
874 3649 1029 3713 hactenus
1052 3648 1181 3729 pacifice
1206 3651 1374 3713 observata
1390 3649 1620 3714 consuetudine
1633 3649 1665 3711 in
1682 3648 1768 3711 dicta

264 3752 397 3816 ecclesia
421 3750 572 3833 Pragensi
595 3754 638 3818 sit
672 3755 836 3818 obtentum
860 3759 894 3816 et
916 3751 1045 3834 pacifice
1079 3754 1289 3834 observatum,
1328 3752 1411 3833 quod
1445 3753 1551 3816 nullus
1585 3752 1766 3816 huiusmodi

261 3857 411 3922 vicariam
434 3875 503 3920 cum
538 3858 644 3937 aliqua
678 3858 833 3939 dignitate
868 3857 974 3920 valeat
1008 3856 1157 3936 retinere,
1181 3862 1215 3918 et
1249 3857 1342 3936 quod,
1374 3856 1401 3920 si
1436 3856 1583 3920 obtinens
1617 3856 1766 3919 vicariam

259 3961 405 4041 eandem,
417 3959 603 4041 dignitatem
628 3960 764 4042 aliquam
788 3966 986 4041 assequatur,
1010 3977 1048 4024 eo
1071 3959 1141 4040 ipso
1165 3966 1257 4023 vacet
1279 3960 1398 4024 vicaria
1421 3961 1613 4041 supradicta,
1638 3967 1673 4025 tu
1696 3977 1766 4041 pre-

256 4066 352 4130 textu
376 4064 510 4128 aliarum
532 4065 695 4129 literarum
720 4071 908 4146 nostrarum,
932 4083 989 4145 per
1012 4081 1090 4143 quas
1114 4062 1301 4128 beneficium
1325 4064 1576 4128 ecclesiasticum
1600 4084 1669 4128 cnm
1694 4081 1769 4127 cura

253 4170 309 4234 vel
334 4168 405 4232 sine
429 4187 504 4232 cura
527 4170 566 4232 ad
590 4170 794 4234 collacionem
814 4221 820 4233 .
841 4223 847 4233 .
868 4218 900 4232 ..
923 4168 1089 4250 prepositi,
1110 4219 1115 4230 .
1136 4217 1143 4230 .
1163 4168 1275 4231 decani
1299 4175 1332 4231 et
1356 4169 1488 4250 capituli
1523 4169 1658 4231 ecclesie
1693 4169 1768 4231 Pra-

250 4273 368 4353 gensis
392 4273 600 4336 communiter
615 4273 665 4338 vel
678 4273 803 4337 divisim
816 4273 980 4354 pertinens
1003 4272 1190 4354 expectaS,¹)
1215 4273 1365 4336 vicariam
1389 4273 1489 4355 ipsam
1521 4273 1567 4336 sic
1591 4278 1767 4355 vacantem,

250 4378 319 4443 tibi
344 4377 485 4440 debitam
508 4396 545 4441 ac
568 4378 608 4441 ad
632 4379 837 4442 collacionem
860 4377 937 4442 dicti
960 4377 1114 4459 prepositi
1138 4376 1361 4457 pertinentem,
1394 4377 1544 4457 ignorans
1574 4377 1767 4440 reservacio-

251 4497 334 4546 nem
358 4486 393 4544 et
416 4481 578 4545 decretum
612 4483 765 4563 predicta,
801 4483 975 4563 acceptasti
1010 4482 1130 4561 tibique
1162 4481 1200 4542 de
1224 4480 1280 4542 illa
1302 4480 1464 4560 provideri
1487 4480 1592 4544 fecisti
1616 4481 1695 4544 alias
1718 4499 1768 4543 ca-

253 4585 376 4651 nonice
398 4583 563 4666 ipsamque
586 4590 702 4648 extunc
733 4586 867 4650 tenuisti
890 4591 924 4649 et
946 4585 1127 4666 possedisti.
1168 4584 1233 4647 Nos
1256 4585 1354 4665 igitur
1377 4585 1590 4665 attendentes
1613 4585 1697 4664 quod
1720 4603 1768 4647 ac-

255 4688 406 4771 ceptatio
430 4692 465 4751 et
486 4690 624 4770 provisio
649 4690 792 4771 predicte
815 4696 849 4754 et
871 4706 1057 4769 quecunque
1081 4688 1154 4752 inde
1185 4694 1295 4751 secuta
1329 4688 1448 4752 viribus
1483 4708 1545 4753 non
1581 4689 1769 4768 subsistunt,

258 4790 410 4873 quodque
433 4790 540 4855 nullus
564 4794 603 4856 de
627 4793 712 4856 dicta
735 4794 853 4857 vicaria
874 4794 933 4856 hac
957 4794 1024 4856 vice
1048 4797 1157 4873 preter
1179 4809 1236 4856 nos
1260 4791 1428 4872 disponere
1459 4793 1564 4873 potuit
1587 4811 1690 4872 neque
1714 4811 1767 4873 po-

260 4902 330 4960 test
351 4896 575 4960 reservatione
599 4904 633 4959 et
656 4897 785 4962 decreto
809 4896 1038 4962 obsistentibus
1061 4895 1261 4977 supradictis,
1286 4915 1322 4959 oc
1345 4896 1490 4960 volentes
1514 4897 1649 4960 tibi...
1670 4947 1677 4959 .
1700 4916 1768 4977 gra-

263 5000 344 5064 ciam
360 4998 467 5065 facere
484 5001 664 5083 specialem,
688 5002 864 5083 predictam
880 5001 1028 5064 vicariam
1045 5000 1089 5063 sic
1113 5006 1276 5063 vacantem
1297 5053 1303 5066 ,
1323 5051 1330 5063 .
1351 5051 1357 5062 .
1380 5001 1574 5081 apostolica
1590 5001 1648 5064 tibi
1665 5006 1769 5064 aucto-

265 5104 360 5168 ritate
385 5103 577 5168 conferimus
600 5111 634 5169 et
657 5106 696 5169 de
719 5106 776 5168 illa
798 5105 898 5168 eciam
921 5104 1149 5185 providemus.
1170 5155 1176 5166 .
1197 5152 1204 5166 .
1225 5153 1241 5184 .,
1266 5122 1329 5168 non
1353 5105 1552 5168 obstantibus
1572 5156 1577 5166 .
1598 5154 1603 5166 .
1624 5154 1630 5166 .
1651 5154 1668 5185 .,
1686 5104 1770 5183 quod

267 5208 423 5288 quandam
445 5207 639 5289 prebendam
663 5208 696 5271 in
720 5208 855 5272 ecclesia
879 5226 902 5271 s.
927 5207 1055 5289 Georgii
1079 5209 1110 5270 in
1135 5216 1238 5271 castro
1263 5208 1415 5288 Pragensi
1439 5209 1579 5272 nosceris
1614 5209 1769 5271 obtinere.

266 5311 419 5377 Volumus
443 5317 559 5392 autern,
582 5312 674 5392 quod,
699 5312 1006 5393 quamprimum...
1027 5364 1034 5376 .
1058 5312 1174 5376 dictam
1207 5311 1355 5374 vicariam
1389 5311 1487 5374 fureris
1521 5310 1650 5392 pacifice
1686 5328 1770 5374 asse·
