3944 6060
685 403 750 452 teas
769 396 937 468 Septembris
957 400 997 449 17.
1020 425 1046 435 -
1068 395 1234 465 Septembris
1253 401 1296 450 aa.
1680 396 1740 458 199

231 611 323 676 485.
346 609 544 673 Innocentius
576 607 623 670 VI
642 605 754 673 carolo
777 603 962 688 imperatori
984 607 1201 670 Rornanorum
1225 624 1257 668 se
1280 608 1412 669 eecnsot
1434 603 1472 668 de
1507 602 1661 684 tempato
1694 623 1742 666 re-

232 715 395 778 stitutione
416 711 607 785 litterarnnn,
637 710 748 794 qnibns
772 706 905 773 Carolus
927 711 963 771 in
985 709 1146 772 exactione
1169 708 1341 773 denariis.
1365 709 1456 772 Petri
1477 707 1512 771 in
1534 705 1613 770 dioc.
1636 705 1741 769 Vroti-

232 817 386 882 slooienm
406 814 553 880 ecdesiee
575 817 738 879 Romanae
761 812 918 876 onmtinm
939 811 1096 895 pranisit,
1117 818 1146 876 et
1169 812 1207 877 de
1230 833 1291 877 non
1306 817 1406 892 foeta
1423 810 1619 895 promotione
1644 809 1742 873 Theo·

479 919 579 983 dorici
600 918 738 1000 episcopi
760 916 936 981 Montensis
960 916 1004 981 od
1026 915 1191 981 ecetesiam
1215 915 1493 980 Constantienscm.

1135 1054 1299 1132 Arinione,
1322 1055 1409 1118 1356
1431 1052 1621 1136 Septembris
1644 1054 1695 1117 25.

367 1229 539 1294 Carissimo
563 1228 596 1292 in
619 1227 747 1292 Christo
769 1225 835 1290 filio
859 1226 972 1292 Carolo
996 1228 1217 1292 Romanorum
1238 1226 1423 1309 imperatori
1446 1245 1572 1309 semper
1607 1230 1743 1306 augusto

234 1335 370 1400 salutem
394 1339 455 1397 etc.
480 1332 676 1412 Quamquam
700 1333 728 1395 d.
750 1331 770 1395 f.
795 1331 910 1396 nobilis
933 1331 982 1394 vir
1005 1330 1209 1396 Burchardus
1233 1349 1338 1396 comes
1361 1338 1395 1395 et
1417 1330 1627 1413 purchravios
1654 1328 1742 1409 Mag·

234 1437 453 1520 deburgensis,
478 1436 611 1499 nuncius
634 1442 718 1515 tuus,
742 1436 825 1500 lator
846 1433 1056 1517 presencium,
1080 1452 1173 1514 quem
1196 1441 1231 1498 et
1252 1435 1365 1499 literas
1388 1442 1460 1499 tuas
1483 1452 1541 1515 per
1564 1452 1636 1497 eum
1653 1430 1743 1496 nobis

234 1542 394 1607 exhibitas
418 1540 687 1622 corrtemplacicne
711 1546 767 1603 tua
789 1546 824 1603 et
846 1539 947 1621 ipsius
970 1540 1101 1620 insuper
1123 1539 1276 1604 bonitatis
1299 1540 1430 1603 obtentu
1447 1538 1583 1619 henigne
1606 1535 1745 1618 placide·

234 1665 294 1729 que
318 1646 508 1727 recepimus
533 1651 566 1708 et
589 1644 643 1724 qui
666 1645 834 1710 commissa
856 1662 914 1725 per
937 1650 969 1707 te
986 1644 1047 1707 sibi
1063 1645 1196 1725 negocia
1211 1645 1295 1726 apud
1311 1661 1369 1707 nos
1392 1662 1461 1706 cnm
1486 1641 1569 1705 onrni
1586 1640 1744 1722 gravitate

234 1757 330 1830 atque
355 1748 512 1814 modestia
535 1748 678 1813 studiose
701 1747 762 1811 fuit
786 1767 821 1812 ac
845 1747 969 1813 solicite
992 1753 1190 1828 prosecutus,
1226 1747 1266 1810 ad
1289 1752 1322 1811 te
1347 1747 1386 1810 de
1410 1746 1610 1827 heneplacito
1634 1748 1743 1808 nostro

233 1873 272 1919 se*
291 1853 445 1929 referens,
470 1870 516 1934 ea,
540 1871 600 1933 que
623 1853 657 1916 in
680 1851 860 1916 huiusmodi
884 1851 1024 1933 negociis
1048 1856 1120 1915 acta
1143 1858 1225 1933 sunt,
1249 1857 1282 1916 et
1304 1856 1444 1915 nostram
1461 1850 1545 1915 circa
1569 1855 1602 1913 te
1625 1854 1743 1927 tuaque

234 1958 366 2039 negocia
389 1957 451 2019 iam
475 1961 570 2019 antea
593 1962 699 2020 notam
722 1956 782 2020 tihi
806 1953 1010 2020 affeccionem
1033 1955 1200 2034 sinceram,
1234 1973 1294 2035 que
1330 1973 1400 2017 cum
1433 1955 1629 2018 incremento
1663 1957 1744 2016 tem·

233 2061 320 2143 poris
343 2061 542 2124 incrementa
565 2060 707 2141 suscepit
729 2067 763 2123 et
786 2059 921 2141 suscipit
944 2077 980 2122 ac
1003 2059 1036 2122 in
1060 2063 1229 2140 augmento
1253 2058 1302 2121 sui
1326 2058 1474 2122 continue
1498 2062 1678 2137 renovatur,
1701 2053 1744 2117 sit

233 2163 446 2246 magnitudini
469 2170 523 2227 tue
547 2161 636 2227 fideli
659 2180 804 2228 sermone
828 2162 953 2245 plenius
976 2163 1147 2244 relaturus,
1169 2168 1205 2226 ut
1229 2168 1335 2226 tamen
1355 2180 1412 2226 nos
1429 2179 1553 2242 quoque
1569 2160 1632 2223 hiis
1648 2175 1745 2240 super

234 2268 354 2348 aliquid
377 2266 592 2349 perfunctorie
616 2267 842 2345 describamus,
867 2267 948 2330 scire
973 2273 1005 2331 te
1029 2266 1170 2347 facimus,
1195 2268 1288 2349 quod,
1321 2267 1394 2330 dum
1430 2266 1513 2330 idem
1547 2281 1651 2329 comes
1686 2280 1744 2345 pro

233 2379 324 2455 parte
349 2379 404 2436 tua
427 2376 554 2453 peteret
577 2371 637 2434 sihi
661 2372 789 2436 restitui
812 2390 870 2453 per
892 2389 949 2436 uos
973 2370 1124 2451 quasdam
1150 2371 1275 2435 litteras
1299 2388 1356 2451 per
1378 2375 1411 2434 te
1435 2370 1509 2434 olim
1532 2370 1673 2433 Romane
1695 2383 1744 2429 ec·

234 2477 331 2542 clesie
355 2475 449 2539 matri
472 2481 527 2538 tue
551 2473 640 2538 filiali
663 2474 834 2540 devocione
858 2492 1034 2552 concessas,
1058 2492 1116 2556 per
1139 2493 1217 2555 quas
1240 2480 1295 2539 tuo
1319 2480 1353 2537 et
1376 2491 1594 2538 successorum
1616 2477 1744 2535 tuorum

235 2598 343 2661 regum
367 2577 498 2642 Boemie
521 2579 647 2642 nomine
677 2579 761 2641 inter
785 2578 848 2640 alia
871 2578 1045 2659 promisisti
1068 2578 1173 2643 eidem
1196 2578 1342 2661 ecclesie,
1378 2578 1461 2657 quod
1484 2584 1520 2641 tu
1544 2582 1578 2639 et
1599 2575 1648 2638 illi
1670 2590 1742 2655 pre-

236 2683 367 2748 staretis
405 2699 496 2746 omne
534 2681 686 2745 auxilium
727 2688 761 2746 et
797 2681 937 2746 favorem
960 2682 1022 2764 ipsi
1045 2682 1181 2746 ecclesie
1205 2701 1241 2746 ac
1263 2682 1387 2746 nunciis
1411 2682 1480 2745 eius
1511 2682 1544 2745 in
1575 2679 1744 2743 exaccione

237 2794 306 2868 ευ)
332 2785 540 2869 percepcione
566 2803 690 2865 census,
721 2786 774 2867 qui
799 2785 916 2851 dicitur
950 2786 1099 2850 denarius
1134 2803 1161 2850 s.
1195 2786 1283 2850 Petri
1307 2805 1343 2850 ac
1367 2786 1499 2851 aliorum
1523 2785 1648 2866 iurium,
1683 2799 1744 2862 que

239 2893 306 2974 ipsa
330 2891 466 2955 ecclesia
489 2891 521 2952 in
545 2890 674 2953 civitate
699 2897 733 2953 et
767 2891 846 2955 dioc.
871 2889 1129 2954 Wratislauiensi
1159 2890 1323 2972 percipere
1355 2890 1520 2955 consuevit
1543 2895 1576 2952 et
1599 2886 1745 2970 percipit,

239 3001 271 3059 et
292 2995 377 3076 quod
400 2994 472 3075 ipsa
494 2994 564 3057 iura
586 2993 734 3075 potencie
757 2994 844 3076 regie
868 2994 1008 3076 presidio
1033 2993 1218 3058 defensares
1254 2995 1406 3058 adversus
1440 2993 1646 3059 insolenciam
1680 3011 1744 3056 ma·

239 3099 402 3181 lignorum,
426 3115 492 3178 nos,
517 3099 659 3177 quamvis
682 3115 721 3161 ex
737 3098 895 3180 peticione
918 3097 1099 3162 huiusmodi
1115 3098 1310 3172 miraremur,
1335 3104 1441 3162 tamen
1458 3098 1540 3162 votis
1556 3096 1630 3178 tuis,
1647 3114 1745 3176 quan-

238 3209 302 3266 tum
326 3218 493 3283 possemus
516 3219 586 3264 cum
610 3202 679 3283 deo,
713 3202 753 3265 ad
787 3219 879 3282 quem
916 3201 1004 3265 velut
1037 3201 1187 3284 princeps
1221 3201 1396 3266 catholicus
1426 3220 1466 3265 ea
1500 3200 1604 3266 omnia
1627 3197 1748 3280 dirigis,

241 3322 380 3370 annuere
405 3305 547 3387 paternis
571 3304 738 3369 affectibus
761 3305 937 3386 cupientes,
972 3306 1208 3371 venerabilibus
1232 3306 1383 3370 fratribus
1413 3307 1532 3370 nostris
1556 3323 1580 3367 s.
1606 3305 1746 3368 Romane

239 3410 371 3474 ecclesie
396 3409 609 3473 cardinalibus
633 3415 667 3472 et
689 3409 801 3474 eodem
825 3410 939 3474 comite
963 3410 1166 3491 presentibus
1190 3429 1294 3474 caram
1315 3411 1406 3474 nobis
1422 3408 1601 3473 huiusmodi
1618 3408 1745 3472 litteras

238 3514 298 3596 legi
321 3512 454 3577 fecimus
476 3512 732 3594 intelligibiliter,
757 3513 960 3578 audientibus
983 3514 1127 3578 omnibus
1150 3520 1184 3579 et
1206 3515 1330 3580 demum
1363 3515 1465 3596 petito
1488 3532 1507 3576 a
1530 3511 1744 3576 cardinalibus
1834 3514 1837 3520 ’

239 3617 357 3681 eisdem
381 3615 522 3695 consilio,
547 3616 685 3697 qualiter
707 3617 860 3698 peticioni
883 3623 938 3681 tue
961 3635 1058 3699 snper
1073 3617 1132 3682 hoc
1148 3635 1288 3682 annuere
1305 3619 1374 3682 sine
1389 3635 1532 3682 remorsu
1548 3614 1745 3681 consciencie

239 3727 271 3785 et
293 3721 346 3785 dei
370 3718 546 3785 offensione
570 3737 745 3802 possemus,
768 3721 870 3785 visum
894 3727 945 3785 est
968 3722 1176 3787 communiter
1199 3723 1352 3803 omnibus,
1383 3724 1465 3802 quod
1488 3719 1669 3785 huiusmodi
1691 3718 1744 3782 lit-

239 3830 316 3904 tere,
339 3841 401 3904 que
424 3823 585 3888 favoribus
608 3824 709 3905 ipsius
732 3824 867 3889 ecclesie
890 3825 1022 3888 multum
1054 3825 1204 3906 adiciunt,
1239 3832 1273 3890 et
1306 3844 1364 3909 per
1398 3844 1476 3906 quas
1510 3825 1575 3889 tuis
1597 3824 1631 3887 iu
1654 3822 1742 3886 nullo

239 3928 359 3992 iuribus
383 3927 564 4009 derogatur,
589 3929 750 3992 dehebant
772 3935 806 3992 et
829 3935 978 4010 poterant
999 3929 1068 3994 sine
1092 3930 1189 3994 animi
1204 3930 1251 3994 tui
1267 3930 1415 3995 molestia
1430 3929 1572 4010 retineri,
1595 3926 1742 4009 quoniam

241 4032 369 4096 indubie
392 4028 530 4107 tenetur,
556 4030 688 4096 tirmiter
711 4033 860 4113 creditur,
894 4034 987 4113 quod,
1022 4033 1050 4096 si
1072 4052 1112 4097 ex
1135 4034 1346 4098 diuturnitate
1377 4034 1529 4116 temporis
1560 4031 1679 4112 aliquid
1702 4031 1742 4094 de

240 4141 349 4200 tenore
372 4134 552 4198 litterarum
574 4136 714 4217 ipsarum
737 4136 853 4201 oblivio
877 4137 936 4201 tibi
960 4138 1123 4219 surripuit,
1147 4157 1183 4201 ac
1206 4155 1264 4219 per
1286 4139 1345 4202 hoc
1368 4157 1476 4201 aarum
1500 4143 1588 4201 esset
1611 4135 1670 4200 tihi
1693 4151 1742 4197 re·

240 4239 343 4303 tencio
367 4238 501 4303 forsitan
524 4239 627 4303 minus
651 4247 751 4322 grata,
775 4241 900 4306 illarum
923 4243 1068 4324 inspecto
1091 4249 1213 4322 tenore,
1238 4243 1386 4323 quicquid
1409 4244 1513 4306 minus
1536 4259 1629 4320 quam
1660 4258 1742 4303 com-

241 4341 402 4422 placencie
425 4341 558 4422 proinde
582 4343 640 4407 tibi
663 4352 760 4425 esset,
783 4345 868 4410 illico
892 4346 1064 4428 deleretur,
1089 4365 1158 4410 cum
1182 4354 1298 4411 extunc
1325 4349 1456 4412 devocio
1484 4355 1617 4410 tuanen
1635 4344 1743 4407 decre·

241 4446 321 4509 verit
344 4445 402 4508 sed
426 4451 518 4508 aucta
541 4447 584 4510 sit
606 4465 682 4528 erga
704 4449 806 4530 ipsam
829 4450 1006 4528 ecclesiam,
1030 4451 1119 4514 cuius
1143 4451 1242 4514 eciam
1266 4469 1343 4532 erga
1365 4458 1397 4514 te
1422 4451 1538 4514 caritas
1563 4447 1742 4511 indesinen-

241 4554 289 4614 ter
311 4549 477 4631 excrescit,
513 4550 692 4615 huiusmodi
715 4571 790 4634 ergo
814 4554 991 4618 litterarum
1026 4556 1146 4636 copiam
1181 4556 1238 4620 tihi
1272 4554 1517 4618 transmittimus
1540 4550 1743 4633 presentibus

240 4652 455 4735 interclusam,
478 4658 513 4717 ut
536 4673 645 4719 earum
668 4657 751 4720 serie
774 4658 807 4721 in
831 4659 1119 4724 consideracionem
1143 4660 1289 4741 adducta,
1313 4659 1429 4722 mentis
1452 4664 1561 4721 nostre
1583 4655 1687 4719 zelum
1710 4654 1743 4717 in

242 4774 348 4821 eanum
371 4758 554 4823 retencione
578 4766 699 4824 rectum
723 4762 841 4841 absque
866 4762 950 4827 omni
979 4762 1168 4842 obliquitate
1202 4780 1381 4845 cognoscas.
1428 4761 1531 4843 Super
1562 4759 1743 4842 provisione

242 4879 313 4925 vero
336 4861 472 4925 ecclesie
498 4861 755 4928 Constanciensis
779 4865 818 4929 de
841 4883 977 4945 persona
999 4883 1068 4928 ven.
1093 4866 1130 4930 fr.
1155 4868 1255 4931 nostri
1278 4867 1464 4933 Theoderici
1496 4864 1637 4947 episcopi
1661 4862 1742 4926 Miu-

244 4963 347 5028 densis
370 4964 516 5029 facienda
540 4966 768 5048 rescripsimus
793 4975 827 5032 et
849 4987 918 5032 ven.
941 4969 978 5033 fr.
1003 4976 1112 5034 noster
1146 4971 1249 5036 Guido
1273 4972 1442 5054 episcopus
1475 4968 1660 5035 Portuensis
1694 4984 1742 5030 re-

244 5069 369 5151 scripsit
391 5070 431 5133 de
455 5071 653 5136 consciencia
675 5080 784 5137 nostra
807 5074 876 5155 tibi,
900 5075 983 5154 quod
1006 5074 1083 5138 licet
1105 5075 1205 5156 ipsius
1229 5077 1369 5158 episcopi
1394 5075 1570 5139 blindansis
1600 5070 1742 5136 conside-

244 5172 366 5237 racione
390 5180 447 5237 tua
469 5180 503 5237 et
526 5192 564 5238 ex
589 5174 770 5257 affecoione,
804 5195 897 5256 quam
922 5177 1073 5242 hahemus
1096 5178 1135 5242 ad
1160 5198 1240 5260 eum,
1273 5179 1424 5244 honorem
1458 5178 1676 5243 desideremus
1710 5177 1744 5237 et

244 5280 367 5371 statum,
391 5284 507 5359 tamen,
530 5278 641 5343 habita
663 5298 760 5362 super
790 5280 969 5362 provisione
1003 5282 1184 5348 huiusmodi
1218 5284 1452 5348 consultatione
1487 5302 1555 5346 cum
1593 5280 1743 5343 fratribus
