3990 6052
850 422 916 477 1852
935 417 1094 476 Decembris
1113 421 1154 474 sd.
1731 421 1752 485 3

247 633 422 699 straciones
445 639 479 697 et
502 631 605 698 cilicia
635 638 670 697 ot
693 631 756 697 alia
778 651 964 714 quecunque
989 632 1142 697 beneficia
1166 631 1384 696 ecclesiastica
1416 649 1485 695 curu
1510 649 1585 694 cura
1609 630 1657 694 vel
1682 629 1751 693 sine

247 757 331 820 cura,
362 756 423 819 qne
446 738 590 820 predicto
621 738 732 803 ultimo
756 738 891 801 durante
921 738 1048 802 biennio
1078 755 1117 800 ex
1141 756 1236 801 carisa
1258 737 1507 819 permutaciouis
1539 754 1596 817 per
1618 738 1753 801 eundern

245 843 503 925 predecessorem
528 844 725 908 Clementem
745 844 796 907 vel
813 843 1005 907 anctoritate
1030 861 1088 906 sua
1110 842 1254 906 faciende
1280 843 1319 906 de
1342 843 1407 906 illis
1431 848 1589 923 vacarent,
1613 849 1669 907 aut
1691 861 1752 923 que

244 965 302 1028 per
324 965 396 1012 euru
420 948 515 1012 alicui
539 949 589 1012 vel
613 947 783 1029 aliquibus,
815 954 851 1012 ut
875 949 906 1011 in
930 947 994 1011 illis
1018 965 1182 1011 remanere
1215 947 1357 1011 securius
1390 925 1542 1020 vaierent,
1575 944 1753 1011 confirmari

245 1053 453 1136 contingeret,
489 1054 556 1118 sive
588 1053 850 1135 qualitercunque
882 1071 940 1134 per
970 1053 1095 1118 modum
1130 1051 1379 1118 confirmacionis
1413 1056 1461 1119 vel
1495 1054 1574 1119 alias
1608 1055 1659 1119 ius
1692 1073 1751 1138 per

247 1157 359 1222 literas
394 1158 470 1223 dicti
502 1159 740 1241 predecessoris
772 1158 947 1223 Clementis
981 1159 1029 1221 eis
1060 1157 1255 1220 tribueretur
1284 1160 1316 1223 in
1350 1160 1424 1241 illis,
1458 1179 1513 1224 seu
1549 1180 1609 1242 qne
1644 1161 1752 1242 vigore

245 1281 502 1344 quarumcunque
536 1264 697 1347 unionum,
732 1264 771 1327 de
804 1263 868 1327 illis
903 1262 1066 1343 quibusvis
1100 1262 1253 1345 ecclesiis,
1287 1265 1500 1346 monasteriis,
1531 1266 1751 1348 dignitatibus.

245 1366 478 1449 personatibus,
502 1367 624 1451 officiis,
648 1368 821 1449 prebendis
838 1374 893 1432 aut
908 1369 1083 1447 cuicunque
1107 1367 1176 1433 loco
1200 1367 1250 1431 vel
1267 1370 1413 1451 religioni
1428 1372 1582 1436 factarum
1598 1372 1753 1438 hacteuus

246 1477 281 1535 ct
317 1477 432 1535 extunc
467 1471 692 1554 faciendarum,
725 1491 794 1537 curu
818 1491 876 1555 per
898 1491 1022 1537 cessum
1053 1474 1103 1538 vel
1137 1475 1300 1539 decessum
1333 1478 1481 1558 ipsorum,
1512 1476 1566 1558 qui
1600 1476 1753 1541 beneficia

246 1576 337 1640 unita
351 1575 531 1642 huiusmodi
547 1577 739 1659 obtinerent,
753 1577 874 1641 eisdem
887 1577 1040 1660 ecclesiis,
1053 1580 1265 1662 monasteriis
1283 1581 1501 1662 dignitatibus,
1518 1581 1750 1664 personatibus,

244 1681 366 1761 officiis,
389 1683 562 1764 prebendis
585 1689 642 1747 aut
663 1683 733 1748 loco
757 1683 807 1748 vel
832 1681 979 1764 religioni
1003 1683 1152 1749 devenire
1178 1684 1260 1748 infra
1283 1685 1385 1751 dictos
1405 1685 1533 1749 ultimos
1549 1685 1628 1750 duos
1651 1703 1751 1750 annos

244 1786 453 1867 contingeret,
487 1790 545 1852 sub
579 1788 802 1853 reservacioue
836 1792 870 1852 et
901 1787 1117 1871 applicncione
1151 1789 1305 1870 predictis
1339 1789 1685 1871 comprehenderentur
1718 1797 1752 1856 et

244 1890 485 1956 includerentur
507 1893 618 1974 ruodis,
641 1892 750 1957 somnis
774 1899 808 1957 et
831 1893 1077 1964 condicionibus.
1103 1895 1156 1974 qui
1181 1895 1220 1958 de
1237 1895 1309 1959 aliis
1324 1896 1490 1961 beneficiis
1507 1896 1654 1978 superius
1678 1902 1752 1960 suut

244 1995 396 2078 expressi.
411 1996 454 2060 lec
465 1997 591 2075 deiude,
605 2016 674 2062 cum
687 1997 867 2063 huiusmodi
878 2018 975 2062 onera
988 2019 1048 2063 uou
1064 1999 1220 2064 diminuta
1233 2001 1290 2065 sed
1303 2008 1396 2066 aucta
1408 2003 1518 2084 pocius
1534 2006 1751 2078 noscerentur,

245 2099 402 2184 Clemens
426 2103 636 2185 predecessor
658 2103 753 2184 idem,
777 2104 1040 2185 reservacioueru,
1071 2105 1318 2187 applicacioueur
1343 2112 1377 2170 et
1400 2106 1614 2170 adieccionem
1639 2123 1675 2169 ec
1699 2123 1752 2170 vo·

245 2205 401 2269 luntatem
424 2207 585 2289 predictas
608 2210 666 2273 sub
689 2208 802 2282 modis,
833 2208 951 2290 formis,
982 2209 1218 2275 condicionibus
1241 2216 1275 2274 et
1298 2211 1557 2293 expressionibus
1581 2210 1751 2275 antedictis

245 2325 344 2390 nsque
377 2309 417 2375 ad
441 2310 521 2376 alios
551 2313 631 2379 duos
654 2331 754 2378 annos
778 2333 797 2377 a
819 2311 881 2377 fine
905 2313 982 2378 dicti
1007 2313 1110 2377 ultimi
1141 2313 1261 2378 biennii
1285 2320 1319 2379 et
1342 2313 1459 2379 deinde
1483 2332 1584 2396 usque
1607 2316 1648 2378 ad
1671 2314 1751 2380 alios

245 2416 323 2480 duos
347 2433 455 2499 annor,
488 2435 507 2480 a
536 2413 598 2480 line
622 2416 778 2482 dictorum
802 2418 935 2482 duorum
958 2417 1091 2483 aliorum
1123 2419 1305 2483 ultimorum
1332 2437 1483 2484 annornm
1515 2419 1751 2502 computandos,

245 2519 435 2585 auctoritate
468 2521 614 2603 predicta
645 2521 791 2587 extendit
821 2541 857 2586 ac
888 2523 988 2587 eciam
1019 2523 1240 2605 prorogavit,³)
1271 2529 1305 2587 et
1328 2542 1367 2587 ue
1392 2523 1431 2587 de
1455 2524 1609 2607 ecclesiis,
1636 2525 1750 2606 quibus

245 2623 427 2707 dignitates,
458 2631 657 2708 personatus,
687 2624 791 2691 oificin
813 2633 847 2690 et
870 2626 933 2690 alia
956 2627 1175 2692 ecclesiastice
1204 2624 1359 2691 beneficia
1389 2626 1569 2691 huiusmodi
1604 2627 1750 2693 ecclesiis

245 2726 324 2810 ipsis
346 2728 436 2794 uuita
470 2729 670 2812 contingeret
704 2731 863 2813 devenire,
897 2730 1013 2813 ambigi
1043 2730 1125 2796 forte
1152 2741 1272 2814 posset,
1306 2732 1364 2795 sub
1394 2730 1574 2797 huiusmodi
1605 2732 1750 2797 ecclesiis

244 2832 483 2914 patriarchales,
499 2834 770 2917 metropolitanae,
788 2834 987 2901 cathedrales
1009 2843 1064 2900 aut
1087 2835 1167 2900 alias
1190 2853 1392 2917 quascunque
1415 2836 1568 2900 ecclesias
1591 2837 1691 2902 voluit
1714 2855 1750 2901 ac

245 2936 419 3003 declaravit
441 2939 541 3005 eciam
559 2939 792 3021 comprehendi.
817 2941 861 3004 Et
876 2941 959 3021 qaia,
983 2942 1067 3005 sicut
1082 2941 1186 3005 dictus
1201 2940 1410 3023 predecessor
1426 2939 1573 3005 Clemens
1594 2940 1749 3023 audierat,

244 3059 320 3124 sepe
344 3043 581 3127 contingeres),
602 3045 695 3126 quod,
718 3045 791 3109 dum
816 3065 940 3110 camera
969 3048 1040 3129 ipsa
1063 3052 1185 3128 partem
1208 3044 1376 3128 fructuum,
1409 3045 1589 3110 reddituum
1621 3051 1655 3110 et
1677 3063 1748 3128 pro·
1841 3069 1845 3074 ·

245 3153 393 3213 ventuum
426 3148 647 3215 beneficiorum
678 3149 858 3215 huiusmodi
890 3150 922 3215 in
946 3152 1108 3216 solucione
1132 3150 1253 3215 decime
1277 3156 1456 3215 taxatorum
1484 3150 1577 3215 unius
1601 3150 1684 3228 anni,
1715 3150 1749 3215 in

244 3269 306 3330 qua
340 3259 415 3316 sunt
444 3253 477 3317 in
507 3251 688 3319 huiusmodi
719 3253 841 3318 decime
872 3255 1033 3319 solucione
1066 3259 1185 3337 taxata,
1216 3260 1392 3336 receperat,
1422 3254 1549 3320 residuo
1580 3253 1748 3337 fructuum,

244 3354 425 3421 reddituum
448 3362 483 3421 et
504 3363 714 3440 proventuum
733 3357 958 3423 beneficiorum
975 3359 1115 3441 ipsorum
1130 3358 1187 3423 illa
1202 3358 1419 3424 obtinentibus
1435 3362 1629 3439 remanente,
1652 3357 1748 3422 iidem

244 3458 433 3542 obtinentes,
457 3478 654 3542 nequaquam
686 3463 726 3527 de
748 3470 933 3527 remanente
965 3464 1044 3545 ipsis
1067 3463 1280 3545 predictorum
1311 3462 1478 3536 fructuum,
1511 3463 1692 3527 reddituum
1715 3468 1749 3528 et

244 3571 454 3645 proventuum
465 3566 614 3648 porcione
627 3567 779 3650 conteuti,
791 3567 971 3632 huiusmodi
988 3567 1118 3649 fructus,
1131 3568 1274 3632 redditus
1291 3573 1324 3631 et
1339 3571 1510 3649 proventus
1524 3564 1748 3632 beneficiorum

243 3666 383 3749 ipsorum
405 3668 538 3752 ipsaque
557 3670 715 3736 beneficia
737 3691 794 3754 pro
816 3672 995 3737 huiusmodi
1020 3673 1119 3754 primo
1144 3690 1225 3737 nuno
1241 3672 1386 3737 totaliter
1415 3671 1602 3735 dimiserant
1624 3689 1747 3736 camere

243 3778 426 3856 memorate,
450 3774 534 3839 unde
558 3773 662 3854 tiebat,
687 3776 779 3856 quod,
804 3777 877 3840 ‹luur
894 3795 1018 3840 camera
1040 3777 1110 3858 ipsa
1125 3794 1181 3840 seu
1199 3776 1385 3840 collectores
1401 3776 1556 3839 dictorum
1579 3774 1747 3852 fructuum,

244 3876 424 3943 reddituum
447 3884 482 3942 et
504 3885 713 3961 proventuum
743 3900 800 3961 pro
824 3880 945 3961 eadem,
977 3881 1120 3962 pluribus
1143 3886 1177 3944 et
1200 3879 1335 3944 «liversis
1359 3878 1499 3960 negociis
1523 3879 1677 3960 occupati,
1703 3879 1743 3943 ad

244 3979 422 4048 iaciendum
446 3981 609 4048 beneficiis
631 3984 712 4066 ipsis
736 3985 767 4047 iu
791 3984 907 4049 divinis
931 3983 1043 4049 officiis
1066 3985 1276 4050 deserviriet
1300 3983 1473 4047 animarum
1504 4001 1610 4047 curam
1635 3982 1667 4046 in
1690 3983 1747 4060 eis,

245 4085 358 4166 quibus
387 4086 444 4151 illa
472 4086 667 4170 imminebat,
697 4089 839 4154 exerceri
871 4089 1000 4155 comode
1032 4089 1205 4171 nequibant
1228 4088 1405 4164 intendere,
1432 4094 1466 4152 et
1487 4087 1544 4151 illa
1566 4087 1747 4153 obtinentes

244 4209 307 4256 nou
328 4191 482 4256 curabant
503 4189 716 4257 intromittere
740 4212 774 4258 se
799 4194 838 4257 de
855 4193 920 4276 illu,
945 4194 1099 4258 beneficia
1114 4194 1185 4277 ipsa
1200 4193 1317 4257 debitis
1333 4191 1561 4256 fraudabantur
1576 4191 1746 4274 obsequiis,

244 4300 278 4359 et
301 4295 475 4359 animarum
499 4313 574 4360 cura
597 4296 819 4378 negligebatur
849 4299 880 4362 iu
913 4298 971 4380 eis,
1006 4299 1119 4380 quibus
1142 4299 1207 4376 illa,
1242 4305 1278 4362 ut
1308 4296 1513 4378 premittitur,
1550 4295 1745 4380 imminebat,

246 4398 333 4463 nulla
366 4397 569 4481 hospitalitas
600 4402 794 4483 servabatur,
825 4407 858 4465 et
888 4403 970 4466 bona
1000 4401 1248 4484 dirripiebautur
1277 4419 1395 4474 eorum,
1426 4400 1510 4465 idern
1540 4400 1748 4481 predecessor

246 4500 392 4567 Clemens
414 4501 582 4585 providere
605 4503 786 4584 superbiis
810 4505 988 4588 intendens,
1012 4505 1113 4570 voluit
1135 4511 1169 4570 et
1192 4505 1358 4585 ordinavit,
1381 4504 1463 4585 quod
1487 4503 1598 4568 eadem
1623 4521 1747 4568 camera

245 4624 301 4687 pro
324 4612 415 4688 parte
438 4606 538 4689 ipsam
561 4607 765 4689 contingente
789 4610 828 4674 de
851 4608 1014 4691 fructibus,
1038 4608 1215 4673 redditibus
1238 4615 1272 4671 et
1294 4607 1499 4690 proventibus
1522 4605 1745 4671 beneficiorum

247 4710 387 4792 ipsorum
409 4711 442 4776 iu
465 4712 646 4778 huiusmodi
669 4712 830 4778 solucione
854 4713 975 4778 decime
999 4719 1177 4779 taxatorum
1194 4730 1354 4792 summam,
1376 4712 1408 4774 in
1425 4730 1486 4792 qua
1501 4709 1655 4774 beneficia
1676 4711 1747 4793 ipsa

247 4817 278 4881 iu
302 4816 402 4900 ipsius
425 4816 547 4881 decime
570 4816 730 4882 solucione
754 4823 864 4882 taxata
886 4823 970 4896 suut,
995 4817 1138 4898 eligeret,
1163 4816 1290 4881 residuo
1306 4815 1486 4880 huiusmodi
1509 4814 1667 4879 fructuum
1690 4815 1747 4880 illa

246 4920 470 5003 obtinentibus,
503 4939 542 4984 ex
572 4939 633 5002 quo
663 4920 838 4985 sustentari
869 4925 903 4985 et
931 4921 1150 4986 incumbencia
1179 4921 1227 4984 eis
1258 4925 1445 5002 supportare
1480 4926 1611 5000 possent
1641 4937 1745 4996 onera,

246 5033 439 5108 remanente,
462 5025 574 5107 quibus
598 5025 698 5089 ecianr
721 5025 761 5088 ad
785 5024 968 5090 solvendum
994 5025 1173 5090 huiusmodi
1197 5043 1348 5089 summam
1372 5041 1429 5104 per
1452 5023 1639 5088 collectores
1663 5022 1744 5086 frue-

250 5135 347 5212 tuum,
368 5130 550 5196 reddituum
573 5137 606 5195 et
628 5134 836 5213 proventuum
856 5130 1036 5195 huiusmodi
1059 5129 1105 5193 sic
1127 5135 1345 5212 competentes
1369 5128 1520 5193 terminos
1544 5128 1644 5192 voluit
1667 5127 1744 5191 assi-

251 5235 348 5318 girari,
370 5235 453 5316 qnod
477 5234 554 5299 dicti
578 5234 760 5300 obtinentes
780 5236 820 5299 ad
836 5235 1021 5299 solvendum
1037 5234 1228 5315 sufficereut,
1251 5240 1285 5298 et
1300 5252 1355 5298 eos
1371 5240 1501 5315 propter
1523 5231 1744 5314 iurpoteuciaur

249 5339 424 5406 necessitas
447 5358 510 5405 uon
533 5338 739 5421 compelleret
761 5339 801 5402 ad
824 5338 894 5419 ipsa
917 5337 1069 5402 beneficia
1094 5338 1291 5402 dimittenda.
1330 5337 1373 5400 Et
1395 5336 1521 5418 deinde,
1545 5354 1614 5399 cum
1637 5335 1743 5399 buius-

1611 5454 1640 5505 1.
