3944 6060
229 441 294 512 254
797 448 801 453 ·
832 444 904 497 aaa
915 440 1066 497 morendi
1084 419 1156 496 tls

229 653 320 724 649.
342 652 481 720 'lleurico
502 650 541 717 do
563 651 777 736 ,Wyppcrw
803 650 955 719 mosomo
976 650 1160 719 monasterii
1175 651 1214 718 de
1229 647 1352 716 Corona
1373 648 1592 718 ottramnus
1614 644 1737 717 ordinis

232 757 403 840 stupebis
433 756 512 823 dioc
536 752 726 838 iadulpstur,
755 760 792 821 ut
814 754 975 844 confusor
996 755 1064 822 eins
1092 755 1127 822 iu
1148 753 1260 822 monis
1280 752 1417 822 outae
1440 753 1576 839 plerum
1597 750 1738 820 omniuo

226 865 427 946 pxcotomm
448 860 663 928 remissionem
692 860 906 928 circumdem
932 860 1047 944 possit.
1081 859 1266 947 ,Prooeait“
1294 856 1472 941 „Amadoco
1501 857 1567 924 VII
1584 856 1651 925 leot
1677 858 1737 925 Oe·

825 963 924 1030 tobris
944 985 976 1030 o.
1000 963 1136 1048 quinto.“

277 1103 394 1170 Gratis
410 1123 472 1186 pro
494 1103 559 1168 deo.
1127 1102 1291 1184 Asinum,
1314 1101 1400 1168 1357
1421 1095 1616 1185 Septembris
1637 1102 1694 1168 25·

361 1290 392 1346 R.
411 1294 460 1346 Ar.
481 1297 530 1347 136
549 1291 597 1346 sol.
616 1297 667 1346 ³9¹.

882 1466 1086 1481 u—-q—

232 1586 324 1689 660.
361 1618 495 1687 Carolus
530 1622 743 1685 Romanorum
774 1620 947 1704 imperator
978 1623 1119 1704 robatur,
1149 1625 1304 1703 quotenus
1336 1619 1524 1707 Philippum
1557 1584 1740 1707 epaseopuro

233 1723 491 1802 §caudiceosera
515 1723 704 1806 apostolicae
726 1724 812 1791 sodis
835 1726 985 1790 mucium
1007 1723 1136 1809 benique
1156 1725 1293 1810 recipiat
1306 1729 1337 1791 et
1351 1725 1512 1792 aredium
1534 1726 1564 1791 ei
1581 1730 1737 1811 praestet.

1194 1865 1359 1949 nantem,
1386 1867 1472 1931 reor
1494 1862 1640 1932 oetam
1665 1864 1696 1932 r.

363 2054 533 2121 Carissimo
556 2055 589 2119 in
620 2055 747 2122 Christo
770 2055 835 2122 filio
867 2055 979 2122 Oarolo
1002 2057 1187 2140 imperatori
1218 2057 1429 2124 Romanrorum
1451 2074 1579 2141 semper
1602 2063 1738 2141 augusto

233 2161 379 2227 salutem.
403 2160 548 2243 Quantis,
572 2158 618 2225 fili
641 2159 814 2240 carissime,
839 2169 1020 2244 sumptuum
1043 2179 1224 2243 premamur
1246 2161 1394 2227 oneribus
1423 2161 1617 2243 quantisque
1639 2180 1736 2246 nego·

233 2265 291 2330 ciis
312 2264 519 2347 implicemur,
544 2265 623 2329 sutis
646 2283 704 2346 per
726 2264 852 2329 litteras
876 2265 936 2349 [et]
959 2265 1090 2330 nunccios
1121 2270 1247 2330 nostros
1270 2264 1424 2331 hactenus
1447 2265 1657 2351 perpendisti,
1679 2284 1739 2333 nec

232 2387 315 2434 nunc
338 2368 422 2433 circa
444 2368 477 2434 id
500 2368 587 2434 aliud
610 2369 811 2434 scribendum
834 2369 979 2448 vidimus,
1015 2369 1076 2434 nisi
1099 2369 1182 2451 quod
1205 2368 1386 2436 huiusmodi
1408 2377 1553 2453 sumptus
1576 2376 1738 2454 augentur

233 2472 371 2552 assidue,
393 2464 645 2555 multiplicantur
666 2473 798 2557 negocia
827 2479 862 2538 et
884 2473 1020 2540 ecclesie
1045 2475 1194 2556 Romane,
1225 2473 1275 2539 cui
1298 2475 1498 2557 presidemus
1532 2465 1738 2542 domino-“ao-

233 2581 314 2650 tore,
338 2575 486 2641 diminuti
516 2576 660 2642 redditus
683 2582 718 2642 et
739 2577 895 2642 exhauste
918 2584 997 2648 snnt
1022 2577 1192 2642 facultates
1222 2577 1311 2659 adeo,
1334 2583 1371 2643 ut
1393 2579 1433 2643 ad
1463 2577 1645 2644 huiusmodi
1666 2594 1740 2662 per·

233 2679 383 2746 ferendos
405 2685 550 2763 sumptus
573 2686 607 2745 et
630 2681 817 2763 explicando
841 2681 974 2764 negocia
996 2681 1087 2747 nobis
1110 2680 1230 2746 auxilio
1252 2687 1405 2747 consueta
1428 2700 1490 2749 non
1513 2686 1741 2767 suppetuntet

234 2783 521 2850 adinveniendum
544 2803 583 2849 ea
605 2787 752 2867 preclusa
781 2785 873 2851 nobis
895 2785 1014 2851 itinera
1035 2785 1178 2867 quelibet
1206 2786 1384 2851 videantur.
1408 2786 1545 2871 Propter
1565 2786 1661 2869 quod,
1684 2803 1740 2853 ox·

233 2895 336 2954 bema
365 2889 456 2971 quusi
488 2889 681 2955 necessitate
705 2891 868 2973 compulsi,
898 2909 955 2973 pro
979 2890 1156 2973 colligendo
1185 2890 1241 2955 illo
1272 2891 1396 2957 modico
1427 2889 1572 2958 subsidio
1601 2891 1739 2959 duarum

235 2993 359 3058 scilicet
380 2993 651 3076 procuracionum,
682 2995 765 3075 qood
795 3000 985 3078 procurante
1009 3000 1041 3060 te
1065 2994 1192 3076 quidam
1223 2994 1340 3077 prelati
1362 2995 1527 3061 Alamanie
1549 2994 1740 3062 obtuleruut

234 3096 336 3173 uobis,
361 3114 439 3161 sen.
469 3095 506 3162 fr.
538 3103 679 3162 nostrum
710 3098 888 3182 Philippum
927 3100 1110 3182 episcopum
1143 3098 1403 3183 Cauallioensem,
1438 3099 1613 3183 apostolice
1651 3100 1741 3167 sedis

234 3201 393 3280 nuncium,
415 3201 548 3266 latorem
571 3202 780 3285 presencium,
803 3203 903 3269 virum
927 3203 1036 3284 ntique
1060 3204 1159 3269 multe
1182 3204 1312 3270 virtutis
1333 3209 1369 3269 et
1381 3205 1560 3288 probitatis,
1583 3222 1624 3271 ex
1647 3210 1741 3289 parte

235 3302 533 3388 [uosualadpurtes
548 3305 706 3387 ipsassub
718 3307 766 3372 tui
778 3307 928 3390 precipue
944 3325 1002 3389 spe
1015 3305 1132 3372 favoris
1152 3308 1348 3390 providimus
1369 3308 1602 3375 destinandum.
1625 3308 1743 3388 Quum·

235 3410 344 3475 obrem
366 3409 571 3475 serenitatem
586 3415 674 3475 tuam
697 3416 820 3477 attente
844 3417 878 3477 et
893 3409 1085 3476 fiducialiter
1107 3412 1324 3496 deprecamur,
1341 3413 1491 3494 quatinus
1505 3413 1654 3479 eumdem
1670 3413 1741 3498 epi·

237 3531 374 3597 scopum,
397 3513 447 3579 cui
470 3518 534 3580 tam
562 3513 742 3597 superbiis
765 3534 857 3597 quam
882 3533 979 3599 super
1000 3515 1072 3580 aliis
1095 3516 1283 3597 quibusdam
1315 3516 1455 3601 negociis
1478 3516 1586 3598 atqua
1606 3516 1669 3584 tibi
1691 3536 1744 3583 rc·

236 3616 369 3682 ferenda
390 3618 611 3703 commisimus,
633 3625 742 3686 nostre
773 3620 1010 3686 intercessionis
1034 3622 1166 3686 obtentu
1197 3620 1333 3704 benigne
1356 3620 1495 3704 recipies
1525 3627 1560 3686 et
1582 3619 1742 3697 adhibens

237 3722 307 3787 eius
328 3741 385 3805 pro
409 3730 500 3806 parte
522 3729 633 3789 nostra
662 3724 816 3790 relatibus
839 3725 965 3808 plenam
995 3723 1100 3805 fidem,
1124 3724 1207 3789 circa
1237 3724 1417 3807 expeditam
1450 3730 1484 3789 et
1505 3724 1643 3790 celerem
1666 3742 1745 3791 exe-

237 3825 398 3891 cncionem
432 3843 541 3892 eorum
563 3828 716 3893 auxilium
747 3835 835 3895 tuum
858 3829 948 3894 iuxta
977 3846 1066 3912 spem
1089 3834 1229 3895 nostram
1259 3828 1440 3895 huiusmodi
1472 3828 1583 3910 nitique
1607 3829 1744 3897 uberem

236 3929 432 4013 imperciaris
456 3932 569 3996 eidem.
596 3933 632 3996 l).
657 3932 814 3999 Auinione
838 3951 909 3999 non.
934 3932 1081 3998 Octobris
1110 3952 1137 3998 a.
1163 3933 1283 4014 quinto⁴

369 4118 398 4172 R.
420 4118 480 4174 Vat.
499 4125 550 4175 tet
568 4119 615 4174 lol.
635 4125 703 4174 2⁶0⁶.
724 4150 756 4159 -
776 4122 841 4191 Reg.
860 4121 934 4191 opud
955 4121 1118 4191 Werunsky,
1136 4119 1276 4189 Excerpta
1286 4137 1326 4174 nr.
1345 4127 1397 4175 lto
1416 4127 1443 4176 et
1460 4118 1563 4187 Habet,
1582 4120 1651 4191 lleg.
1671 4121 1744 4193 Imp.

239 4203 590 4274 mmmmm

887 4384 1093 4396 —-——-

238 4527 329 4594 661.
356 4526 539 4614 Capitulum
562 4528 941 4594 commoneremus
963 4526 1146 4611 codepioloc
1163 4549 1187 4594 s.
1212 4528 1304 4593 Petri
1317 4529 1352 4594 in
1366 4528 1503 4594 Brenno
1526 4525 1748 4597 otram

240 4630 317 4696 dioc.
341 4631 510 4717 supplicat,
527 4637 681 4716 quolenus
699 4633 917 4717 praecellatis
932 4631 1055 4699 Albcrtc'
1076 4631 1200 4699 Albcrti
1214 4632 1525 4718 adproeposilurom
1538 4630 1681 4699 ciuem
1693 4653 1746 4700 ec·

238 4732 354 4799 clerice
374 4740 403 4800 ct
425 4735 581 4802 institutio
604 4738 671 4803 eius
695 4759 758 4822 per
779 4738 957 4822 episcopum
982 4736 1215 4803 Olomucenscm
1245 4735 1468 4819 confirmatur
1488 4732 1547 4812 ool,
1569 4735 1602 4801 si
1622 4739 1672 4802 est
1692 4758 1745 4804 rs-

237 4841 366 4903 seroolo
387 4837 550 4905 mameae
571 4841 761 4925 apostolicae
775 4840 863 4907 dioto
879 4841 1116 4928 praepositura,
1139 4842 1168 4910 ei
1182 4840 1220 4908 de
1240 4839 1348 4907 comm
1371 4836 1409 4904 de
1423 4858 1500 4906 nouo
1516 4837 1742 4924 provideatur.

239 4976 281 4988 —
306 4942 401 5024 „star
426 4945 464 5009 G.
489 4945 533 5009 Et
553 4944 621 5010 sinc
644 4945 714 5011 ulio
734 4945 876 5013 leccione.
901 4944 977 5010 blot
1000 4943 1039 5014 G.
1063 4949 1105 5014 D.
1130 4944 1285 5012 Aetatem
1314 4944 1396 5009 Vll!
1411 4941 1476 5010 leol.
1502 4942 1689 5011 Nouembris
1712 4965 1745 5012 u.

920 5033 1055 5116 quinto.“

1179 5172 1342 5255 ranam,
1368 5169 1452 5235 osor
1476 5167 1621 5235 osmer
1643 5170 1698 5239 ae.

370 5356 404 5411 a
419 5354 516 5427 suppl.
534 5362 568 5411 ar
586 5357 635 5416 roc
651 5355 724 5415 aesc
