3944 6060
764 456 830 506 mar
849 450 956 520 Aprilis
974 457 1007 504 ετ
1025 481 1058 491 -
1077 450 1145 506 nait
1165 456 1206 504 ιο.
1675 456 1741 520 233

234 682 305 728 non.
331 663 414 727 Maii
435 684 465 727 a.
490 663 624 746 91417110.ιι
661 699 704 709 -
735 665 774 727 Iu
796 683 822 725 c.
844 682 885 726 m.
905 662 1089 745 praeposito
1112 682 1136 727 s.
1171 661 1305 725 Victoris
1328 666 1420 725 entra
1444 680 1549 724 risuros
1572 666 1602 725 et
1624 637 1740 727 decano

233 787 260 830 s.
283 767 414 831 Mariae
435 765 478 830 ad
503 762 634 830 (traaas
664 766 873 847 Mapuntinoe
907 787 945 831 ac
975 767 1096 830 curatori
1125 763 1462 848 Asciaffenburpensis
1477 763 1504 845 d)
1528 767 1738 848 Mapuntiuoe

829 869 907 934 dioc.
930 868 1143 934 ecclesiarum.

322 957 398 1146 ἐξ
1013 1006 1109 1090 Apud
1133 1007 1262 1070 Pontum
1285 1007 1424 1089 Sareisa,
1446 1009 1533 1072 1357
1557 1008 1642 1071 Maii
1666 1012 1694 1072 7.

365 1196 396 1250 R.
417 1201 466 1250 Av.
492 1201 540 1250 137
564 1196 749 1251 171117.-
773 1198 796 1263 ⁸)
815 1196 968 1265 ,Reynardo
992 1196 1027 1249 dc
1046 1194 1158 1250 Hanow‘
1187 1197 1236 1248 Aa.
1265 1225 1296 1234 —
1327 1196 1352 1262 b)
1371 1197 1554 1262 ‚xanctensis‘
1579 1198 1628 1250 Aa.
1647 1209 1672 1262 ὓ)
1692 1197 1738 1250 Sa·

236 1282 351 1337 caeensi‘
369 1285 420 1336 Av.
439 1283 466 1348 d)
485 1282 792 1352 ,Aschaifinburgensis‘
809 1287 859 1336 Av.

236 1595 327 1662 580.
351 1594 526 1660 Abannae
547 1598 806 1660 monasteriorum
837 1599 870 1661 iu
892 1595 1053 1679 Mttheid
1076 1596 1288 1678 (Mechdfeid)
1301 1599 1327 1680 ·)
1352 1602 1382 1662 et
1405 1600 1565 1662 Scotorum
1580 1599 1615 1663 iu
1632 1601 1738 1665 Nitro-

237 1699 310 1780 bero
320 1696 348 1781 1’)
371 1696 615 1780 Bamberoensis
649 1699 725 1764 dioc.
749 1722 787 1764 oo
805 1702 987 1784 praeposito
1010 1699 1156 1765 ecclesiae
1178 1698 1421 1781 Bamberqensis
1445 1702 1628 1780 mandatur,
1662 1725 1739 1788 qua·

236 1808 326 1868 tensos
354 1804 462 1867 Uirico
495 1802 532 1868 dc
558 1804 656 1867 Tusta
679 1804 787 1868 clerico
817 1805 990 1885 Ptapensis
1024 1804 1101 1869 dioc.
1121 1802 1338 1888 parochialem
1360 1803 1524 1870 ecclesiam
1547 1805 1581 1869 in
1604 1808 1738 1890 Istinips·

234 1906 343 1986 seiae)
368 1906 612 1987 Bamberyensis
635 1908 713 1974 dioc.
737 1911 912 1987 conferant,
936 1908 1224 1983 nonobstantibus,
1248 1908 1329 1990 quod
1351 1908 1436 1972 idem
1457 1909 1621 1976 Joirannes
1643 1932 1740 1995 super

235 2012 425 2076 canonicatu
446 2015 476 2074 et
495 2011 678 2093 praebenda
706 2012 854 2077 ecciesiae
877 2012 1118 2095 Ratisponensis
1146 2031 1179 2076 se
1202 2012 1317 2076 asserit
1338 2011 1475 2092 iitiyore.
1525 2014 1739 2094 „Laodaidia

230 2114 422 2197 probitatis“
465 2114 578 2198 „Apud
611 2117 740 2180 Pontem
768 2115 877 2199 Sorpie
908 2117 1135 2182 Aninionensis
1168 2116 1245 2180 dioc.
1285 2115 1325 2179 VI
1357 2116 1401 2180 id.
1427 2119 1511 2182 Maii
1544 2140 1574 2180 a.
1599 2119 1739 2201 quinto.“

283 2255 406 2319 Gratis.
992 2252 1089 2337 Apud
1113 2254 1242 2317 Pontem
1265 2255 1404 2336 Serpiae,
1427 2257 1514 2319 1357
1538 2256 1622 2320 Mai-i
1646 2260 1695 2320 10.

369 2442 401 2495 R.
420 2445 469 2494 Av.
492 2447 538 2496 137
559 2441 604 2495 iol.
619 2443 688 2495 473'.
709 2471 741 2480 —
762 2450 786 2509 ³)
805 2441 996 2509 ,Micheboeid‘
1015 2445 1064 2496 An.
1084 2441 1109 2507 b)
1129 2442 1314 2511 ,Nurcmberg‘
1333 2445 1384 2497 Av.
1404 2443 1697 2513 c),Kunigsfe1d‘sv.

235 2755 329 2820 581.
355 2753 499 2820 Mathias
522 2757 673 2821 Mirosioi
702 2757 739 2819 de
763 2756 869 2819 Potom
898 2754 1067 2838 supplicat,
1101 2758 1255 2834 quotenus
1288 2755 1350 2818 sibi
1371 2755 1408 2818 de
1430 2754 1573 2836 beneficio
1596 2755 1742 2820 ecciesia-

375 2859 452 2923 stico
476 2860 518 2923 ad
540 2859 735 2924 collationem
756 2858 940 2923 monasterii
964 2855 1172 2922 Gradicensis
1190 2858 1369 2940 pertinente
1385 2858 1603 2940 provideatur.

1245 2996 1407 3076 „inensam
1433 2999 1517 3062 aar
1541 2999 1624 3062 Mass
1648 3001 1697 3063 ro.

368 3185 533 3267 Supplicat
556 3183 595 3248 Si
619 3184 674 3248 V¹⁰
695 3165 835 3249 Mathias
858 3191 953 3248 natus
976 3187 1133 3266 quondam
1156 3187 1310 3268 Miroslay
1333 3188 1742 3253 dePolomclericus010·

237 3293 397 3355 mucensis
429 3290 520 3372 dico,
544 3294 701 3369 quatenus
732 3289 793 3353 sibi
823 3289 995 3371 specialem
1027 3291 1164 3371 graciam
1194 3290 1358 3373 iacientes,
1388 3293 1427 3357 de
1459 3291 1612 3357 beneficio
1642 3294 1743 3359 eoele-

236 3396 369 3460 siastico
393 3413 463 3459 cum
487 3412 563 3458 cura
587 3393 638 3456 vel
662 3393 730 3456 sine
755 3412 839 3476 aura,
874 3400 1041 3475 spectante
1072 3395 1280 3460 communiter
1312 3395 1362 3458 vel
1386 3395 1511 3459 divisim
1535 3396 1574 3458 ad
1598 3397 1742 3461 collacio-

243 3519 312 3565 nem
335 3506 395 3565 etc.
420 3498 544 3563 abbatis
568 3503 602 3561 et
624 3503 797 3562 conventus
821 3498 1114 3562 Gradiaensisord.
1140 3499 1449 3562 Premonstratensis
1479 3498 1623 3563 eiusdem
1652 3500 1743 3582 dioc,

233 3605 372 3685 siquod
396 3609 488 3667 vacat
510 3604 550 3666 ad
573 3619 706 3685 presens
729 3602 780 3665 vel
804 3621 873 3666 oum
898 3602 1068 3679 vacaverit,
1092 3602 1196 3665 eidem
1215 3602 1387 3683 dignemini
1404 3602 1653 3667 misericorditer
1668 3622 1740 3684 pro·

234 3708 357 3789 sidere,
380 3726 450 3771 cum
475 3707 698 3788 acceptatione
722 3711 782 3770 etc.
808 3707 898 3769 utin
921 3705 1029 3770 forma.

368 3811 442 3876 Fiat
465 3812 501 3875 G.
524 3811 568 3874 Et
591 3811 660 3873 sine
684 3810 748 3874 alin
769 3811 920 3875 lectione.
944 3810 1017 3873 Fiat
1040 3810 1076 3875 G.
1103 3811 1140 3876 D.
1165 3811 1248 3892 apud
1273 3811 1405 3874 Pontem
1422 3809 1532 3891 Sorgie
1549 3810 1749 3875 Aninionen*

231 3915 282 3978 sis
306 3915 386 3980 dioc.
411 3915 455 3978 VI
478 3914 520 3978 id.
544 3914 622 3978 Maii
646 3934 673 3977 a.
698 3915 818 3994 quinto.

369 4103 400 4156 R.
420 4102 514 4171 Suppl.
534 4109 567 4155 27
587 4103 633 4155 fol.
657 4110 711 4156 1116.

232 4416 328 4481 582.
352 4415 499 4479 Matinae
527 4417 676 4481 Mirostai
709 4416 747 4478 de
780 4414 887 4478 Poiom
916 4418 1096 4478 reservatur
1127 4415 1305 4496 berreficinm
1335 4415 1580 4479 ecclesiasticum
1602 4435 1671 4478 cum
1693 4415 1741 4479 oei

230 4519 305 4584 sine
328 4539 414 4597 cura,
447 4520 536 4583 auitos
563 4523 692 4597 fructus
717 4521 758 4583 25
782 4538 863 4600 resp.
886 4522 929 4584 18
951 4539 1135 4583 marcarum
1166 4521 1290 4599 arpenti
1311 4518 1448 4582 valorem
1471 4538 1610 4581 annuum
1631 4538 1740 4583 secern-

235 4621 314 4686 ‹tum
336 4623 533 4687 taxationem
554 4621 694 4687 decimae
716 4642 778 4686 nou
799 4621 961 4695 excedant,
997 4623 1039 4685 ad
1069 4622 1265 4686 collationem
1288 4621 1413 4686 abbatis
1435 4627 1464 4687 et
1487 4627 1653 4687 conventus
1676 4644 1740 4686 mo·

238 4727 372 4791 nasterii
407 4723 613 4790 Gradicensis
638 4727 966 4790 Praemoustratensis
997 4725 1119 4790 ordinis
1156 4725 1369 4790 Otomuceusis
1404 4726 1481 4790 dioc.
1501 4727 1676 4807 pertinens,
1713 4728 1751 4791 si>

239 4837 333 4896 cocat
354 4831 402 4895 oet
423 4850 493 4895 oum
514 4833 684 4894 oacoocrit.
713 4829 908 4911 „Probitotis
931 4834 962 4894 et
982 4831 1153 4894 uirtutum“
1183 4830 1297 4913 „Apud
1319 4831 1451 4893 Pontem
1474 4829 1583 4910 Sorpie
1605 4829 1741 4893 Aninio·

250 4936 351 4999 uensis
367 4935 444 4999 dioc.
471 4934 511 4997 VI
526 4934 568 4998 id.
585 4935 669 4999 Maii
682 4957 711 4998 a.
728 4936 864 5016 quinto.“
890 4971 932 4981 -
948 4937 986 4998 In
1001 4957 1025 4998 e.
1041 4955 1082 4999 m.
1096 4935 1277 5018 praeposito
1300 4934 1514 4998 Olomuoensis
1526 4939 1590 4999 ets.
1604 4932 1745 5017 Apricoii

460 5037 681 5102 Aoinioncusis
704 5059 742 5103 oc
764 5039 901 5103 eiusdem
927 5038 1138 5103 Oiomocensis
1161 5039 1289 5102 decanis
1312 5039 1521 5103 ecclesiarum.

995 5177 1091 5259 Apnd
1114 5179 1245 5241 Pontem
1268 5177 1407 5261 Sorpiae,
1432 5179 1517 5240 1357
1540 5175 1624 5241 Maii
1646 5177 1696 5237 10.

375 5371 403 5419 ‚t
422 5371 471 5419 Aa.
494 5374 541 5421 135
561 5366 608 5421 fol.
628 5373 693 5419 160¹.
