3944 6060
230 417 299 482 arcs
836 415 908 466 aen
926 409 1082 465 numm
1101 410 1150 464 vn

360 623 526 707 Supplicat
546 621 590 689 8²¹
618 623 673 687 Voe
696 623 813 688 denota
840 621 911 686 filia
931 630 1041 687 restra
1069 623 1162 687 Anna
1190 622 1399 689 Romanorum
1427 625 1629 708 imperatrix,
1663 645 1744 709 qm·

232 735 328 794 tenns
350 729 412 794 sibi
434 729 468 793 in
489 746 659 811 personam
680 727 791 792 dilecti
813 727 864 791 sui
885 726 975 792 Petri
996 728 1064 792 nati
1086 727 1203 792 nobilis
1224 728 1284 792 riri
1305 728 1393 794 Petri
1414 730 1455 794 de
1476 729 1654 796 Genesin
1675 750 1744 796 ma·

232 834 324 916 gistri
346 833 434 898 curie
456 834 558 916 ipsius
580 832 802 916 imperatricis,
836 832 1009 914 specialem
1041 832 1179 915 graciam
1200 830 1367 915 iacientes,
1398 853 1468 898 cum
1488 834 1609 900 eodeni
1631 835 1745 914 Peme

232 944 268 1002 ut
289 957 353 1004 non
375 939 523 1003 obstante
545 938 644 1002 etatis
665 936 805 1016 deiectu,
835 955 929 1018 quem
951 938 1083 1019 patitur,
1117 937 1150 1000 in
1172 936 1295 1002 decimo
1316 946 1427 1003 octaro
1448 940 1549 1004 etatis
1570 957 1634 1005 sue
1658 959 1745 1006 nno

232 1044 426 1108 conatusne
436 1046 473 1123 ⁸),
496 1042 686 1125 dignitatem
715 1042 767 1107 rel
796 1049 1011 1124 personatum,
1034 1043 1135 1106 mam
1157 1042 1185 1107 si
1207 1060 1315 1106 curam
1335 1042 1452 1108 babeat
1472 1044 1669 1126 mimarum,
1704 1045 1746 1108 ad

232 1147 437 1213 collacionem
459 1147 511 1211 rel
533 1148 808 1230 presentationem
830 1148 1032 1230 imperatoris
1054 1166 1112 1212 seu
1127 1147 1337 1229 imperatricis
1348 1148 1560 1213 Romanorum
1574 1155 1637 1212 aut
1652 1149 1744 1232 regis

232 1252 283 1316 rel
306 1253 416 1335 regine
438 1251 580 1334 scenio,
603 1252 632 1316 si
653 1251 716 1318 sibi
737 1251 819 1316 alias
840 1252 991 1316 anonice
1013 1251 1203 1334 conteratur,
1224 1252 1325 1318 libere
1346 1253 1490 1335 recipere
1511 1260 1549 1317 et
1570 1253 1668 1318 licite
1691 1271 1744 1318 re·

231 1358 336 1421 tinere
359 1356 475 1439 valeat,
508 1356 684 1438 dignemini
705 1356 954 1421 misericorditer
982 1357 1181 1439 dispensare¹
1213 1376 1276 1422 non
1306 1359 1463 1439 obstame,
1496 1357 1585 1439 quod
1608 1359 1745 1424 canom-

232 1468 337 1526 cntum
359 1468 395 1526 et
416 1462 609 1545 prebendam
631 1462 665 1525 in
686 1461 824 1526 ecclesia
845 1461 1104 1527 wmtisuniensi
1124 1462 1267 1527 noscitur
1286 1462 1431 1527 obtinere
1444 1468 1480 1528 et
1492 1481 1565 1528 cum
1582 1461 1662 1528 aliis
1677 1481 1745 1529 nou

232 1566 432 1633 obstantibus
455 1572 490 1630 et
511 1565 663 1632 clausulis
685 1566 850 1649 oportunis
872 1572 908 1631 et
927 1567 1161 1632 executoribus.

362 1670 435 1734 liat
457 1669 494 1735 G.

362 1793 443 1858 ltem
472 1799 631 1874 quatenns
659 1793 778 1859 dilecto
810 1812 870 1859 suo
900 1793 1019 1859 erico
1047 1801 1124 1860 nato
1147 1793 1245 1859 Vlrici
1274 1795 1315 1858 de
1343 1793 1518 1876 Sulcnpacb
1541 1796 1740 1878 presbytero

232 1897 474 1981 Ratisponensis
489 1898 582 1977 dioc,
603 1898 728 1964 notario
743 1898 830 1963 curie
852 1898 954 1981 ipsius
974 1899 1194 1982 imperatricis,
1211 1900 1251 1964 de
1267 1900 1453 1964 canonicatu
1467 1899 1608 1964 ecclesie
1630 1900 1743 1966 Ratis-

231 2003 382 2087 ponensis
412 2021 483 2067 cum
504 2003 725 2068 reservacione
747 2003 910 2085 prebende
942 2004 977 2068 in
998 2021 1039 2068 ea
1061 2004 1203 2068 vacantis
1225 2003 1276 2067 rel
1299 2009 1458 2077 racatnre,
1492 2021 1564 2066 cum
1587 2010 1741 2086 accepta·

231 2109 334 2186 cione,
366 2107 505 2190 decreto,
540 2106 683 2172 clausula
712 2106 865 2172 anteferri
895 2114 931 2172 et
959 2108 1032 2172 aliis
1062 2108 1214 2174 clausulis
1238 2108 1412 2189 'oportunis
1442 2113 1477 2171 et
1505 2108 1740 2173 executoribus

231 2213 404 2297 dignemini
425 2211 604 2294 providere.
626 2230 690 2277 non
712 2213 871 2294 obstante,
893 2212 979 2293 quod
992 2211 1159 2276 ecclesiam
1175 2211 1403 2294 parrochialem
1414 2211 1448 2275 in
1460 2210 1597 2294 Vglauia
1608 2209 1638 2288 ι)
1662 2212 1740 2278 Pra-

230 2318 339 2403 gensis
359 2317 441 2384 dioc.
464 2318 608 2383 noscitur
630 2317 784 2383 obtinere.

361 2422 435 2487 Fiat
457 2421 496 2488 G.

360 2544 442 2610 item
463 2549 621 2625 qnatenus
642 2543 782 2609 Johnuni
804 2543 962 2624 quondam
984 2543 1163 2608 Frencnlini
1193 2543 1271 2608 dicti
1297 2542 1537 2627 Kompnebel‘)
1559 2545 1738 2627 specialem

231 2650 368 2733 graciam
391 2648 557 2722 iacientes,
591 2648 632 2714 de
654 2647 811 2713 beneficio
833 2647 1052 2712 ecclesiastico
1081 2667 1152 2711 cum
1181 2666 1258 2712 cura
1279 2647 1329 2711 rel
1352 2647 1422 2712 sine
1444 2667 1530 2729 cura,
1563 2655 1736 2732 spectante

231 2754 439 2819 communiter
461 2752 512 2818 vel
535 2753 662 2818 divisim
684 2752 726 2818 ad
748 2752 952 2818 collacionem
975 2758 1038 2817 etc.
1060 2753 1225 2834 prepositi,
1247 2752 1360 2817 decani
1382 2759 1417 2817 et
1438 2753 1571 2836 capituli
1594 2755 1736 2820 ecclesie

232 2856 480 2940 Wisigradensis
508 2875 608 2940 prope
631 2857 764 2940 Pragam
795 2876 866 2921 cum
888 2857 1118 2937 reservacione,
1152 2858 1374 2940 acceptatione
1396 2864 1456 2923 etc.
1490 2864 1526 2924 et
1551 2859 1626 2926 aliis
1650 2860 1736 2926 clau·

233 2962 312 3028 sulis
335 2963 500 3045 oportunis
523 2969 558 3027 et
579 2961 803 3027 executoribus
826 2961 1000 3043 dignemini
1022 2962 1199 3043 providere.

361 3066 434 3131 Fiat
456 3067 492 3131 G.

360 3188 441 3253 Item
464 3188 623 3271 supplicat
645 3187 698 3252 Vf⁸
718 3186 759 3253 gn
782 3188 934 3252 Erasmus
951 3187 1048 3252 Vlrici
1071 3188 1280 3253 Rokczanerii
1295 3188 1429 3254 clericus
1445 3189 1629 3273 hagensis,
1654 3211 1733 3273 qua·

231 3301 325 3360 tenus
348 3293 409 3359 sibi
431 3293 603 3376 specialem
623 3293 763 3375 graciam
782 3292 945 3371 iacientes,
970 3291 1010 3356 de
1033 3291 1189 3358 beneficio
1212 3293 1429 3359 ecclesiastico
1461 3295 1530 3360 sinc
1552 3314 1641 3375 cura,
1658 3314 1736 3379 spe-

231 3403 338 3464 ctante
351 3404 411 3464 etc.
429 3396 686 3463 adcollacionem
708 3404 770 3462 etc.
794 3396 1023 3479 archiepiscopi
1047 3397 1225 3481 Pragensis,
1246 3418 1318 3463 cnm
1333 3399 1563 3482 mservacionc,
1587 3407 1736 3485 accepta·

233 3503 323 3570 cione
346 3509 408 3568 etc.
431 3509 467 3568 ct
489 3502 561 3569 aliis
584 3502 735 3568 clausulis
758 3502 923 3586 oportunis
946 3508 980 3567 et
1002 3503 1226 3568 executoribus
1248 3503 1422 3585 dignemini
1443 3503 1623 3586 providere.

360 3608 434 3674 siat
456 3608 493 3674 G.

361 3732 443 3796 item
466 3730 626 3814 supplicat
648 3731 751 3796 eidem
775 3728 815 3796 Sss
835 3731 951 3796 Petrus
973 3730 1142 3795 Laurencii
1172 3735 1277 3794 rector
1309 3730 1445 3795 ecclesie
1467 3731 1679 3813 parrochialis
1701 3735 1736 3801 in

231 3837 404 3903 Brnslawio
428 3834 648 3902 Olomucensis
672 3835 763 3918 dioc,
786 3836 879 3918 quod,
904 3854 973 3900 cum
997 3835 1066 3917 ipse
1089 3834 1233 3916 pluribus
1256 3834 1347 3900 annis
1362 3835 1396 3899 iu
1411 3833 1615 3902 Olomucensi
1629 3841 1736 3906 eccle·

231 3942 279 4006 sia
301 3940 469 4006 canonicus
493 3940 683 4005 auctoritate
706 3939 866 4005 ordinaria
896 3940 1015 4003 existat
1046 3945 1081 4003 et
1101 3939 1239 4004 nondum
1273 3938 1371 4003 sitin
1394 3959 1433 4006 ca
1455 3941 1652 4022 prebendam
1675 3945 1737 4010 ali·

231 4065 323 4127 quarn
354 4049 529 4115 assecutus.
563 4044 707 4126 predicta
737 4043 796 4107 8¹⁸⁸
830 4044 890 4108 sibi
914 4043 1063 4125 dignetur
1092 4043 1209 4107 ibidem
1240 4043 1279 4108 de
1306 4045 1478 4125 prebenda,
1512 4045 1541 4109 si
1563 4065 1627 4127 qua
1650 4068 1736 4114 nunc

231 4155 323 4215 vacat
345 4148 395 4213 vel
418 4167 511 4229 quam
541 4148 676 4230 primum
706 4147 876 4231 vacaverit,
910 4147 1087 4230 providere,
1121 4166 1183 4211 uon
1210 4149 1368 4229 obstante,
1403 4149 1486 4229 quod
1509 4149 1593 4214 idem
1617 4152 1736 4220 Petrus

231 4251 428 4318 scolastriam
461 4252 712 4334 olomucensem,
742 4269 802 4333 que
837 4256 887 4318 est
909 4251 1043 4333 simplex
1074 4250 1223 4333 officium,
1256 4257 1289 4315 et
1321 4253 1354 4317 in
1376 4254 1513 4318 ecclesia
1539 4271 1564 4318 s.
1587 4255 1678 4322 Petri
1700 4257 1736 4324 in

229 4358 359 4422 Brunna
381 4356 465 4422 dicte
488 4356 567 4422 dioc.
589 4357 779 4422 auctoritate
798 4356 958 4422 ordinaria
980 4353 1198 4421 canonicatum
1220 4355 1288 4420 sive
1311 4357 1504 4439 prebendam
1526 4359 1674 4444 obtinet3
1697 4369 1734 4428 et

231 4479 299 4526 cum
322 4461 545 4528 executoribus
567 4466 601 4526 et
624 4460 696 4525 aliis
718 4460 871 4526 clausulis
894 4459 1067 4542 oportunis

359 4583 432 4648 Fiet
458 4583 494 4649 G.

359 4706 441 4772 item
464 4706 637 4789 dignemini
659 4724 794 4772 examen
816 4705 1031 4788 predictorum
1055 4707 1095 4771 ad
1117 4711 1226 4789 partes
1249 4706 1446 4772 committere
1468 4715 1600 4792 propter
1621 4728 1733 4779 eorum

231 4810 420 4875 absentiam.

360 4915 432 4979 Fiat
455 4914 492 4980 G.
515 4915 559 4980 Et
581 4915 649 4980 sinc
673 4915 737 4979 alia
759 4915 909 4981 leccione.
933 4914 1006 4978 Fiat
1029 4914 1065 4980 G.

359 5036 397 5101 Ι).
422 5036 579 5103 Auianione
603 5037 647 5104 id.
669 5037 748 5102 Maii
772 5056 799 5102 a.
823 5036 969 5119 septimo.

285 5309 303 5363 h
360 5223 391 5278 R.
410 5223 505 5294 Suppl.
524 5229 558 5280 110
570 5224 617 5279 iol.
628 5230 678 5279 Μ’.
697 5254 728 5264 -
749 5227 775 5292 ¹)
793 5223 958 5292 ,constituto
975 5223 1069 5293 Suppl.
1094 5225 1119 5292 b)
1138 5225 1260 5294 corrige:
1281 5225 1423 5296 ,Eylauist
1446 5231 1471 5294 e)
1488 5227 1613 5300 Corrige:
1632 5231 1732 5303 ,Rom

229 5324 284 5378 pue
305 5310 347 5365 el‘.
