3944 6060
876 444 942 495 rasa
960 439 1037 494 Junii
1056 446 1098 496 ro.
1697 442 1737 507 27

231 650 441 718 I'reuecansis
465 651 543 717 dioc.
568 649 710 715 noscitur
732 651 885 731 othnere,
909 668 1002 732 quam
1026 657 1132 715 tarnren
1155 651 1305 716 vicariam
1330 657 1462 734 paratus
1486 657 1536 716 est
1564 652 1738 727 dimittere,

234 757 305 821 dum
328 776 424 822 unum
448 757 602 822 dictorum
626 752 852 820 beneficiorum
875 754 973 819 fciant
994 755 1124 838 pacifice
1138 763 1336 831 consecutus
1354 776 1424 821 oum
1441 756 1513 820 aliis
1531 775 1593 821 non
1610 757 1739 822 obstan·

235 860 318 926 tibus
341 869 376 927 et
399 860 550 926 clausulis
574 859 739 941 oportunis
763 866 796 925 et
819 862 1043 926 executoribus
1066 867 1103 926 ut
1124 863 1158 926 in
1186 862 1294 928 forma.

365 983 437 1048 Fiat
460 983 497 1048 G.

361 1105 443 1169 Item
466 1104 597 1170 Nicolao
619 1103 774 1169 iohannis
798 1105 836 1170 de
861 1103 957 1169 Curia
979 1105 1117 1186 Regnioz
1149 1106 1264 1172 clerico
1296 1104 1616 1189 babembergensisb)
1645 1107 1737 1189 dioc,

238 1209 418 1274 subnotatio
441 1209 559 1291 regalis
583 1208 781 1290 carroellarie,
805 1209 843 1272 de
867 1210 1054 1274 carronIcatu
1068 1216 1113 1274 et
1135 1211 1297 1291 prebenda
1320 1212 1353 1275 in
1376 1212 1513 1276 ecclesia
1538 1211 1740 1276 Wratislaui·

239 1313 304 1377 ensi
327 1320 461 1378 vacante
484 1313 534 1376 vel
558 1318 709 1377 vacatura
732 1332 801 1377 cum
825 1332 887 1378 non
911 1314 1110 1379 obstantibus
1135 1321 1168 1378 et
1191 1315 1342 1380 clausulis
1364 1322 1400 1380 ut
1424 1335 1528 1398 supra.

364 1436 437 1500 Fiat
461 1435 497 1500 G.

364 1557 445 1622 Item
480 1557 575 1621 Petro
610 1555 746 1621 Conradi
781 1557 820 1621 de
854 1557 990 1622 Modritz
1021 1558 1207 1640 presbytero
1247 1558 1466 1624 OlomucensiS
1506 1560 1594 1637 dioc,
1627 1561 1741 1625 subno-

241 1662 328 1744 tario,
362 1662 402 1725 de
439 1661 626 1726 canonicatu
648 1655 694 1725 'et
716 1662 879 1742 prebenda
909 1662 940 1725 in
973 1662 1108 1727 ecclesia
1140 1662 1351 1745 Olonrucensi,
1384 1682 1446 1727 non
1479 1666 1636 1745 obstante,
1660 1664 1743 1744 quod

241 1762 405 1831 ecclesiam
436 1765 665 1848 panochialem
697 1766 728 1827 in
765 1765 903 1828 Pustmir
936 1766 1020 1829 dicte
1052 1767 1130 1831 dloe.
1156 1768 1297 1831 noscitur
1320 1767 1464 1832 obtinere
1488 1774 1548 1832 etc.
1574 1775 1609 1833 ut
1632 1786 1739 1850 supra.

368 1887 440 1951 Fiat
464 1888 499 1951 G.

367 2009 448 2075 Item
474 2009 568 2073 Petro
596 2009 635 2072 dc
663 2009 801 2091 liunberg
824 2009 939 2074 clerico
974 2009 1216 2091 Itatisponensis
1240 2010 1330 2090 dioc,
1367 2012 1516 2076 familiari
1550 2011 1743 2078 venerabilis

242 2113 392 2180 Iohannis
424 2114 518 2178 electi
552 2113 833 2195 Nuemburgensis',
865 2115 903 2176 de
941 2115 1126 2177 canonicatu
1158 2122 1191 2178 et
1221 2116 1383 2197 prebenda
1410 2117 1442 2180 in
1466 2118 1602 2183 ecclesia
1625 2117 1741 2181 Wrati·

243 2219 402 2296 abulensi,
434 2225 598 2300 spectante
623 2219 663 2282 ad
694 2219 899 2283 collacioneur
932 2226 992 2283 etc.
1013 2270 1047 2283 ..
1082 2221 1232 2301 episcopi,
1268 2222 1432 2303 prepositi,
1461 2222 1573 2286 decani
1596 2230 1631 2286 et
1661 2222 1744 2304 capi-

244 2324 298 2388 tuli
330 2324 449 2389 ibidem
479 2343 548 2387 cum
579 2343 654 2387 curra
683 2323 734 2386 vel
765 2323 833 2387 sine
865 2342 940 2387 cura
971 2325 1160 2389 coniunctim
1191 2324 1240 2387 vel
1272 2324 1397 2388 divisim
1427 2331 1488 2389 etc.
1522 2330 1557 2389 ut
1588 2325 1745 2391 informa

246 2435 277 2493 ut
299 2447 402 2511 supra.

369 2551 442 2615 Fiat
466 2550 502 2615 G.

261 2678 263 2685 ’
370 2672 452 2740 Item
487 2672 689 2753 HertroIc020)
725 2674 764 2738 de
798 2674 926 2757 Burgen
962 2673 1076 2739 clerico
1112 2672 1312 2739 Treuirensis
1348 2674 1438 2753 dioc,
1473 2673 1667 2750 subnotario,
1706 2672 1745 2739 de

250 2779 429 2844 canonicatu
452 2782 486 2842 et
508 2779 672 2860 prebenda
695 2796 719 2842 s.
744 2776 925 2859 costorisd)
951 2773 1152 2843 Confluencie
1176 2780 1260 2845 dicte
1284 2778 1493 2845 TreuerensIs
1516 2779 1596 2844 dioc.

371 2900 444 2965 Fiat
478 2900 515 2982 G,
552 2902 794 2980 nonobstante,
825 2901 917 2991 quod·
938 2902 1023 2966 idem
1055 2877 1278 2992 Hertroicus⁶)
1308 2901 1341 2964 In
1371 2900 1472 2966 lomna
1503 2901 1659 2965 communi
1691 2919 1749 2983 per

252 3001 310 3068 S‘em
334 3004 411 3068 ΨΜ
436 3004 479 3069 sit
501 3010 673 3086 expectans
698 3005 739 3068 ad
761 3003 964 3069 collationem
1000 3006 1154 3087 prepositi
1185 3006 1320 3071 ecclesie
1355 3012 1535 3070 sanctorum
1558 3005 1691 3070 Martini
1714 3012 1749 3070 et

254 3106 354 3174 Seueri
387 3111 570 3174 monasterii
595 3109 628 3173 ln
659 3106 872 3190 Meyneuells)
904 3109 988 3173 dicte
1023 3110 1363 3191 Treue1·ensisdioc.,;
1396 3129 1487 3190 quarn
1520 3110 1657 3191 graciam
1689 3110 1748 3175 sibi

254 3213 417 3296 dignemini
440 3231 605 3278 reservare
629 3219 689 3278 etc.
712 3220 749 3277 ut
771 3231 876 3295 supra.

373 3336 447 3401 Fiat
480 3336 517 3400 G.
541 3336 585 3399 Et
607 3336 691 3416 quod
714 3341 881 3400 transeant
905 3335 974 3399 sinc
999 3336 1063 3400 alia
1084 3337 1236 3402 leocIoue.
1261 3337 1334 3401 Fiat
1357 3337 1393 3402 G.

373 3458 416 3522 Et
439 3457 522 3538 quod
545 3475 678 3522 examen
701 3459 892 3523 remittatur.
917 3459 989 3522 Fiat
1012 3459 1081 3540 Ge),
1106 3460 1155 3523 rel
1180 3460 1219 3523 ad
1235 3465 1343 3541 partes
1372 3460 1596 3524 committatur.
1619 3459 1692 3522 Fiat
1711 3459 1748 3523 (ι.

374 3581 412 3644 Ι).
436 3579 521 3660 apud
544 3579 773 3645 Villamnouam
797 3580 1023 3645 duinIonensis
1047 3581 1126 3646 dioc.
1151 3580 1214 3644 IIII
1238 3581 1280 3645 id.
1304 3581 1391 3644 Junii
1415 3600 1441 3644 a.
1466 3582 1575 3663 primo.

375 3768 407 3822 R.
426 3769 522 3839 Suppl.
535 3774 567 3824 23
586 3767 633 3823 fol.
652 3774 711 3823 200.
731 3801 762 3808 —
786 3773 809 3837 ss)
828 3770 859 3823 In
878 3771 972 3840 Suppl.
993 3770 1128 3838 sequitur:
1149 3768 1300 3834 ,ecclesiia
1321 3769 1347 3836 b)
1367 3768 1491 3837 Corripe:
1512 3769 1743 3836 ,Ilumbergensis‘

258 3859 279 3915 ε]
294 3855 416 3926 Corripe:
435 3856 598 3920 ,Hertwico‘.
626 3856 651 3923 d)
670 3854 793 3926 Corripe:
813 3857 962 3921 ,Castoris¹.
986 3860 1009 3921 θ)
1035 3857 1159 3926 Corrige:
1180 3856 1359 3920 ,Hertnicus‘.
1381 3855 1400 3923 l)
1420 3856 1543 3924 Corrige:
1563 3857 1749 3926 ,bloyneuelt‘.

259 3946 279 4003 a)
298 3943 367 4002 ,Fiat
391 3944 421 3997 G‘
447 3943 627 3997 cancellatum
659 3953 701 3997 est
725 3944 780 3997 alio
805 3950 965 4004 atramento,
990 3942 1124 4011 adquam
1150 3944 1363 3997 cancellaturam
1397 3958 1515 4010 septiens
1545 3943 1695 4013 adnotatio,
1723 3945 1750 3997 in

260 4031 368 4099 margiane
387 4031 443 4084 alia
461 4047 543 4084 uranu
562 4031 707 4100 adscripta,
727 4030 859 4099 pertiuet:
879 4032 930 4095 ,Ita
949 4039 1007 4084 crat
1025 4032 1052 4084 In
1072 4030 1205 4098 originali.
1225 4031 1296 4084 sicut
1314 4039 1357 4084 est
1375 4030 1439 4083 hic!

900 4275 1101 4287 -ι-ι-

256 4446 311 4518 61.
337 4450 474 4517 Hearico
497 4449 535 4515 cte
558 4450 693 4516 Wesalia
709 4455 889 4515 reservatur
904 4471 1001 4514 anam
1016 4473 1032 4512 a
1046 4471 1102 4515 saa
1116 4450 1289 4515 maioribus
1313 4449 1467 4532 beneficiis
1482 4449 1644 4532 Spirensis
1658 4448 1750 4514 eccle·

252 4552 326 4638 liae,
355 4555 439 4637 quoa
460 4556 648 4620 auctoritate
670 4555 851 4619 litterarum
875 4553 1042 4618 C'terneotis
1074 4555 1120 4617 Vl
1138 4556 1332 4636 expectabat,
1362 4552 1639 4619 nonobstantibus
1660 4554 1755 4616 utin

249 4658 478 4742 supplicatione
500 4660 556 4724 sab
580 4681 628 4724 nr.
652 4661 702 4723 60.
728 4661 931 4743 „Liberorum
954 4659 1108 4723 sciencia“
1138 4659 1252 4740 „Apud
1272 4657 1503 4723 Vitlamnoaam
1526 4657 1754 4723 Aulaioaeasis

250 4754 329 4827 dioc.
356 4764 429 4827 IIII
453 4764 496 4827 id.
526 4763 619 4829 Juaii
648 4785 678 4826 a.
707 4763 844 4844 primo“.
868 4801 910 4810 -—
943 4766 981 4827 In
1009 4785 1033 4828 e.
1064 4784 1103 4826 m.
1132 4764 1314 4846 praeposito
1350 4764 1546 4827 Treverensis
1577 4764 1607 4824 et
1638 4762 1754 4826 decano

364 4954 398 4962 .„
427 4889 453 4932 s.
478 4863 620 4933 Castoris
645 4867 856 4950 Confluentiae
878 4889 916 4932 ac
940 4869 1095 4932 sacristae
1116 4868 1340 4932 Acinionensis
1362 4866 1574 4931 ecclesiaram.

311 4991 412 5095 ...ᾖ
1047 5007 1142 5091 Apud
1172 5006 1638 5092 istilaamaam,1353Janii
1666 5006 1710 5069 lo.

382 5195 415 5250 R.
435 5197 484 5251 Αν.
505 5202 551 5249 ¹21
573 5194 619 5250 iol.
638 5200 696 5262 556,
715 5196 748 5250 R.
767 5196 829 5250 Vat.
848 5202 898 5250 ‘224
917 5195 964 5249 fol.
983 5202 1052 5251 320¹.
1074 5227 1105 5235 -
1124 5197 1201 5250 Conf.
1220 5199 1294 5251 Mon.
1315 5195 1375 5251 Vat.
1395 5196 1407 5248 I
1425 5213 1466 5250 nr.
1488 5201 1562 5262 riso,
1583 5201 1658 5249 llbl.

901 5400 1107 5410 ...——-—-——
