3944 6060
803 424 868 474 1³59
887 419 957 475 Julii
976 424 1010 479 28
1027 449 1058 486 ή-
1078 421 1197 491 Augusti
1213 426 1237 474 2.
1701 425 1763 490 397

270 637 471 710 augmentum
491 630 572 695 dono
585 632 732 712 prosequi
752 631 858 713 gracie
871 632 1019 713 specialis
1043 635 1080 698 D.
1094 634 1177 714 apud
1192 634 1424 698 Villuuruouaru
1440 633 1663 697 Auiuioueusis
1687 634 1765 696 (1166.

271 731 377 799 Xkul.
415 735 550 816 Augusti
574 755 600 798 6.
626 736 769 817 septiruo.

394 923 425 976 lt.
445 923 506 977 Vnt.
526 930 577 976 ato
596 923 641 976 161.
660 921 711 977 72⁴.

916 1083 1117 1094 ——-—-—-

273 1258 355 1325 996.
383 1257 582 1336 precabar)
606 1257 768 1338 episcopus
802 1255 1053 1320 t'r·att'sbrt·ieasr's
1075 1257 1245 1339 supplicat,
1277 1245 1430 1340 puatcuas
1456 1260 1606 1339 Grvporio
1630 1258 1767 1324 Martini

271 1360 303 1423 (16
327 1362 436 1425 (abab
458 1360 620 1443 capettuuo
643 1380 707 1438 suo,
733 1361 770 1423 de
792 1360 935 1440 beneficio
959 1360 1176 1436 ecclesiastico,
1209 1362 1251 1425 ad
1275 1362 1470 1427 collationem
1493 1364 1629 1447 episcopi
1660 1364 1761 1427 Vroti-

269 1464 432 1529 stobiensis
455 1470 623 1548 spectante,
647 1465 860 1546 provideatur.
886 1502 928 1510 -
955 1466 1049 1546 „Fiat
1071 1465 1109 1529 de
1131 1466 1272 1530 omuibus
1302 1469 1533 1551 suprascriptis
1562 1487 1623 1531 aaa
1647 1466 1766 1532 caracel-

266 1566 380 1649 botis¹)
419 1570 456 1633 G.
480 1571 523 1633 Et
546 1570 626 1653 quod
649 1573 817 1633 trauseaut
838 1570 906 1632 siae
930 1569 997 1632 ulia
1032 1569 1164 1634 leccioue
1197 1576 1225 1635 et
1250 1571 1429 1635 absentibus
1460 1593 1530 1636 curra
1553 1574 1698 1636 escariae
1722 1573 1764 1636 od

257 1678 374 1754 portes
398 1675 622 1739 committendo.
649 1673 723 1737 Fiat
748 1671 785 1739 G.
811 1675 850 1737 D.
877 1673 963 1755 apud
993 1673 1223 1739 Vitbuvrrroaavr
1253 1674 1475 1740 Auiaivaeasis
1498 1677 1576 1742 dioc.
1603 1678 1764 1740 1111666.

828 1777 966 1860 depasti
988 1800 1018 1841 a.
1041 1781 1200 1861 septivro.“

1029 1888 1134 2001 Apud?
1157 1918 1397 1995 Villavmouaur,
1422 1921 1508 1982 1359
1531 1920 1667 1998 Aupasti
1688 1923 1718 1984 2.

397 2107 429 2160 R.
448 2106 543 2175 Suppl.
563 2112 596 2160 30
615 2106 662 2161 fol.
683 2113 740 2159 145.
762 2137 792 2146 --
814 2112 838 2172 a)
857 2107 1048 2174 ,Pretzesluus‘
1074 2108 1169 2177 Suppl.
1192 2138 1217 2146 -
1242 2109 1261 2173 ¹)
1281 2107 1452 2162 Praecedunt
1478 2107 1694 2177 supplicationes
1715 2109 1766 2161 Ka·

249 2193 352 2249 zimiri
371 2194 443 2263 regis
463 2194 592 2249 Polouiae
612 2195 1195 2263 611666616166611166166661(1666666616,
1233 2211 1347 2262 quorum
1368 2194 1464 2262 prims,
1483 2211 1537 2262 qua
1558 2211 1607 2248 rex
1633 2202 1660 2247 et
1681 2195 1765 2248 archi-

248 2282 413 2350 episcopus
432 2281 564 2351 praedicti
584 2281 747 2351 supplicuut,
773 2289 802 2335 ut
821 2282 934 2335 Nicoluo
963 2281 1070 2336 Nicolai
1096 2283 1232 2350 quondum
1259 2281 1372 2350 palatini
1393 2282 1580 2336 Crueoviensis
1606 2282 1767 2336 (16666661-

248 2377 326 2423 catu
346 2369 398 2423 sub
417 2369 624 2437 expectationue
643 2367 815 2437 praebendae
834 2369 967 2422 ecclesiae
986 2369 1209 2423 Vratislavieusis
1230 2368 1412 2438 provideatur,
1432 2369 1585 2423 cancellata
1604 2378 1653 2423 est.

243 2702 356 2769 997.
391 2701 563 2766 Scoiastico
600 2699 800 2765 Cracooierrsi
833 2700 1014 2776 aruuaar,
1053 2704 1208 2782 quotenus
1243 2698 1392 2781 Greporio
1428 2701 1566 2764 Martini
1597 2700 1634 2764 de
1653 2699 1767 2783 Garbe

232 2807 445 2888 presbytero
470 2806 697 2871 Povaauieasis
731 2806 809 2871 dioc.
834 2804 1014 2886 beneficium
1037 2804 1283 2870 ecclesiasticave
1316 2825 1386 2868 carra
1408 2804 1455 2868 oct
1478 2804 1545 2872 sine
1568 2825 1654 2887 cara,
1677 2804 1766 2869 vairas

229 2912 391 2982 fructas
425 2911 476 2974 25.
501 2930 582 2992 resp.
609 2912 649 2972 18
683 2930 866 2972 vrrarcararu
900 2910 1025 2991 arpenti
1058 2910 1228 2974 secundiori
1250 2911 1446 2974 tutationem
1470 2910 1609 2974 devitatae
1631 2909 1767 2974 'vatorcvr

243 3034 408 3078 anutium
431 3013 675 3093 rarescebant,
701 3014 743 3077 oti
766 3013 959 3078 collationem
982 3016 1121 3097 episcopi
1151 3013 1409 3079 Vratislaoieusis
1428 3014 1600 3097 pertineas,
1622 3015 1651 3078 si
1672 3018 1768 3079 vocat

242 3120 314 3183 cet
337 3141 406 3183 cum
428 3120 600 3197 vocaverit,
624 3123 770 3185 reservet.
809 3119 967 3202 „Diprruru
990 3119 1207 3183 ar·bitruruur·“
1235 3119 1349 3202 „Apud
1380 3118 1608 3184 Vittauraouavr
1634 3118 1764 3182 Auiuio-

621 3225 727 3288 rreusis
750 3223 826 3289 dioc.
853 3225 927 3288 IIII
947 3246 1016 3288 uort.
1040 3225 1176 3308 Arrpusti
1198 3247 1227 3288 a.
1252 3225 1410 3306 septirav.“

322 3313 388 3431 ..1.
1040 3362 1133 3444 16(ιά
1166 3364 1402 3439 iitiauruocuru,
1429 3366 1512 3427 13:39
1534 3362 1672 3444 stupasti
1694 3369 1723 3428 2.
1762 3397 1763 3400 ¹

399 3552 428 3604 11.
450 3554 498 3604 Ar.
522 3558 566 3604 141
589 3551 635 3605 soi.
655 3558 722 3605 rou:
743 3583 774 3590 —
795 3555 858 3621 lieg.
878 3553 952 3621 apud
971 3553 1097 3619 'l'beiner²
1115 3554 1189 3604 1166.
1208 3551 1266 3605 Pol.
1287 3554 1297 3604 1
1317 3569 1376 3620 pag.
1396 3558 1455 3603 591.

251 3885 362 3950 998.
386 3887 575 3969 Hartaupus
599 3885 768 3950 Itostbouis
791 3886 828 3948 de
851 3885 987 3949 Nebua'eb
1009 3886 1179 3968 supplicat,
1215 3886 1369 3966 quatenus
1404 3883 1465 3947 sibi
1494 3883 1532 3946 de
1553 3881 1698 3964 beneficio
1720 3901 1767 3945 ec·

343 3988 530 4070 etesiustr'co,
555 3991 598 4054 (61
622 3989 817 4055 collationem
840 3990 985 4055 ecciesiae
1007 3989 1251 4054 Bolesluoieasis
1272 3988 1455 4071 pertinente,
1474 3988 1691 4070 provideatur.

1044 4130 1139 4214 Apud
1170 4130 1404 4211 Vibiavraooaur,
1427 4130 1513 4193 1359
1536 4127 1672 4210 Aaptrsti
1694 4131 1724 4192 2.

405 4321 570 4403 Surprplicat
604 4320 643 4384 8²*
673 4320 726 4384 Vre
756 4320 931 4400 Hortiugus
966 4321 1122 4400 quouubuu
1156 4320 1324 4385 Hostcouis
1360 4321 1398 4383 (16
1434 4319 1596 4401 Noiutuyel
1632 4319 1766 4382 ctericus

252 4420 437 4509 I'ragensis
461 4427 551 4502 (1166,
576 4433 732 4506 quatenus
756 4424 815 4488 sibi
840 4426 1009 4506 specialem
1033 4425 1169 4505 graciam
1193 4425 1355 4499 farcientes,
1381 4425 1419 4488 (16
1444 4423 1595 4487 beneficio
1619 4423 1766 4487 ecclesia-

260 4533 349 4596 stico
373 4550 443 4595 oum
467 4549 542 4594 cura
573 4530 624 4594 vel
648 4531 716 4594 siue
741 4549 825 4612 eura,
860 4535 1025 4612 spectante
1050 4530 1258 4593 coturuuniter
1280 4530 1329 4592 vel
1354 4528 1478 4593 divisim
1503 4529 1542 4591 ad
1566 4528 1766 4592 collationem

259 4641 328 4700 etc.
352 4635 516 4718 prepositi,
540 4635 651 4698 decani
676 4640 709 4698 et
732 4635 862 4716 capituli
886 4635 917 4697 iu
942 4634 1121 4699 Boleslaviu
1145 4633 1282 4714 Antiqua
1305 4635 1389 4697 dicte
1413 4633 1502 4706 dioc,
1521 4633 1547 4696 si
1571 4632 1653 4712 quod
1678 4637 1769 4695 vacat

265 4740 309 4803 aad
332 4757 463 4822 presens
487 4741 536 4803 vel
557 4759 626 4803 curru
645 4741 814 4816 vacaverit,
838 4739 941 4802 eideru
966 4739 1138 4820 digueruiui
1162 4738 1598 4819 misericorditerprovidere,
1623 4756 1692 4799 curu
1717 4754 1766 4799 66-

266 4846 452 4926 ceptacioue
476 4851 536 4909 etc.
562 4849 595 4907 ot
618 4864 687 4908 curu
711 4845 854 4908 omuibus
879 4864 939 4908 uou
965 4844 1163 4908 obstantibus
1187 4849 1220 4907 et
1244 4843 1393 4906 elutrsulis
1417 4843 1581 4923 oportunis
1600 4861 1636 4905 66
1652 4859 1767 4905 execu-

273 4949 393 5013 toribus
416 4949 506 5014 utin
530 4948 639 5012 formo.

399 5072 471 5137 uias
494 5072 529 5135 G.
554 5070 628 5134 Siue
653 5071 716 5134 6116
739 5072 889 5135 leccioue.
915 5071 987 5134 Fiat
1011 5073 1047 5135 u.

398 5178 435 5240 D.
461 5177 542 5257 apud
569 5175 796 5240 Villaruuouaru
832 5175 1057 5239 Auiuioueusis
1092 5174 1171 5237 dioc.
1208 5175 1267 5236 1111
1304 5192 1375 5237 riou.
1403 5173 1535 5252 burgasti
1573 5193 1597 5234 6.
1623 5172 1765 5252 septimo.

397 5363 429 5418 R.
447 5363 544 5432 Suppl.
564 5370 596 5415 :ab
616 5362 662 5416 iol.
686 5369 741 5414 146.
