3944 6060
231 419 295 484 296
834 415 904 467 Acte
922 411 1076 468 Innocentii
1094 411 1139 466 VI.

231 627 328 693 clesia
351 625 554 692 Olomucensi
578 623 750 707 dignemini
774 641 949 705 reservare,
971 621 1179 689 conferendos
1202 624 1306 690 eidem
1337 623 1474 688 Henrico
1497 642 1568 688 cum
1594 629 1744 705 accepta·

231 732 331 811 cioue,
355 730 546 796 inhibitione
570 735 630 796 etc.
655 733 691 793 ut
714 746 811 810 supra
832 746 894 793 non
925 729 1082 805 obstante,
1105 728 1190 808 quod
1212 728 1245 793 in
1269 727 1354 792 dieta
1385 727 1522 792 ecclesia
1545 726 1743 793 auctoritate

231 835 426 916 quarundam
448 834 613 899 literarum
644 832 886 915 apostolicarum
911 832 1129 897 canonicatum
1152 833 1210 898 srrb
1240 832 1467 915 expectecione
1490 832 1653 915 prebende
1676 850 1735 897 no·

231 940 332 1004 scitur
354 939 509 1003 obtinere.
1172 935 1179 948 '

360 1041 432 1107 Fiet
455 1042 491 1106 G.

360 1147 441 1211 Item
464 1151 621 1227 quatenus
645 1143 762 1209 dilecto
786 1161 843 1209 suo
867 1142 1044 1209 Boczkonis
1068 1145 1102 1227 qi)
1127 1145 1242 1210 clerico
1275 1144 1495 1212 Olomucensis
1518 1145 1597 1211 dioc
1621 1144 1664 1209 do
1687 1162 1745 1210 ca·

231 1252 381 1317 nonicatu
405 1253 463 1315 sub
492 1247 719 1331 expectacIone
743 1249 903 1330 prebende
933 1247 967 1312 in
990 1249 1128 1314 ecclesia
1157 1249 1297 1332 Tynensi
1320 1249 1488 1332 Pregensis
1519 1249 1599 1316 dioc.
1624 1249 1741 1332 digne·

231 1356 307 1420 mini
330 1356 497 1437 providere
520 1372 590 1417 cum
620 1353 839 1417 reservatione
863 1359 924 1417 etc.
949 1358 985 1417 ut
1008 1371 1119 1435 supra,
1144 1356 1388 1436 nonobstante,
1423 1354 1507 1434 quod
1543 1353 1741 1419 auctoritate

232 1461 397 1525 literarum
421 1458 666 1542 apostolicamm
690 1456 909 1521 canonicatum
931 1458 1067 1523 ecclesie
1097 1457 1379 1541 Wyssegradensis
1402 1476 1500 1541 prope
1524 1458 1660 1541 Pragam
1683 1459 1740 1523 ob·

232 1564 315 1630 tinet
337 1569 371 1628 et
393 1564 587 1646 prebendam
610 1565 784 1643 exspectat.

362 1670 435 1734 Fiat
457 1670 494 1734 G.

361 1774 452 1856 Item,
475 1777 632 1853 quatenus
656 1790 712 1853 pro
736 1769 855 1836 Ottone
879 1770 1035 1852 quondam
1059 1769 1205 1848 Conradi,
1229 1771 1344 1835 clerico
1376 1771 1527 1854 Pragensi
1550 1768 1744 1836 beneficium

232 1877 483 1942 ecclesIesticum
507 1895 576 1940 curn
600 1893 675 1939 cura
698 1875 748 1939 vel
772 1874 840 1938 sine
857 1892 943 1957 cura,
965 1893 1080 1939 vocaris
1098 1876 1148 1939 vel
1164 1882 1356 1951 vacaturum,
1380 1882 1528 1959 spectans
1551 1876 1591 1940 ad
1614 1875 1744 1940 collaci-

233 2000 325 2046 onem
347 1988 408 2047 etc.
433 1980 662 2063 archiepiscopi
686 1978 821 2044 ecclesie
844 1979 1013 2061 Pregensis
1043 1981 1250 2045 communiter
1273 1982 1323 2045 vel
1347 1981 1482 2064 divisim,
1514 1978 1745 2047 conferendum

232 2084 336 2150 cidem
361 2086 471 2151 Ottoni
495 2085 667 2168 dignemini
690 2102 865 2164 reservare,
890 2103 959 2148 cum
984 2086 1206 2166 acceptatione
1229 2091 1289 2151 etc.
1313 2094 1477 2169 utsupra.

363 2189 436 2256 Fiat
459 2190 496 2256 G.

362 2296 453 2375 Item,
477 2300 633 2376 quatenus
656 2293 831 2358 Benedicto
855 2293 1009 2358 Friderici
1032 2294 1109 2360 dicti
1133 2296 1242 2361 Boemi
1266 2294 1381 2360 clerico
1404 2296 1574 2379 Progensis
1597 2296 1679 2361 dloc.
1698 2296 1744 2360 si·

233 2401 340 2465 milem
375 2400 512 2481 graciam
546 2399 651 2463 faeere
686 2398 868 2479 dignemini,
903 2417 973 2463 cum
1003 2418 1065 2464 non
1098 2400 1297 2464 obstantibus
1333 2406 1370 2465 ut
1402 2419 1507 2482 supra,
1539 2401 1579 2464 ad
1612 2400 1745 2466 collaci-

234 2523 325 2571 onem
349 2504 513 2588 prepositi,
538 2503 649 2568 decani
672 2510 706 2568 et
729 2503 859 2585 capituli
883 2503 1018 2569 ecclesie
1042 2504 1211 2586 PragensiS
1235 2506 1442 2571 communiter
1464 2503 1515 2569 vel
1538 2505 1674 2570 diviSIm.

365 2608 438 2673 Fiat
460 2607 497 2672 G.

364 2712 453 2794 Item,
471 2717 627 2792 quatenus
642 2712 837 2792 Duczconi0)
859 2715 933 2776 nato
956 2712 1129 2776 Raczconis
1152 2713 1192 2777 de
1208 2714 1279 2777 Dub
1302 2711 1412 2776 militis
1435 2712 1550 2778 clerico
1570 2711 1747 2795 Pregensis

234 2818 313 2882 dioc.
338 2817 377 2881 de
401 2815 587 2881 canonicatu
610 2817 668 2880 sub
692 2818 917 2898 expectacione
941 2818 1101 2896 prebende
1125 2819 1156 2882 in
1180 2818 1316 2881 ecclesia
1339 2815 1542 2881 Olomucensi
1565 2816 1745 2898 dignemini

234 2921 401 3006 providere
423 2940 493 2984 cum
516 2920 746 2998 reservatione,
771 2918 992 3002 acceptecione
1015 2927 1075 2985 etc.
1100 2927 1136 2986 ut
1159 2940 1255 3004 supra

364 3024 436 3089 Fiet
459 3024 496 3090 G.

363 3129 454 3211 Item,
478 3134 635 3210 quatenus
665 3147 722 3210 pro
745 3129 899 3212 Dytmaro
932 3131 1029 3196 Colde
1065 3132 1105 3195 de
1136 3131 1392 3213 Postrzyelimow
1423 3132 1538 3197 clerico
1571 3133 1748 3215 Pragensis

235 3234 315 3299 dioc.
339 3232 525 3298 beneficium
555 3233 805 3299 ecclesiasticum
829 3235 897 3300 sine
928 3255 1012 3314 cura,
1036 3242 1186 3318 spectans
1210 3237 1249 3301 ud
1284 3237 1488 3302 collationem
1511 3242 1572 3302 etc.
1596 3239 1748 3321 episcopi

237 3338 521 3421 Wratislaiuensis,
553 3337 776 3403 conferendum
807 3340 911 3404 eidem
935 3341 1107 3423 dignemini
1131 3359 1306 3416 reservare,
1339 3360 1408 3406 cum
1432 3341 1656 3424 acceptacione
1680 3348 1748 3408 etc.

236 3448 399 3524 utsupra.

364 3547 437 3611 Fiat
459 3546 495 3612 G.

366 3652 457 3735 Item,
480 3657 637 3732 quatenus
661 3651 796 3717 Slauate
820 3651 985 3719 Sdinconis
1009 3655 1048 3718 de
1080 3654 1177 3736 l‘yest
1199 3658 1385 3738 presbytero
1417 3655 1639 3721 Olomucensis
1662 3657 1750 3724 dioc

236 3758 275 3822 de
288 3758 443 3822 decanatu
467 3757 601 3821 ecclesie
615 3756 797 3839 Opoliensis
821 3757 1094 3824 Wratislauiensis
1118 3759 1208 3837 dioc,
1233 3760 1286 3840 qui
1304 3761 1443 3842 dignitas
1466 3761 1585 3842 existit,
1607 3769 1750 3828 vacante

236 3863 275 3926 ad
292 3880 425 3945 presens
441 3881 499 3943 per
514 3862 633 3926 obitum
649 3862 805 3942 quondam
815 3861 1005 3928 Hinczconis
1022 3864 1133 3928 decani
1150 3865 1292 3929 eiusdem
1310 3865 1444 3929 ecclesie
1461 3873 1553 3929 extra
1567 3865 1751 3931 Murenam

236 3967 354 4030 curiam
379 3964 529 4046 defuncti,
554 3965 653 4028 eciem
677 3967 703 4029 si
737 3966 841 4031 dictus
872 3968 1044 4032 decanatus
1077 3968 1281 4050 allsposicioui
1312 3969 1398 4033 sodis
1420 3969 1594 4051 apostolice
1626 3969 1671 4033 sit
1695 3988 1751 4035 re·

236 4076 390 4145 servatus
416 4069 587 4151 dignemini
610 4070 788 4152 providere,
812 4090 881 4134 cum
904 4072 1048 4136 omnibus
1063 4090 1124 4137 non
1144 4073 1343 4137 obstantibus
1359 4078 1393 4137 et
1408 4074 1558 4138 clausulis
1575 4076 1753 4156 oportunis

238 4182 271 4239 et
294 4175 527 4238 executoribus

369 4279 441 4343 Fiet
468 4279 505 4343 G.

368 4382 449 4447 Item
473 4382 632 4464 supplicat
654 4383 738 4447 idem
769 4383 1034 4467 archiepiscopus,
1064 4391 1220 4465 quatenus
1244 4386 1303 4450 sibi
1328 4387 1521 4452 concedendi
1545 4388 1603 4452 sub
1634 4387 1753 4470 sigillo

238 4506 295 4552 suo
319 4487 547 4569 quinquaginta
570 4487 715 4570 personis
738 4487 903 4551 licenciam
927 4487 1066 4569 eligendi
1090 4488 1297 4571 confessores,
1322 4491 1375 4570 qui
1397 4490 1454 4572 eis,
1477 4490 1509 4554 in
1533 4491 1645 4556 mortis
1669 4495 1755 4560 erti-

238 4592 308 4657 culo
332 4598 454 4656 tanturn
477 4593 602 4673 plenam
626 4592 843 4655 remissionem
869 4598 1069 4672 peccatorum
1093 4611 1220 4658 suorum
1252 4595 1425 4659 concedere
1449 4594 1611 4678 valea[n]t,
1636 4602 1753 4664 aucto-

238 4698 334 4760 rItate
359 4696 535 4777 apostolica
557 4696 743 4761 facultatem
766 4696 941 4761 concedere
965 4696 1138 4777 dignemini
1162 4699 1201 4761 de
1226 4698 1333 4778 grac-la
1356 4698 1497 4780 speciali.

368 4801 441 4864 Fiat
464 4801 503 4863 de
526 4801 612 4865 XXV
638 4800 675 4865 G.
1383 4853 1391 4861 ,

367 4904 448 4967 ltern
482 4905 650 4986 supplicat,
674 4910 830 4984 quatenus
866 4903 963 4969 nobili
997 4905 1122 4968 mulieri
1145 4906 1283 4987 Anargie
1318 4907 1756 4989 corrirugi110bilisvirido·

239 5007 315 5071 mini
351 5007 514 5072 VankoniS
538 5007 577 5071 de
601 5008 821 5090 Wartenberg,
845 5010 971 5073 baronis
994 5009 1084 5089 regni
1109 5010 1247 5091 Boernie,
1273 5012 1354 5090 quod
1371 5013 1598 5076 monasterium
1621 5015 1755 5081 morlia·

239 5111 315 5174 lium
339 5130 395 5176 seu
427 5130 568 5176 sororum
592 5112 712 5176 ordinis
736 5130 759 5176 s
793 5113 884 5176 Clare
909 5114 940 5176 in
963 5113 1108 5176 Zuuelicc
1134 5115 1168 5195 (l)
1203 5115 1375 5180 blisnensls
1399 5117 1478 5181 (linc.
1512 5135 1581 5180 oum
1606 5123 1753 5197 quatuor

239 5215 382 5280 honestis
405 5215 558 5280 matronis
582 5216 686 5281 bisin
709 5234 791 5281 armo
814 5218 933 5280 intrare
957 5218 1071 5298 valcat,
1094 5237 1156 5282 non
1187 5220 1386 5285 obstantibus
1410 5221 1649 5301 quibuscunque
1671 5240 1756 5290 con·

240 5319 463 5385 stituoionibus
485 5324 520 5383 et
541 5319 717 5402 privilegiis
740 5319 923 5403 apostolicIs
947 5307 1120 5387 concedere
1145 5322 1328 5405 dignemini.
