3944 6060
840 457 911 507 Acta
928 454 1080 508 Innocentii
1098 455 1143 509 Vl.

360 664 397 727 D.
422 661 443 725 f.
464 711 499 725 ..
534 664 662 728 maioris
685 671 719 726 et
738 714 770 727 ..
794 681 817 728 s.
841 664 949 745 Egidii
974 665 1141 746 Pragensis
1171 684 1208 729 ac
1228 716 1260 728 ..
1293 686 1317 730 s.
1342 667 1481 748 Agricoli
1514 667 1740 733 Auinionensis

231 767 437 831 ecclesiarum
468 767 597 831 decanis
628 767 764 831 salutem
794 774 854 831 etc.
887 767 1059 832 Probitatis
1093 776 1127 831 et
1160 769 1313 833 virtutum
1347 771 1471 847 merita,
1506 788 1604 853 super
1628 772 1740 852 quibus

248 920 336 934 ....
360 870 487 936 Caenko
511 879 605 935 natus
628 872 657 935 d.
671 870 691 935 f.
716 871 832 936 nobilis
848 871 1101 935 viriPrzibconis
1125 873 1163 935 de
1187 872 1457 955 Trzewowyetycz
1482 873 1647 959 [clericus]
1667 875 1740 940 Pra-

232 977 339 1057 gensis
363 976 443 1040 dioc.
468 975 627 1057 fidedigno
651 976 889 1040 commendatur
911 976 1104 1056 testimonio,
1128 993 1185 1040 nos
1198 975 1360 1053 inducunt,
1383 984 1420 1041 ut
1439 978 1498 1042 sibi
1515 979 1688 1043 reddamur
1708 980 1741 1043 in

231 1078 431 1143 exhibicione
448 1077 625 1160 s[pecialis]
641 1078 746 1160 gracie
762 1076 922 1142 liberales.
946 1078 1050 1143 Hodie
1074 1080 1230 1159 siquidem
1254 1098 1310 1162 pro
1334 1086 1425 1162 parte
1448 1082 1549 1162 ipsius
1566 1080 1740 1149 Ozenconis

230 1183 322 1247 nohis
338 1182 494 1264 exposito,
511 1182 595 1261 quod
611 1181 685 1246 olim
701 1181 770 1262 ipse
787 1180 840 1264 [ad
866 1182 1106 1265 parrochialem]
1131 1183 1298 1261 ecclesiam
1313 1184 1346 1247 in
1362 1183 1446 1248 Zwol
1465 1235 1472 1248 .
1492 1237 1499 1248 .
1519 1235 1525 1246 .
1547 1183 1594 1265 ,1)
1611 1204 1739 1267 presen-

234 1293 321 1350 tatus
341 1339 347 1350 .
368 1340 374 1352 .
395 1337 400 1349 .
422 1336 428 1346 .
452 1285 558 1349 fuerat
577 1337 583 1348 .
605 1339 609 1347 .
631 1336 637 1348 .
658 1285 832 1365 ‚illamque
855 1303 913 1367 per
935 1287 1073 1366 quinque
1098 1305 1196 1351 annos
1219 1293 1253 1351 et
1276 1288 1411 1369 amplius
1434 1293 1625 1367 reluctata
1653 1339 1739 1356 ....

232 1392 272 1455 ad
297 1391 420 1471 aliquos
443 1390 577 1473 slaoros]
602 1389 730 1454 ordines
752 1408 815 1453 non
838 1396 1009 1471 promotus,
1028 1440 1035 1452 .
1056 1443 1062 1454 .
1084 1442 1088 1449 .
1110 1439 1115 1451 .
1141 1409 1199 1455 nos
1215 1409 1337 1455 omnem
1354 1392 1567 1458 inhabilitatis
1585 1395 1741 1459 maculam

231 1513 290 1576 per
312 1495 415 1576 ipsum
438 1494 664 1576 premissorum
687 1493 853 1557 occasione
876 1500 1071 1558 contractam
1094 1495 1298 1577 abolevimus,
1322 1497 1480 1561 voluimus
1504 1503 1621 1581 1611611,
1657 1499 1741 1579 quod

231 1607 347 1663 extunc
371 1600 488 1663 dictam
511 1598 679 1662 ecclesiam
702 1597 834 1660 realiter
856 1603 891 1661 et
913 1599 1039 1663 omnino
1063 1598 1224 1662 dimittere
1240 1604 1406 1663 teneretur
1424 1650 1430 1661 .
1451 1650 1458 1662 .
1478 1651 1511 1664 ..
1537 1599 1616 1665 Cum
1632 1603 1741 1683 itaque

233 1703 319 1766 dicta
341 1701 549 1784 parrochialis
583 1701 722 1765 ecclesia
756 1702 929 1766 secundum
963 1703 1119 1784 premissa
1152 1704 1313 1768 vacaverit
1347 1710 1381 1767 et
1414 1723 1527 1769 vacare
1551 1707 1679 1771 dicatur
1701 1707 1742 1772 ad

233 1824 375 1888 presens,
398 1824 455 1871 nos
479 1807 623 1870 volentes
647 1805 731 1869 dioto
756 1804 917 1870 Gzenlroni
936 1858 942 1869 .
964 1857 970 1869 .
992 1856 1023 1870 ..
1050 1807 1188 1888 graciam
1211 1806 1317 1871 iacere
1341 1809 1521 1888 specialem,
1546 1809 1738 1875 discrecioni

233 1918 339 1976 vestre
356 1930 414 1993 per
429 1911 604 1993 apostolica
620 1910 738 1992 scripta
753 1911 949 1992 mandamus,
973 1918 1129 1992 quatenus
1146 1929 1201 1975 vos
1220 1962 1227 1975 .
1249 1969 1252 1973 .
1275 1964 1281 1975 .
1303 1966 1307 1974 .
1326 1912 1443 1976 dictam
1459 1913 1638 1996 ecclesiam,
1655 1919 1741 1995 post·

232 2034 325 2096 quam
349 2014 435 2079 illam
459 2015 591 2079 realiter
614 2014 779 2095 dimiserit,
813 2021 849 2078 ut
871 2014 1040 2096 prefertur,
1076 2014 1112 2086 si,
1137 2019 1173 2077 ut
1196 2013 1401 2095 premittitur,
1427 2021 1519 2079 vacat
1541 2021 1575 2079 et
1597 2021 1743 2098 tempore

232 2120 306 2184 date
330 2119 528 2201 presencium
563 2136 625 2182 non
649 2119 692 2181 sit
716 2119 747 2182 in
770 2135 810 2181 ea
841 2118 936 2183 alicui
959 2117 1143 2200 specialiter
1176 2117 1226 2180 ius
1249 2117 1419 2197 quesitum,
1451 2119 1555 2182 eidem
1579 2118 1744 2186 Gzenlroui

232 2222 532 2290 ....auctoritate
556 2227 665 2286 nostra
688 2220 831 2286 conferre
854 2228 889 2287 et
911 2223 1074 2303 assignare
1105 2220 1223 2283 emotis
1244 2271 1249 2282 .
1271 2270 1276 2281 .
1297 2269 1331 2283 ..
1357 2221 1393 2283 1).
1426 2221 1583 2285 Aninione
1609 2221 1656 2287 XI
1680 2223 1743 2290 kal.

231 2327 321 2392 Junii
345 2345 372 2393 a.
397 2332 519 2406 quarto.

360 2533 391 2585 R.
410 2534 460 2586 Ar.
481 2538 530 2585 134
549 2531 595 2585 fol.
614 2538 673 2585 413.
700 2562 733 2570 -
763 2537 786 2597 al
804 2531 919 2585 Taxatio
938 2531 1018 2600 qrrasi
1046 2530 1136 2584 deleto
1157 2538 1207 2584 est.
1236 2530 1262 2593 b)
1280 2530 1338 2582 lite.
1358 2535 1422 2583 mut.
1442 2531 1581 2584 mutandis
1601 2538 1633 2585 ut
1651 2532 1681 2586 in
1699 2550 1743 2588 nr.

231 2625 290 2674 444.
313 2649 339 2659 -
364 2622 388 2686 0)
407 2618 543 2687 ,tenuerit‘
561 2622 610 2670 Ar.

881 2775 1086 2786 ——.—

231 2953 322 3016 445.
347 2951 470 3015 Zdealco
492 2950 529 3014 de
552 2951 636 3032 Lipa
659 2955 809 3028 monetur,
832 2953 985 3032 amianas
1009 2948 1048 3012 ab
1070 2950 1155 3011 omni
1177 2947 1299 3011 auxilio
1317 2950 1484 3013 Francisco
1499 2949 1537 3012 de
1554 2946 1743 3029 Ordelossis

789 3052 989 3135 praestando
1011 3052 1178 3118 6116116661.

1064 3190 1159 3272 Apud
1189 3189 1428 3269 Villamnoaam,
1453 3192 1537 3256 1356
1559 3191 1646 3259 Jalii
1671 3197 1700 3259 1.

364 3383 401 3445 D.
418 3381 439 3446 f.
456 3380 554 3445 nobili
570 3381 638 3445 viro
654 3381 829 3460 Ζ611116111·)
854 3381 894 3444 de
917 3380 1019 3462 Lippa
1042 3379 1262 3445 Olomucensis
1279 3381 1358 3445 dioc.
1381 3381 1516 3445 salutem
1532 3388 1594 3447 etc.
1619 3382 1654 3448 Si
1670 3402 1743 3449 con·

233 3487 402 3564 siderareS,
419 3485 473 3566 lili,
490 3503 584 3565 quam
599 3502 711 3566 graves
734 3502 833 3566 penas
849 3484 1001 3548 adversus
1016 3484 1229 3549 hereticorum
1246 3483 1388 3549 fautores
1402 3491 1584 3551 statuerunt
1600 3488 1742 3552 sanccio·

232 3609 290 3655 nes
314 3591 464 3655 canonice
495 3595 529 3653 et
559 3589 679 3664 civiles,
714 3593 859 3652 tenemus
891 3587 1029 3668 indubie,
1059 3589 1143 3669 quod
1173 3589 1411 3671 dampnationis
1435 3596 1469 3653 et
1492 3591 1742 3656 abominaciouis

236 3695 301 3760 filio
326 3695 492 3759 l'rancisco
516 3693 555 3757 de
580 3691 749 3756 Ordelaifis
772 3691 832 3755 civi
855 3691 1045 3756 Forliuiensi
1068 3710 1131 3757 non
1158 3692 1258 3757 solum
1292 3710 1384 3774 opem
1408 3712 1469 3759 non
1494 3691 1596 3758 ferres
1618 3695 1743 3777 auxilii,

232 3800 305 3880 imo,
329 3805 481 3878 quantum
505 3799 537 3861 in
561 3804 593 3861 te
617 3802 713 3876 esset,
747 3796 826 3859 alios
857 3796 895 3858 ab
919 3796 1002 3858 omni
1034 3796 1064 3859 ei
1096 3796 1269 3876 prestando
1292 3797 1434 3861 subsidio
1457 3796 1654 3878 prohiberes.
1699 3798 1743 3863 nt

232 3904 317 3982 ideo,
340 3920 389 3983 ne,
412 3902 495 3981 quod
518 3901 611 3981 absit,
635 3900 667 3963 in
691 3915 789 3980 penas
813 3898 992 3963 huiusmodi
1008 3917 1066 3980 per
1088 3901 1302 3980 ignorantiam
1325 3899 1407 3964 forte
1431 3918 1513 3982 ruas,
1537 3901 1605 3982 tihi,
1629 3908 1667 3966 ut
1683 3908 1739 3967 tue

233 4006 329 4070 saluti
353 4012 487 4087 paterna
510 4005 713 4070 solicitudine
738 4001 947 4077 consulamus
971 4008 1081 4066 tenore
1105 4003 1305 4082 presencium
1328 4003 1525 4084 intimantes,
1548 4005 1632 4084 quod
1656 4004 1742 4070 idem

231 4110 419 4174 l‘ranciscus
442 4110 624 4173 iamdudum
654 4108 714 4171 luit
744 4107 783 4170 de
807 4105 913 4168 heresi
937 4106 1195 4187 condempnatus,
1225 4107 1425 4171 nobilitatem
1453 4113 1540 4171 tuam
1562 4126 1739 4191 monemus,

233 4215 422 4294 requirimus
446 4221 479 4277 et
500 4213 664 4278 hortamur
686 4213 719 4275 in
744 4210 879 4290 domino,
903 4209 989 4273 illam
1015 4214 1138 4273 attente
1161 4216 1311 4292 rogantes
1335 4211 1456 4291 tibique
1480 4217 1534 4275 tue
1558 4211 1673 4277 salutis
1689 4214 1744 4279 oh-

234 4324 326 4382 tentu
360 4318 543 4399 expressius
577 4317 790 4397 iniungentes,
826 4320 983 4394 qaratenus
1014 4315 1052 4377 ab
1077 4314 1160 4377 ornni
1187 4315 1304 4379 auxilio
1328 4320 1362 4378 et
1384 4314 1492 4379 lavore
1513 4314 1575 4398 ipsi
1598 4314 1745 4382 heretico

232 4422 404 4503 prestando
428 4422 579 4503 deinceps
602 4421 763 4484 abstineas
786 4427 820 4483 61
843 4425 970 4502 gentem
994 4417 1191 4498 aarruigeram,
1226 4437 1319 4497 quam
1343 4419 1373 4482 ei
1397 4418 1592 4482 concessisse
1616 4419 1745 4503 diceris,

235 4528 275 4591 ad
299 4533 331 4591 te
355 4546 417 4591 non
441 4525 571 4590 differas
594 4544 754 4602 revocare,
777 4525 824 4588 ita
849 4525 932 4604 qnod
956 4523 988 4585 in
1012 4529 1044 4586 te
1067 4521 1227 4584 invenisse
1251 4540 1309 4586 nos
1331 4522 1430 4586 filium
1455 4522 1641 4587 obediencie
1665 4541 1744 4606 gau-

234 4633 373 4705 deamus,
411 4650 469 4696 nec
493 4636 640 4712 oporteat
663 4630 749 4693 aliud
774 4646 869 4711 super
892 4627 950 4692 hoc
974 4627 1147 4690 remedium
1172 4625 1333 4703 adhibere,
1358 4628 1504 4708 sciturae,
1539 4627 1623 4706 quod
1645 4646 1745 4694 vene·

231 4736 384 4800 rabilibus
419 4735 570 4799 fratribus
600 4735 718 4799 nostris
752 4733 989 4815 archiepiscopo
1021 4731 1171 4812 Prageusi
1207 4737 1241 4793 et
1271 4781 1277 4792 .
1309 4781 1315 4792 .
1351 4731 1500 4812 episcopo
1535 4729 1744 4796 Olomucensi

233 4840 343 4904 damus
367 4857 425 4921 per
447 4839 527 4902 alias
551 4845 676 4902 nostras
700 4839 826 4902 litteras
849 4837 881 4899 in
905 4835 1073 4912 mandalia,
1098 4840 1133 4897 ut
1156 4841 1199 4911 te,
1223 4834 1285 4897 nisi
1308 4834 1537 4898 monitionibus
1561 4834 1682 4899 nostris
1709 4835 1745 4900 in

231 4942 290 5008 hac
313 4952 404 5024 parte
428 4943 573 5024 parueris
597 4960 666 5006 oum
690 4942 817 5021 ellectu,
852 4940 1003 5003 incidisse
1027 4939 1182 5019 inponas
1214 4937 1393 5002 huiusmodi
1417 4936 1609 5002 auctoritate
1632 4950 1747 5005 nostra

232 5048 404 5112 declarent.
430 5048 466 5110 11.
491 5047 574 5128 apud
599 5046 829 5110 Villamnouam
853 5044 1078 5107 Λ111111611611616
1102 5041 1182 5106 dioc.
1206 5042 1269 5105 hal.
1294 5040 1423 5105 1111116.
1448 5046 1570 5121 116116.

362 5229 393 5286 R.
413 5231 474 5287 Vat.
494 5240 544 5291 238
564 5232 610 5287 iol.
633 5240 689 5287 111.
709 5262 740 5272 n—
761 5233 825 5299 neg.
846 5232 918 5300 apud
938 5230 1103 5298 Werunslry,
1123 5230 1261 5299 1111161616
1279 5247 1317 5283 nr.
1338 5238 1396 5284 365.
1420 5261 1444 5268 -
1472 5231 1495 5298 a)
1513 5228 1663 5293 ‚Zenlrone‘
1680 5230 1743 5287 Vct
