3944 6060
742 431 809 480 isso
831 422 937 495 Aprilis
957 429 989 479 16
1008 454 1041 466 -
1059 422 1162 494 Aprilis
1181 428 1222 477 96.
1671 423 1735 488 429

233 644 355 720 partem
378 637 536 701 fructuum
561 636 611 699 rel
634 642 752 716 taxum,
777 635 961 701 solvendum
985 635 1036 699 lric
1059 635 1109 699 vel
1134 634 1295 699 collectori
1320 635 1521 713 inpartibus,
1546 652 1615 696 cum
1643 633 1735 695 satis-

232 742 381 807 faccionis
404 742 522 806 litteris
546 741 725 806 collectoris
755 741 806 804 hic
830 745 964 822 apparet
986 738 1068 803 intra
1098 737 1213 804 testum
1238 738 1466 819 penteclrostes
1489 757 1517 800 a.
1541 736 1736 817 MGCGLXI,

233 846 433 929 presentibus
458 844 633 909 Wernerlro
657 846 696 909 de
722 845 862 910 Asendia
884 850 917 909 et
940 843 1085 908 iohanne
1111 844 1229 907 Roseti.
1252 878 1294 888 —
1319 841 1478 905 Arnaldns
1500 840 1664 905 iohannis.

359 1052 418 1105 Col.
455 1050 541 1103 Alam.
567 1055 617 1102 20⁶2
644 1049 689 1102 iol.
713 1056 750 1100 1⁶2.
771 1080 802 1087 —
823 1049 872 1102 Ed.
892 1049 965 1117 apud
986 1049 1095 1116 Kirsclr,
1113 1052 1240 1103 Annaten
1260 1050 1270 1100 l
1291 1065 1351 1117 pag.
1371 1053 1421 1100 263
1442 1065 1480 1100 nr.
1501 1056 1540 1101 58.
1568 1049 1592 1111 ἃ)
1612 1046 1737 1113 Corrige:

235 1138 372 1204 ,noradin
393 1168 424 1177 -
444 1136 520 1191 Cani.
540 1153 580 1189 nr.
603 1142 676 1189 1070.

240 1536 352 1604 1075.
379 1536 511 1600 Carolus
536 1538 748 1599 Rorrranormn
772 1535 948 1618 imperator
970 1537 1142 1621 supplicat,
1166 1542 1319 1621 puatenns
1343 1536 1477 1600 Hernico
1494 1542 1567 1600 rum
1583 1536 1739 1619 prrorrdanr

240 1642 382 1722 (iotfridi
404 1641 441 1705 de
464 1640 707 1722 Norimberpa·)
731 1659 787 1703 suo
810 1639 974 1721 capellano
997 1646 1026 1705 et
1042 1640 1212 1726 familiari
1234 1641 1403 1705 domestico
1426 1641 1463 1705 de
1486 1642 1677 1705 canonicatu
1692 1661 1739 1704 co·

236 1746 346 1810 clasiae
368 1743 553 1825 collepiatao
575 1766 599 1809 s.
627 1741 795 1826 Gurnperti
817 1744 850 1808 in
867 1743 1013 1809 Aristaei
1025 1743 1050 1826 b)
1080 1746 1312 1829 Herbipotensis
1335 1745 1417 1810 dioc.
1441 1766 1510 1810 cum
1532 1746 1740 1810 reservatione

231 1848 438 1933 praebendae,
461 1848 640 1928 dipnitatis,
659 1851 848 1928 personatus
873 1851 931 1911 ant
961 1849 1064 1928 ofteii
1081 1849 1300 1934 provideatur.
1324 1887 1367 1896 -
1391 1849 1487 1933 ,Fiat
1511 1847 1568 1911 G.“
1595 1887 1636 1895 —
1661 1851 1740 1913 Item

237 1952 406 2037 supplicat,
429 1955 584 2035 qnatenus
606 1950 715 2040 clerico
736 1972 793 2015 suo
816 1953 910 2016 Petro
934 1954 1058 2017 Ir'usclrc
1081 1953 1119 2018 de
1144 1955 1323 2035 oronam)
1347 1953 1583 2037 Herbipolensis
1606 1954 1684 2017 dioc.
1701 1953 1739 2018 do

238 2058 425 2124 canonicatu
457 2056 515 2121 sub
549 2058 762 2138 expectatione
790 2057 993 2140 praebendae
1025 2059 1172 2124 eudesius
1201 2081 1226 2123 s.
1263 2058 1351 2122 Petri
1391 2058 1609 2141 Wimpincnsis
1640 2057 1740 2122 Vallis

244 2161 479 2227 tlornratiensis
502 2161 576 2225 dioc.
598 2160 819 2243 provideatur.
843 2198 884 2207 -—
911 2163 1005 2243 „liat
1030 2162 1068 2228 G.
1085 2162 1161 2227 Sine
1183 2161 1250 2227 alio
1274 2163 1412 2228 leccione.
1436 2164 1509 2227 rtac
1534 2161 1572 2227 G.
1601 2164 1637 2225 l).
1663 2163 1738 2226 Arri-

237 2269 325 2332 nione
348 2264 400 2329 XI
416 2266 481 2330 nar.
509 2266 592 2331 Maii
607 2287 636 2330 a.
654 2268 791 2332 octavo.“

1200 2406 1362 2486 Aoinione,
1390 2408 1474 2470 iseo
1498 2405 1622 2487 Aprilis
1644 2410 1696 2469 21.

365 2614 396 2667 n.
426 2613 520 2681 Suppl.
546 2621 577 2665 31
604 2612 652 2667 iol.
677 2620 729 2666 95⁶.
757 2646 782 2651 -„
821 2617 844 2679 o)
872 2613 1060 2681 ‚Nrrremlrerg‘
1085 2614 1180 2682 Suppl.
1213 2614 1238 2680 b)
1265 2613 1448 2682 ,Onoltspech‘
1484 2612 1580 2681 Snppl.
1613 2615 1636 2678 c)
1662 2612 1743 2680 ,Oren

237 2703 294 2767 gen‘
312 2700 407 2768 Suppl.
1752 2709 1756 2716 “

243 2997 354 3063 1076.
381 2997 589 3075 Treuerensis,
612 2994 876 3077 Salmburpcnsis,
910 2997 1129 3077 liupuntinus,
1166 2998 1337 3077 Propensis
1366 2996 1607 3081 archiepiscopi,
1631 2997 1737 3079 Angu-

241 3100 362 3174 stensis,
387 3099 573 3183 Miudensis,
600 3097 849 3165 Constantiensis
882 3100 1018 3184 episcopi
1047 3122 1099 3166 nec
1134 3122 1196 3165 non
1228 3102 1405 3167 Guilelmus
1427 3102 1566 3167 decanus
1590 3101 1739 3167 ecclesiae

247 3202 496 3287 l'isscpradensis
518 3207 680 3286 ropuntur,
705 3209 857 3287 qnatenus
883 3204 1030 3270 Carolum
1053 3208 1267 3269 Ronlanorum
1292 3208 1513 3288 imperatorem
1529 3210 1558 3269 ct
1572 3205 1745 3270 Bolremioe

243 3329 342 3389 repom
379 3308 543 3388 traducant,
566 3313 602 3372 ut
632 3309 745 3391 Epidio
779 3310 922 3391 episcopo
957 3309 1133 3382 Sobincnsi
1168 3308 1358 3392 apostolicae
1386 3310 1470 3374 sedis
1499 3311 1610 3391 lepato,
1633 3315 1743 3373 contra

241 3413 452 3478 Bernobooem
474 3413 511 3477 de
541 3413 771 3477 Vicecomititus
803 3412 960 3477 auxilium
991 3419 1142 3495 praestet,
1166 3413 1266 3476 eidem
1288 3412 1467 3478 Bernabooi
1488 3414 1680 3491 mandando,
1710 3420 1743 3476 nt
1827 3472 1829 3476 .

387 3517 427 3581 ab
451 3518 609 3581 invasione
631 3522 661 3582 et
683 3516 896 3581 molestatione
919 3524 1077 3581 terrarum
1102 3517 1251 3581 ecclesiae
1276 3520 1436 3582 Romanae
1458 3518 1599 3582 desistat.

1203 3673 1366 3753 Aoinione,
1391 3673 1477 3740 130'0
1499 3673 1624 3757 Aprilis
1647 3678 1699 3740 26.

368 3881 446 3946 Ven.
472 3881 509 3946 ir.
535 3883 642 3948 Ulrico
666 3884 815 3965 episcopo
840 3885 1032 3964 augustensi
1059 3885 1193 3947 salntem
1219 3890 1279 3949 etc,
1307 3885 1377 3948 Etsi
1402 3885 1598 3966 singulorum
1622 3885 1742 3949 Christi

247 3985 410 4052 fidelium.
431 4036 465 4051 ..
486 4040 492 4051 .
538 3985 632 4070 Sane,
663 3993 758 4070 prout
782 3988 821 4051 ad
845 3986 1055 4053 fraternitatis
1086 3993 1140 4052 tue
1164 3987 1314 4053 noticiam
1338 3987 1401 4051 iarn
1424 3988 1528 4070 potuit
1550 3990 1744 4072 pervenisse,

245 4091 371 4155 civitate
395 4092 596 4174 Bononiensi,
620 4111 680 4173 qne
704 4092 839 4156 ecclesie
864 4092 987 4173 prefate
1018 4092 1188 4174 peculiaris
1211 4091 1331 4173 existit,
1362 4093 1402 4156 ud
1425 4101 1565 4157 nostram
1588 4100 1622 4159 et
1643 4096 1744 4177 ipsius

246 4196 380 4260 ecclesie
410 4194 597 4261 fidelitatem
628 4202 662 4260 et
685 4197 903 4260 obedienciam
934 4203 1007 4278 post
1029 4196 1220 4278 multiplices
1241 4202 1275 4260 et
1299 4214 1412 4278 graves
1436 4198 1607 4280 angustiae,
1630 4200 1744 4280 quibus

243 4297 299 4363 fuit
321 4317 435 4382 pressa
457 4300 589 4376 diucius,
621 4300 746 4365 noviter
769 4301 877 4365 divina
907 4302 1014 4383 grecia
1037 4300 1214 4383 opitulante
1246 4301 1386 4376 reducta,
1412 4301 1575 4366 Bernatros
1599 4304 1638 4366 de
1654 4305 1743 4368 Vice-

245 4404 408 4468 eomitibus
431 4404 523 4468 miles
548 4405 796 4470 Mediolanensis
819 4406 979 4487 pietensis
1002 4406 1187 4486 quibusdam
1205 4403 1287 4468 fictis
1304 4405 1469 4486 coloribus,
1493 4407 1546 4485 qni
1564 4407 1595 4469 in
1612 4425 1743 4473 examen

245 4508 456 4591 diligencioris
488 4510 754 4573 consideracionis
785 4510 923 4592 adducti,
958 4528 1020 4573 non
1051 4509 1120 4573 eius
1144 4510 1226 4572 tueri
1250 4508 1483 4572 frustratoriam
1507 4529 1633 4574 causam
1656 4512 1741 4576 vide·

242 4611 364 4693 buntur,
400 4613 457 4676 sed
484 4631 539 4677 eos
561 4614 671 4694 pocius
695 4621 804 4695 aperte
829 4614 986 4679 corrstatrit
1010 4614 1048 4676 de
1072 4613 1209 4693 nraligne
1245 4613 1482 4677 adinvencionis
1517 4632 1573 4678 sue
1598 4617 1743 4697 nequicia

245 4716 446 4797 processisse,
469 4722 579 4781 contra
601 4718 762 4782 civitatem
786 4718 886 4799 ipsam
909 4717 1044 4782 hostiles
1067 4717 1165 4780 movit
1188 4717 1324 4780 irrsuitns
1348 4736 1481 4798 eantque
1505 4719 1624 4784 eteius
1648 4722 1741 4785 corni

245 4823 343 4883 tatum
367 4824 401 4883 et
424 4820 603 4885 districtum
628 4822 680 4885 dei
703 4822 816 4886 timore
840 4821 1017 4903 postposito
1051 4819 1230 4884 temerariis
1253 4826 1384 4884 conatur
1409 4822 1539 4886 ausibus
1564 4844 1745 4906 oppugnare

245 4941 279 4987 ac
299 4924 441 5007 insuper,
465 4926 546 5005 quod
570 4926 720 4990 maiorem
745 4927 851 5009 arguit
874 4945 929 4990 sue
954 4925 1145 4991 temeritatis
1170 4923 1342 5015 audaciam,
1375 4925 1499 4991 hostem
1524 4946 1560 4992 se
1585 4929 1744 5010 publicum

244 5027 325 5093 dicte
361 5028 498 5093 ecclesie
530 5031 673 5111 nequiori
708 5031 906 5095 exhibicione
941 5049 1070 5112 operum
1101 5027 1308 5093 manifestans
1332 5035 1429 5094 etex
1453 5049 1509 5094 sue
1533 5032 1744 5114 malignitatis

243 5133 390 5214 nequicia
423 5133 556 5197 amalis
591 5135 708 5199 cotidie
732 5135 764 5199 in
788 5136 897 5218 peiora
920 5135 1111 5216 discurrens
1147 5152 1205 5214 per
1237 5137 1349 5214 gentes
1384 5153 1457 5200 snos
1489 5137 1661 5217 annigeros
1685 5137 1749 5201 ulia

242 5240 341 5300 temtus
365 5242 399 5300 et
422 5237 493 5301 loca
515 5238 616 5320 ipsius
642 5240 778 5303 ecclesie
804 5240 835 5302 in
860 5239 1021 5320 provincia
1045 5237 1229 5303 itomaniole
1254 5238 1636 5320 constitutadiscurrere,
1661 5242 1747 5304 inva-

243 5340 317 5408 tlere
352 5359 390 5421 ao
420 5341 581 5426 predictus
614 5343 742 5426 rupinas
771 5349 805 5406 et
827 5342 975 5407 incendia
1007 5342 1039 5406 in
1064 5341 1127 5405 illis
1153 5341 1260 5407 iacere
1284 5342 1467 5405 temeritate
1492 5341 1586 5406 simili
1610 5362 1671 5406 non
1696 5363 1746 5407 ve-
