3990 6052
777 433 841 481 rus
859 427 953 481 muas
973 433 1006 482 ro
1024 456 1057 468 -
1077 428 1169 482 mann
1189 431 1229 482 aa.
1700 430 1763 498 281

250 637 422 702 nativitate
453 637 571 702 domini
601 637 770 702 millesimo
801 638 1027 702 trecentesimo
1058 638 1330 720 quinquagesimo,
1360 639 1502 720 proxime
1518 672 1520 676 >
1534 646 1610 703 tunc
1644 639 1764 720 futuro,

248 755 308 822 pro
332 759 459 806 suorum
474 747 676 823 peccatorum
700 742 887 807 remissione
903 742 1048 824 plenaria
1063 741 1243 822 obtinenda,
1267 760 1400 824 peregre
1424 742 1706 824 proficiscencium,
1735 739 1763 807 si

251 862 307 908 eos
330 863 371 908 ex
394 863 490 910 causa
512 845 693 910 huiusmodi
724 846 764 909 ad
787 846 904 912 Vrbem
927 845 1107 910 accedendo
1139 845 1295 927 prefatam
1319 847 1370 910 vel
1402 847 1552 912 morando
1584 847 1617 912 iu
1641 866 1681 911 ea
1704 843 1760 910 seu

251 950 430 1013 recedendo
453 952 492 1014 ab
515 949 586 1031 ipsa
609 952 703 1014 rebus
727 951 822 1013 eximi
846 950 1047 1032 contingeret
1070 951 1108 1012 ab
1132 949 1287 1027 immania,
1310 950 1476 1016 collacioni
1500 957 1534 1014 et
1556 951 1763 1032 dispositioni

250 1070 307 1116 sue
330 1055 533 1118 reservavit.
554 1103 560 1117 .
580 1104 588 1117 .
608 1106 614 1119 .
641 1054 844 1135 (luminaque
868 1054 1078 1136 postmodum,
1103 1055 1187 1119 sicut
1207 1055 1396 1136 accepimus,
1419 1055 1520 1120 altare
1537 1073 1562 1119 s.
1578 1054 1761 1138 wenceslai

250 1157 346 1221 situm
368 1158 402 1220 in
425 1158 561 1222 ecclesia
596 1159 761 1240 Pragensi,
785 1159 869 1239 quod
903 1159 1060 1239 quondam
1095 1158 1287 1223 Cunculinus
1322 1159 1426 1222 dictam
1449 1158 1660 1224 Heroltonicn
1684 1159 1760 1222 dicti

252 1260 361 1325 altaris
384 1268 490 1327 rector
512 1271 656 1343 tempore
680 1264 730 1326 sui
753 1264 860 1327 obitus
883 1263 1057 1344 obtinebat,
1081 1282 1140 1344 per
1163 1262 1342 1327 huiusmodi
1367 1263 1488 1327 obitum
1512 1264 1613 1345 ipsius
1637 1263 1761 1328 Cuncu-

250 1364 316 1445 lini,
340 1367 393 1445 qui
427 1387 454 1430 a.
480 1387 498 1429 a
522 1367 690 1431 nativitate
713 1366 869 1447 predicto,
900 1367 1080 1431 recedendo
1106 1386 1125 1430 a
1148 1367 1234 1430 dicta
1270 1365 1364 1444 Vrbe,
1400 1368 1555 1446 adquam
1591 1386 1630 1430 es
1662 1385 1759 1430 cansa

251 1469 394 1550 predicta
417 1478 605 1551 accesserat,
629 1476 721 1534 extra
744 1472 916 1535 Romanam
940 1472 1059 1535 curiam
1089 1470 1172 1534 diem
1198 1470 1312 1535 clausit
1336 1477 1521 1551 extremum,
1545 1471 1705 1536 vacaverit
1728 1477 1761 1533 et

251 1591 363 1638 vacare
387 1582 537 1640 noscatur
561 1576 602 1638 ad
625 1593 768 1657 presens,
800 1592 857 1640 nos
881 1575 1025 1640 volentes
1048 1575 1152 1640 eidem
1182 1575 1405 1639 Theoderico.
1427 1576 1630 1657 ...graciam
1654 1574 1759 1639 lacere

251 1678 431 1759 specialem,
457 1680 646 1744 discrecioni
677 1686 835 1744 vestre..
857 1729 889 1743 ..
913 1679 1109 1752 mandamus,
1140 1684 1298 1758 quatenus
1318 1727 1324 1741 .
1344 1729 1351 1743 .
1372 1729 1405 1742 ..
1439 1679 1558 1743 dictum
1582 1678 1694 1757 altare,
1719 1679 1760 1741 ad

251 1780 300 1844 dd.
318 1781 348 1845 ff.
365 1782 497 1863 capituli
513 1783 598 1847 dicte
614 1782 750 1847 ecclesie
774 1783 989 1860 collacionem,
1014 1788 1050 1846 ut
1067 1766 1230 1862 asseritur,
1254 1784 1427 1863 pertinens,
1450 1784 1486 1863 si,
1503 1788 1539 1845 ut
1554 1783 1759 1864 premittitur,

251 1891 366 1948 vacat.
387 1934 394 1947 .
415 1936 460 1964 ..,
498 1887 601 1951 eidem
625 1885 824 1954 Theoderico
849 1888 1040 1951 auctoritate
1064 1894 1173 1952 nostra
1203 1887 1347 1952 conferre
1370 1893 1404 1950 et
1434 1887 1596 1969 assignare
1627 1886 1757 1950 curetis.

251 1990 395 2052 ....1).
420 1990 577 2055 Aninione
603 1991 645 2054 Vl
668 1992 711 2054 id.
736 1990 848 2054 Marcii
872 2010 897 2053 a
922 1996 1025 2055 sexto.
1577 2002 1579 2005 ’

377 2195 408 2248 R.
428 2197 478 2248 Ar.
499 2202 547 2249 139
567 2195 613 2249 iol.
634 2201 701 2261 362⁶,
720 2195 751 2248 R.
766 2195 825 2247 Vat.
839 2201 890 2249 2³3
904 2197 1031 2249 101261Ι
1052 2227 1083 2236 -
1104 2198 1125 2260 ¹)
1141 2204 1206 2250 1349
1221 2196 1337 2264 Augusti
1351 2203 1391 2249 90.
1409 2226 1436 2236 -
1454 2197 1496 2250 lle
1509 2196 1665 2266 provisione
1678 2211 1757 2265 prae-

248 2282 304 2336 lato
321 2281 491 2335 Theoderico
509 2282 543 2335 de
562 2283 642 2335 altari
661 2282 688 2334 iu
707 2281 824 2334 ecclesia
843 2282 973 2351 Pragensi
992 2284 1066 2338 factu
1084 2285 1112 2337 in
1131 2283 1160 2336 R.
1181 2283 1276 2352 Suppl.
1296 2288 1329 2335 28
1348 2282 1395 2337 fol.
1416 2289 1465 2336 171
1483 2284 1574 2338 brevis
1594 2285 1695 2337 mentio
1715 2283 1755 2337 frt.

899 2505 1105 2513 --.-—--

251 2697 465 2765 1301100
494 2698 531 2762 de
552 2700 787 2781 provisionibus
821 2701 987 2784 Hartunpo
1010 2705 1040 2764 et
1066 2699 1160 2766 Gallo
1192 2700 1359 2767 Hostconr's
1382 2702 1421 2766 de
1443 2698 1580 2765 Nebucec
1604 2706 1633 2765 et
1660 2698 1755 2767 Theo-

698 2805 801 2869 derico
827 2805 988 2870 Gcrhardi
1010 2805 1047 2868 dc
1071 2802 1170 2870 Curia
1186 2806 1303 2885 factis

1221 2961 1384 3041 Aniuiaue,
1411 2962 1493 3024 1358
1518 2963 1634 3026 Martii
1657 2966 1708 3026 ll).

374 3151 516 3232 Artongo
540 3152 671 3215 condam
702 3150 874 3214 Hostconis
905 3151 1020 3215 clerico
1044 3151 1213 3232 l'ragensis
1237 3151 1317 3216 dioc.
1351 3151 1412 3216 fuit
1443 3153 1604 3234 provisum
1639 3152 1678 3216 de
1703 3171 1753 3215 ec-

249 3254 346 3319 clesia
368 3255 560 3335 parrochiali
590 3253 686 3317 etde
710 3259 882 3335 patronatu
912 3253 1143 3336 archiepiscopi
1177 3256 1345 3337 l'ragensis
1372 3257 1404 3319 in
1440 3256 1588 3337 lloyotyn
1624 3255 1751 3320 Olomu-

248 3358 350 3423 censis
373 3359 453 3423 dioc.
477 3359 662 3422 vacantibus
686 3376 744 3438 per
767 3365 899 3422 mortem
924 3359 1008 3422 Petri
1033 3358 1136 3423 ultimi
1160 3360 1293 3423 rectoris
1317 3360 1471 3424 eiusdem.

374 3497 548 3563 Teoderico
571 3499 702 3562 condam
727 3497 862 3561 Gerardi
885 3499 925 3561 de
949 3497 1045 3562 Curia
1069 3499 1239 3579 Pragensis
1262 3499 1341 3562 dioc.
1365 3498 1426 3562 fuit
1456 3500 1616 3579 provisum
1641 3500 1680 3561 de
1705 3499 1750 3561 al·

246 3602 305 3666 turi
328 3603 360 3666 in
384 3602 520 3665 ecclesia
552 3602 704 3682 Pragensi
728 3607 763 3664 et
787 3602 825 3666 de
850 3602 1018 3666 collatione
1049 3601 1182 3683 capituli
1206 3602 1348 3667 eiusdem
1380 3609 1512 3666 vacante
1536 3620 1594 3682 per
1615 3608 1750 3665 mortem

247 3703 404 3769 (luntzlini
427 3704 504 3769 dicti
528 3704 742 3784 Heroltovvytz
766 3705 870 3768 ultimi
894 3707 1027 3771 rectoris
1051 3707 1203 3769 eiusdem.

374 3844 502 3919 Galloll
527 3845 657 3909 condam
681 3844 851 3908 Hostconis
876 3845 914 3906 de
939 3842 1129 3923 Nebuzielll
1154 3844 1320 3925 l‘ragerrsis
1345 3845 1422 3908 dioc.
1447 3843 1507 3908 luit
1531 3844 1691 3925 provisum
1709 3843 1748 3906 de

246 3947 378 4011 ecclesia
400 3948 590 4029 parrochiali
614 3950 646 4011 in
670 3950 815 4029 l'yacnyn
838 3949 981 4012 eiusdem
1013 3950 1091 4012 dioc.
1117 3955 1249 4011 vacante
1275 3966 1332 4029 per
1361 3954 1494 4011 mortem
1518 3947 1672 4028 Stephani
1700 3947 1748 4010 ul·

245 4051 311 4115 timi
332 4052 467 4116 rectoris
471 4101 583 4116 .....
609 4053 645 4115 ll.
671 4053 826 4117 Aninionc
851 4053 894 4118 Vl
918 4054 959 4116 id.
986 4053 1094 4116 Martii
1119 4073 1146 4116 a.
1172 4059 1274 4117 sexto.

372 4258 440 4312 Coll.
458 4260 546 4312 Alam.
567 4268 581 4311 4
600 4259 647 4312 fol.
667 4265 708 4324 82,
735 4259 802 4312 Coll.
829 4263 914 4312 Alam.
934 4264 985 4310 290
1003 4260 1050 4312 iol.
1071 4265 1112 4311 27.
1139 4260 1188 4312 lld.
1208 4258 1282 4326 apud
1303 4257 1410 4317 Kirsch,
1431 4257 1558 4309 Annaten
1579 4255 1589 4306 l
1610 4273 1673 4325 pag.
1692 4259 1751 4307 186·

248 4373 272 4384 -
296 4348 320 4410 ²)
339 4344 436 4410 ,Gallo‘
454 4344 522 4400 cnll.
541 4351 601 4412 aba,
620 4346 736 4412 ,Guallo‘
755 4345 824 4398 coll.
843 4353 866 4399 l.
887 4377 918 4384 -
939 4346 964 4408 b)
983 4346 1139 4412 ,Nebuzeel‘
1159 4346 1226 4399 coll.
1245 4351 1303 4399 199.

890 4560 1096 4569 -—--———-.

245 4743 329 4808 ⁷33.
366 4742 606 4825 archiepiscopo
641 4745 797 4826 Prapcusr'
819 4750 848 4808 et
874 4746 1056 4810 Carrinensi
1079 4767 1117 4809 uc
1149 4745 1388 4809 l'ralisluoiensi
1422 4745 1576 4827 episcopis
1607 4743 1650 4807 ad
1672 4765 1749 4824 sup-

239 4845 440 4926 plicationem
464 4844 570 4911 Caroli
600 4849 813 4911 Romanarum
837 4851 1038 4931 imperatoris
1061 4849 1238 4913 coucedatur
1262 4850 1409 4927 facultas
1432 4848 1612 4912 absoluendi
1647 4848 1749 4911 Ludo-

243 4950 341 5014 rn'cum
364 4954 543 5016 Romanurn
565 4952 775 5017 marchionem
801 4954 1135 5034 Braudenhurpcnvcm
1159 4953 1198 5015 ab
1222 4952 1365 5017 munibus
1395 4954 1567 5028 sententiis,
1598 4974 1677 5036 quas
1701 4974 1746 5015 oc-

245 5055 365 5119 casione
382 5075 587 5138 processuum
622 5064 730 5121 contra
762 5058 954 5122 Ludoor'cum
989 5061 1154 5122 Bavarurn
1186 5060 1329 5121 incurrit.
1367 5059 1549 5137 „llorrranus
1578 5061 1744 5139 pontr'sea‘·

488 5160 660 5238 „Auiur'oue
686 5162 718 5224 X
736 5162 798 5225 kal.
832 5161 955 5243 Aprilis
973 5163 1182 5246 pontificatus
1204 5163 1304 5227 nostri
1328 5182 1357 5225 a.
1381 5166 1498 5226 seala.“

1211 5320 1371 5387 Auruncae,
1402 5319 1484 5380 1358
1510 5320 1627 5382 lllarla'r'
1651 5322 1702 5384 23.
