3944 6060
237 409 300 472 286
759 406 764 424 ¹
844 404 914 453 Acta
932 399 1084 454 Innocentii
1101 397 1145 452 Vl.

367 613 571 678 sanctissime
602 619 702 693 pater,
727 611 900 692 dignemini
931 628 1040 675 omnes
1070 615 1104 673 et
1126 605 1267 689 singulas
1297 607 1546 690 supplicationes
1577 608 1743 690 predictas

236 738 298 783 nou
316 718 515 790 cancellatas,
532 722 627 797 prout
641 716 770 796 petitur,
797 716 922 796 signare
939 719 973 778 et
995 714 1156 795 expedim,
1180 712 1242 775 ulsi
1258 711 1355 776 luerit
1377 712 1471 775 alteri
1494 712 1544 775 ius
1567 712 1745 792 quesitum,

236 830 270 886 et
292 823 319 885 si
343 821 386 884 sit
407 822 461 899 ita,
484 821 567 884 sicut
590 820 708 893 dicunt,
733 838 803 882 cum
817 819 977 907 clausulis
1000 818 1164 898 oportunis
1188 822 1247 879 etc.
1272 822 1308 879 ut
1330 817 1362 879 iu
1385 817 1494 880 forma.

369 926 439 988 liat
463 925 499 988 11,
525 925 567 988 Et
591 924 659 987 siue
684 923 746 986 alla
762 923 913 988 leccioue.
939 923 1009 985 Fiat
1026 923 1062 984 G.
1080 923 1116 984 D.
1135 921 1290 986 hvinione
1313 920 1358 983 VI
1380 921 1421 983 id.
1448 919 1557 983 Martii
1587 939 1614 982 a.
1641 926 1747 983 sexto.

366 1113 395 1165 R.
417 1112 511 1182 Suppl.
532 1119 564 1165 29
583 1113 628 1165 iol.
649 1118 759 1165 'lo-87.
783 1143 807 1150 -
833 1110 1087 1177 ι111001011110110
1111 1108 1233 1177 praelato
1253 1107 1331 1161 Gallo
1351 1107 1519 1161 deecclesia
1539 1107 1697 1175 parochiali
1717 1107 1746 1160 iu

234 1200 317 1254 Pedio
337 1200 498 1268 (,Pyecayn‘)
517 1199 591 1252 facta
609 1199 636 1251 in
657 1200 687 1251 lt.
707 1199 802 1266 Suppl.
822 1203 855 1250 28
873 1196 920 1249 iol.
944 1201 990 1250 l‘ll
1010 1195 1098 1249 brevis
1118 1195 1219 1248 mentio
1240 1195 1277 1248 fit.

238 1581 326 1647 730.
352 1580 512 1644 lodicibus
534 1582 718 1661 blandimur,
742 1585 896 1658 quotenus
919 1580 1086 1658 Harlunpo
1109 1577 1278 1641 Hoatconis
1300 1577 1338 1639 de
1368 1574 1503 1639 Nebudel
1522 1572 1746 1657 parochialem

705 1684 866 1748 ecclesium
889 1685 923 1745 in
946 1683 1075 1762 Kojetin
1096 1685 1272 1760 conserant.

284 1809 352 1926 ᾗ
1210 1819 1373 1895 noanon,
1399 1818 1482 1881 rara
1507 1818 1625 1881 narra
1650 1819 1701 1879 10.

369 2015 444 2077 Veu.
469 2015 560 2082 11...
586 2015 734 2096 episcopo
768 2013 1024 2076 ll'ratislauiensi
1048 2018 1081 2074 et
1101 2063 1106 2071 .
1128 2065 1133 2075 .
1155 2061 1187 2075 ..
1219 2011 1381 2092 preposito
1406 2008 1628 2074 olomucensis
1653 2027 1689 2071 ac
1710 2056 1745 2070 ..

235 2119 354 2182 decano
378 2137 402 2182 s
428 2119 566 2200 Agricoli
591 2119 815 2182 Aninioneosis
839 2117 1044 2181 ecclesiarum
1068 2116 1203 2179 salutem
1228 2122 1287 2179 etc.
1334 2114 1506 2179 Probitatis
1529 2120 1564 2177 ct
1588 2114 1743 2177 virtutum

235 2218 358 2302 melita,
382 2240 479 2303 super
512 2223 625 2302 quibus
656 2223 740 2303 apud
764 2240 821 2286 nos
841 2273 848 2285 .
869 2274 873 2284 .
896 2272 929 2286 ..
965 2221 1149 2302 Hartungus
1183 2226 1278 2283 natus
1312 2220 1468 2299 quondam
1502 2217 1677 2299 Hostcouia
1700 2217 1743 2280 de

235 2325 378 2389 Nebuzel
403 2326 537 2390 clericus
551 2326 721 2407 Progensis
746 2326 826 2389 dioc.
852 2325 1010 2406 fidedigno
1027 2325 1263 2389 commendatur
1286 2323 1478 2402 testimonio,
1500 2339 1558 2386 nos
1574 2322 1744 2397 inducunt,

235 2431 354 2494 nisibi
378 2430 550 2494 reddamur
573 2432 612 2493 ad
629 2433 765 2511 graciam
791 2431 950 2493 liberales.
976 2429 1053 2492 Cum
1076 2430 1194 2508 itaqua,
1219 2429 1302 2491 sicut
1318 2428 1507 2508 accepimus,
1531 2424 1743 2507 parrochialis

235 2535 371 2598 ecclesia
384 2536 415 2597 in
428 2534 575 2614 Kogetyu
593 2532 812 2597 Olomucensis
829 2534 920 2607 dioc,
938 2552 1008 2612 que,
1025 2539 1060 2595 nt
1077 2533 1239 2610 asseritur,
1256 2532 1296 2594 de
1312 2536 1481 2612 patronatu
1497 2547 1568 2592 ven.
1585 2527 1623 2591 fr.
1641 2528 1744 2592 nostri

236 2639 465 2720 archiepiscopi
482 2638 651 2719 Prageusis
667 2639 787 2711 existit,
813 2656 904 2716 qrram
922 2638 1077 2717 quondam
1091 2636 1205 2699 Petrus
1229 2636 1332 2698 dictus
1356 2635 1395 2697 de
1411 2633 1593 2707 Horschow,
1610 2632 1745 2696 ultimus

235 2742 336 2821 ipsius
360 2744 495 2807 ecclesie
519 2750 633 2813 rector,
665 2744 737 2806 dum
761 2742 893 2815 viveret,
924 2741 1096 2821 obtinebat,
1120 2758 1177 2821 per
1199 2740 1300 2820 ipsius
1331 2738 1417 2802 Petri
1441 2737 1569 2816 obitum,
1601 2736 1656 2815 qui
1681 2735 1740 2798 du-

236 2846 308 2909 dum
333 2855 424 2909 extra
449 2848 618 2909 Roirruuam
652 2846 769 2909 curiam
794 2845 877 2908 diem
902 2845 1016 2908 clausit
1047 2850 1232 2917 extremum,
1257 2849 1348 2905 vacet
1371 2842 1411 2905 ad
1435 2858 1567 2922 presens
1592 2845 1743 2903 attento

236 2955 378 3030 tempore
402 2952 571 3027 vacaverit,
595 2951 679 3029 quod
702 2951 771 3012 eius
796 2949 926 3013 collacio
951 2950 1123 3012 secuudum
1146 2946 1371 3010 Later-onerosis
1396 2951 1519 3009 statuta
1542 2944 1668 3009 concilii
1692 2949 1746 3007 est

236 3052 409 3115 adsedem
433 3053 637 3133 apostolicam
663 3053 804 3134 legitime
828 3054 986 3133 devoluta,
1010 3070 1067 3115 uos
1091 3051 1234 3115 volentes
1258 3051 1342 3114 dicto
1366 3050 1532 3129 Hartungo
1551 3099 1558 3112 .
1579 3098 1586 3111 .
1607 3098 1640 3112 ..
1672 3066 1745 3127 gra-

236 3156 315 3218 ciam
339 3156 443 3219 iacere
475 3156 653 3236 specialem,
677 3156 865 3219 discrecioni
888 3163 996 3220 vestre
1019 3174 1076 3237 per
1100 3156 1274 3237 apostolica
1304 3155 1423 3235 scripta
1446 3154 1642 3224 mandamus,
1667 3169 1745 3231 qua-

237 3266 330 3323 tenus
350 3312 355 3323 .
377 3310 383 3321 .
405 3310 438 3322 ..
475 3260 628 3340 prefatam
659 3260 824 3322 ecclesiam
980 3261 1082 3324 eidem
1115 3260 1279 3339 Hartuugo
1311 3259 1500 3322 auctoritate
1532 3263 1643 3322 nostra
1674 3274 1749 3319 con-

236 3363 318 3427 ferre
343 3371 376 3427 et
400 3365 561 3445 assignare
585 3365 703 3427 curetis
722 3413 730 3427 .
751 3417 756 3426 .
777 3414 810 3428 ..

367 3470 403 3531 11.
429 3469 585 3533 Auinione
608 3468 651 3530 Vl
677 3469 717 3530 id.
741 3467 853 3530 Marcii
877 3488 903 3530 a,
930 3475 1030 3532 sexto.

365 3657 395 3707 ll.
415 3661 464 3708 Ar.
488 3657 686 3708 1311101061·Ι
708 3687 740 3694 -
765 3656 839 3708 llaec
859 3657 951 3709 littera
971 3666 1012 3710 cst
1037 3657 1196 3709 «sancellum.
1222 3655 1256 3707 ad
1277 3673 1357 3722 qumn
1383 3656 1595 3707 ‹tarrccllaturnur
1623 3671 1747 3722 sequens

236 3742 377 3795 adnotatio
397 3744 424 3795 in
445 3759 527 3810 marg.
548 3745 597 3796 sin.
617 3745 748 3811 pertinet:
772 3746 930 3801 „inassatum
945 3744 978 3796 de
991 3743 1143 3796 lllunllalo.“
1166 3775 1197 3780 —
1217 3744 1257 3795 110
1277 3743 1433 3811 provisione
1451 3743 1576 3810 praelato
1595 3742 1746 3810 llartungo

235 3829 268 3881 dc
288 3830 440 3897 parochiali
459 3832 575 3883 ccclesia
594 3832 621 3882 in
648 3830 758 3897 Kojetiu
780 3830 947 3898 (,lioyctim‘)
971 3831 1044 3882 iacta
1064 3831 1089 3881 iu
1111 3831 1141 3882 R.
1161 3831 1255 3898 Suppl.
1276 3831 1440 3882 28101114
1463 3828 1553 3882 brevis
1576 3829 1680 3882 mentio
1707 3830 1748 3882 fit..

237 4227 325 4291 731.
351 4228 510 4291 [radicibus
533 4229 716 4304 0000110101,
740 4233 893 4309 0110100003
920 4229 1105 4293 Theoderico
1130 4227 1291 4292 Gerburda'
1313 4231 1350 4293 de
1368 4230 1465 4295 Curia
1488 4227 1590 4292 altare
1612 4250 1639 4294 s,
1670 4231 1751 4295 Ven-

642 4332 737 4396 oeslut'
760 4335 947 4398 deecclesia
971 4335 1131 4413 Propensi
1153 4337 1330 4412 conseruat.

283 4472 397 4536 Gratis
415 4494 476 4552 pro
501 4472 566 4535 deo.
1211 4472 1372 4553 floritione,
1398 4474 1482 4537 1358
1504 4473 1623 4536 Martii
1651 4477 1703 4539 10.

366 4662 424 4723 lid.
450 4663 480 4724 ft'.
505 4681 528 4724 s
552 4664 932 4743 ,1111010011,1111111011011010
956 4670 1014 4726 et.
1037 4716 1042 4725 .
1069 4664 1348 4744 ulyssem-odensis
1372 4681 1470 4744 prope
1493 4663 1627 4744 Pragam
1653 4684 1690 4728 ac
1713 4716 1752 4732 ..

235 4762 381 4826 Oumium
406 4765 590 4830 Sanctorum
614 4768 647 4830 iu
672 4775 774 4830 castro
800 4768 952 4847 Pragensi
976 4767 1182 4830 ecclesiarum
1206 4768 1334 4829 decanis
1359 4767 1495 4831 salutem
1518 4773 1579 4830 etc.
1603 4767 1682 4832 Vite
1710 4790 1750 4834 ac

234 4886 355 4930 urorum
379 4869 579 4933 honestaret
597 4871 658 4933 ulia
680 4922 685 4932 .
705 4922 711 4933 .
732 4924 737 4933 .
760 4922 765 4933 .
790 4873 911 4949 morito,
936 4890 1031 4953 super
1053 4871 1166 4950 quibus
1186 4921 1192 4933 .
1214 4923 1218 4932 .
1239 4921 1246 4933 .
1267 4923 1273 4934 .
1298 4871 1512 4935 Theodericus
1529 4878 1624 4935 natus
1642 4893 1750 4953 quon·

234 4972 305 5034 dam
330 4972 486 5036 Gerhardi
510 4975 548 5036 de
566 4975 670 5053 Curia,
694 4975 828 5038 clericus
854 4975 1020 5056 [hagensis
1037 4976 1116 5039 dioc.
1142 4975 1370 5055 lidediguorum
1387 4976 1626 5039 commendatur
1651 4980 1752 5043 testi.

232 5078 346 5151 monio,
370 5095 427 5140 uos
450 5079 611 5156 inducunt,
642 5085 678 5142 ut
702 5080 761 5141 sibi
793 5081 962 5142 reddamur
985 5080 1024 5143 ad
1057 5080 1192 5155 praciam
1224 5081 1381 5143 liberales
1427 5080 1553 5143 Dudum
1585 5081 1753 5161 siquidem

235 5232 240 5243 .
262 5232 268 5243 .
289 5231 295 5242 .
316 5231 322 5243 .
343 5181 490 5245 Clemens
513 5200 596 5263 papa
617 5182 670 5253 VI,
691 5183 897 5262 predecessor
919 5190 1037 5260 noster,
1062 5185 1213 5248 uidelicet
1236 5184 1311 5248 VIII
1335 5185 1396 5247 kal.
1414 5183 1610 5265 Septembrls
1636 5191 1750 5267 ponti-

230 5283 341 5349 ficatus
359 5287 408 5349 sui
424 5305 451 5350 a.
469 5293 579 5350 octavo
592 5285 626 5364 ¹),
639 5287 743 5350 omma
758 5286 911 5350 beneficia
925 5287 1141 5352 ecclesiastica
1158 5288 1467 5368 quorumcunquead
1480 5287 1599 5353 Vrbem
1623 5309 1712 5357 anno
1733 5314 1755 5358 a
