3944 6060
845 409 915 460 Arta
933 405 1087 460 lnnorentii
1105 405 1151 460 Vl.

374 613 561 697 Supplicant
593 615 634 682 Su
658 617 712 682 Vre
735 617 872 682 humiles
896 621 930 682 et
953 616 1061 682 devoti
1091 617 1243 682 Albertus
1273 616 1378 682 dictus
1409 617 1588 683 Hawranck
1609 619 1651 683 de
1666 617 1749 684 Cho·

245 718 384 801 cyamicz
397 720 422 801 ⁸)
446 724 481 784 ct
514 718 660 803 Pryybek
683 718 711 802 b)
734 721 774 786 de
798 721 957 786 Louczicz
979 721 1098 785 milites
1121 719 1292 803 Pragensis
1312 721 1402 805 dioc,
1425 727 1584 804 quatenus
1601 722 1662 788 sibi
1678 741 1749 806 spe·

247 821 358 887 cialenr
382 823 521 905 graciam
543 824 708 906 facientes,
730 826 813 906 quod
837 830 971 906 uterque
994 825 1135 906 ipsorum
1156 844 1225 889 cum
1249 845 1312 889 una
1336 826 1399 890 alia
1414 843 1551 908 persona
1567 826 1749 910 sepulcrum

244 926 432 992 dominicum
463 933 498 994 et
526 929 590 994 alia
619 929 828 995 ultramarina
859 930 930 996 loca
960 929 1091 994 visitare
1121 930 1261 1005 valeant,
1297 929 1470 1013 dignemini
1498 929 1749 1033 misericorditer

245 1029 332 1094 indul
356 1049 420 1096 ere.
1596 1038 1599 1047 '

336 1050 447 1201 gliat
469 1137 506 1202 G.
531 1137 574 1202 Et
596 1136 665 1202 sin'e
689 1137 754 1202 alia
776 1138 928 1204 leccione.
953 1137 1025 1203 Fiat
1048 1138 1086 1204 G.
1112 1139 1148 1202 D.
1173 1138 1330 1205 Auinionc
1346 1139 1392 1204 XI
1407 1138 1562 1204 kalendas
1578 1139 1744 1205 Februarii

243 1258 328 1305 anno
351 1241 500 1306 secundo.

373 1429 404 1482 11.
423 1429 519 1498 Suppl.
538 1435 572 1483 26
592 1430 640 1484 iol.
662 1429 703 1485 14⁴
723 1434 748 1499 ι)
768 1430 893 1501 corrige:
913 1430 1089 1498 ‚Choceuicat
1111 1433 1137 1501 b)
1156 1432 1280 1502 corrige:
1298 1431 1440 1501 ,l'rziheh‘¹

246 1709 335 1774 189.
362 1705 497 1773 Thabias
520 1709 558 1774 dc
577 1709 701 1790 Beabyn
722 1709 891 1793 supplicat,
915 1714 1070 1790 quatenus
1083 1711 1157 1776 auio
1184 1711 1386 1795 parochialis
1407 1710 1555 1778 aeclesiae
1569 1711 1604 1777 ia
1619 1713 1744 1777 Prasio-

482 1815 596 1881 mdr'ica
617 1819 646 1879 ci
673 1817 820 1880 Tasooicr
841 1836 910 1881 cum
933 1817 1121 1880 manasterio
1144 1815 1280 1881 Lacciasi
1300 1816 1509 1899 confirmatur.

1174 1954 1337 2034 Aetnam,
1361 1955 1449 2020 1354
1469 1955 1627 2023 Jaaaarii
1649 1960 1703 2022 22.

369 2141 534 2225 Supplicat
566 2141 607 2208 8²¹
627 2144 680 2209 Vre
697 2144 830 2210 devotus
853 2151 960 2210 vester
985 2146 1123 2212 Thobias
1146 2147 1186 2211 de
1203 2146 1346 2229 Bechijn,
1372 2146 1476 2211 dictus
1498 2147 1538 2211 de
1563 2146 1743 2228 Kamenicz,

240 2247 315 2311 baro
338 2252 373 2310 et
395 2249 603 2314 ambassiator
626 2249 711 2331 regis
735 2250 944 2315 Romanorum
968 2256 1002 2314 ct
1024 2251 1206 2332 Bohemiae,
1234 2256 1389 2332 quatenus
1412 2251 1687 2332 incorporacioues
1710 2257 1745 2316 et

240 2350 373 2416 uniones
410 2351 616 2417 ecclesiarum
653 2353 881 2435 parochialium
911 2354 944 2418 in
967 2355 1158 2420 Prosmeritz
1189 2361 1237 2420 ct·
1253 2354 1286 2419 in
1317 2354 1473 2418 Thaswitz
1501 2354 1743 2420 Olomuncensis

239 2455 319 2521 dioc.
344 2456 558 2538 spectancium
589 2457 629 2521 ad
658 2458 931 2540 presentacionern
962 2458 1085 2523 abbatis
1117 2464 1151 2523 et
1180 2463 1356 2524 conventus
1382 2457 1568 2522 mornasterii
1590 2457 1743 2523 Lucensis

239 2560 359 2625 ordinis
382 2561 685 2627 Promonstrateusis
719 2563 863 2645 predicte
894 2563 974 2628 dioc.
998 2563 1205 2627 communiter
1227 2562 1279 2627 vel
1302 2561 1426 2625 divisim
1453 2568 1487 2627 et
1510 2562 1559 2626 eis
1582 2580 1640 2645 per
1662 2563 1744 2628 bane

238 2665 388 2729 memorie
412 2664 610 2746 Hynkonem,
641 2666 824 2748 episcopum
847 2666 1121 2746 Olomuncensem‚
1152 2688 1192 2732 ex
1222 2684 1377 2733 consensu
1408 2671 1484 2731 tunc
1515 2686 1571 2748 pro
1598 2672 1742 2748 tempore

237 2769 392 2851 prepositi
414 2769 625 2835 archidiaconi
655 2777 690 2836 et
719 2771 849 2853 capituli
879 2771 981 2853 ipsius
1011 2773 1152 2837 ecclesie
1175 2771 1418 2837 Olomuncensis
1449 2772 1608 2836 unitarum
1631 2777 1666 2836 et
1688 2790 1741 2835 an-

238 2891 389 2937 uenarum
412 2875 470 2938 sub
492 2873 593 2938 forma
615 2881 649 2940 ct
671 2881 790 2956 tenore,
816 2877 855 2940 de
879 2876 992 2957 quibus
1016 2878 1181 2942 docebitur
1200 2877 1233 2940 in
1249 2876 1448 2950 cancellaria,
1472 2894 1551 2957 quos
1567 2876 1742 2958 dignamini

238 2976 356 3041 habere
379 2996 436 3058 pro
458 2979 629 3060 expressis,
652 2997 692 3043 ex
708 2986 796 3045 carta
811 2980 950 3045 sciencia
972 2983 1071 3046 eciam
1088 2981 1357 3063 contemplacione
1380 2980 1480 3062 ipsius
1504 2979 1742 3045 ambassiatoris

241 3081 426 3162 approbare,
450 3083 599 3146 roborare
622 3088 657 3147 et
678 3083 863 3148 confirmare
887 3103 924 3150 ac
939 3104 1062 3150 ornnem
1086 3084 1255 3162 deiectum,
1279 3085 1306 3149 si
1330 3085 1400 3164 quis
1423 3083 1484 3148 fuit
1506 3089 1541 3148 et
1563 3082 1663 3148 estin
1685 3083 1742 3167 eis,

237 3184 385 3266 supplere
409 3189 465 3249 aut
487 3186 526 3249 de
549 3205 629 3252 novo
652 3186 752 3264 unire,
776 3189 1049 3254 nonobstantibus
1072 3189 1311 3269 quibuscunque
1324 3188 1606 3253 constitucionibus
1619 3188 1651 3252 in
1667 3207 1741 3254 con·

238 3289 369 3353 trarium
393 3289 500 3372 editis,
525 3308 594 3353 cum
619 3291 763 3357 omuibus
788 3292 859 3357 aliis
882 3312 944 3359 non
967 3293 1168 3359 obstantibus
1190 3299 1225 3358 et
1247 3292 1397 3357 clausulis
1421 3292 1594 3374 oportunis.

368 3393 588 3458 Exhibeautur
610 3395 643 3459 in
666 3396 857 3461 cancellaria
879 3403 913 3462 et
936 3398 962 3462 si
986 3398 1196 3462 racionabiles
1219 3397 1347 3470 fuerint,
1371 3395 1435 3460 fiat.
1457 3396 1494 3461 G.
1519 3396 1562 3460 Et
1585 3396 1653 3460 siue
1678 3396 1742 3461 alia

236 3498 386 3563 leccione.
412 3499 491 3563 Fiat
516 3500 553 3562 G.
582 3500 619 3562 l).
643 3500 800 3565 Auinione
824 3501 869 3566 XI
891 3500 955 3566 kal.
979 3501 1143 3567 Februarii
1167 3522 1194 3565 a.
1218 3501 1365 3568 secundo.

366 3687 398 3741 ll.
416 3687 511 3757 Suppl.
531 3695 564 3741 ‘25
586 3688 634 3742 iol.
657 3696 703 3742 ιδ’.

236 3969 325 4035 190.
355 3968 433 4032 Unio
450 3968 706 4050 parrochialibus
728 3970 928 4034 ecclesiarum
951 3970 988 4034 de
1007 3970 1185 4047 Tusoar'ca·)
1210 3974 1239 4034 et
1255 3967 1515 4050 Prosaomaaical)
1538 3989 1609 4033 cum
1631 3989 1739 4035 mona·

233 4073 329 4136 sterio
352 4072 485 4137 Luceasi
515 4072 728 4154 confirmatur.
769 4074 872 4154 „Heia
909 4095 968 4156 qua
1001 4073 1045 4138 ad
1080 4075 1358 4140 antemeridiana
1389 4074 1562 4157 „Aainiona
1597 4073 1649 4137 XI
1675 4071 1740 4140 ital.

781 4178 948 4244 Februarii
971 4201 1000 4243 a.
1024 4178 1189 4245 secundat

1167 4317 1332 4401 Aainiouc,
1354 4318 1441 4383 1354
1463 4317 1620 4384 actuarii
1640 4321 1696 4385 22.

362 4506 394 4560 R.
414 4507 463 4561 Au.
485 4511 532 4559 127
551 4506 598 4560 sol.
617 4514 684 4571 513¹,
709 4507 741 4560 R.
760 4507 820 4561 Vat.
840 4513 890 4561 227
911 4507 957 4562 iol.
977 4512 1036 4560 345.
1059 4538 1084 4546 -
1107 4507 1157 4561 Ed.
1177 4508 1249 4576 apud
1269 4507 1380 4572 Brundi
1404 4506 1469 4561 Cod.
1495 4505 1563 4576 dipl.
1582 4507 1653 4562 Mor.
1672 4508 1739 4562 Vlll

231 4612 271 4649 ur.
290 4600 341 4650 266
360 4611 394 4649 ex
412 4595 478 4665 orig.
496 4595 608 4649 archivii
633 4596 792 4650 monasterii
818 4595 950 4649 Lucensis
974 4595 1002 4648 in
1027 4595 1146 4648 archivio
1172 4596 1272 4648 march.
1298 4595 1444 4649 Moraviac.
1463 4626 1497 4635 —
1520 4600 1546 4661 ⁸)
1565 4594 1738 4663 ‚Tassawica‘

232 4684 281 4736 Au.
306 4683 331 4745 b)
349 4682 542 4752 ,Prosmericz‘.

230 4964 319 5029 191.
355 4961 508 5027 Nicolaus
528 4964 730 5047 praepositus
751 4969 780 5028 at
804 4961 968 5027 Conradaa
998 4963 1087 5045 prior
1116 4963 1300 5027 monasterii
1328 4983 1353 5027 s.
1378 4961 1506 5028 Mariae
1535 4962 1569 5026 ia
1593 4962 1738 5030 munia

228 5065 410 5151 supplicant
440 5088 501 5152 pro
530 5088 564 5133 se
592 5071 623 5131 ct
645 5087 708 5151 pro
730 5068 908 5148 fratribus,
941 5070 1095 5150 quatenus
1125 5068 1203 5150 ipsis
1233 5069 1267 5131 in
1296 5065 1404 5130 martis
1435 5064 1570 5132 articulo
1592 5066 1736 5133 rescissio

773 5176 971 5254 peccatorum
994 5170 1190 5237 concedatur.

1168 5308 1331 5389 Aaiaioaa
1353 5311 1441 5374 1354
1461 5309 1618 5377 ianuarii
1637 5312 1692 5378 22.
