<?xml version="1.0" encoding="UTF-8"?>
<!DOCTYPE html PUBLIC "-//W3C//DTD XHTML 1.0 Transitional//EN"
    "http://www.w3.org/TR/xhtml1/DTD/xhtml1-transitional.dtd">
<html xmlns="http://www.w3.org/1999/xhtml" xml:lang="en" lang="en">
 <head>
  <title>
</title>
<meta http-equiv="Content-Type" content="text/html;charset=utf-8" />
  <meta name='ocr-system' content='tesseract 3.04.00' />
  <meta name='ocr-capabilities' content='ocr_page ocr_carea ocr_par ocr_line ocrx_word'/>
</head>
<body>
  <div class='ocr_page' id='page_1' title='image "./monumentavatica00vatigoog_0577.png"; bbox 0 0 3944 6060; ppageno 0'>
   <div class='ocr_carea' id='block_1_1' title="bbox 276 413 1188 483">
    <p class='ocr_par' dir='ltr' id='par_1_1' title="bbox 276 413 1188 483">
     <span class='ocr_line' id='line_1_1' title="bbox 276 413 1188 483; baseline -0.016 0"><span class='ocrx_word' id='word_1_1' title='bbox 276 417 345 483; x_wconf 76' lang='lat'><strong>524</strong></span> <span class='ocrx_word' id='word_1_2' title='bbox 882 415 953 467; x_wconf 78' lang='lat' dir='ltr'><strong>Acta</strong></span> <span class='ocrx_word' id='word_1_3' title='bbox 969 413 1124 467; x_wconf 75' lang='lat' dir='ltr'><strong>muscentii</strong></span> <span class='ocrx_word' id='word_1_4' title='bbox 1142 413 1188 468; x_wconf 83' lang='lat' dir='ltr'><strong>VI.</strong></span> 
     </span>
    </p>
   </div>
   <div class='ocr_carea' id='block_1_2' title="bbox 277 622 1785 793">
    <p class='ocr_par' dir='ltr' id='par_1_2' title="bbox 277 622 1785 793">
     <span class='ocr_line' id='line_1_2' title="bbox 409 622 1785 707; baseline 0.001 -19"><span class='ocrx_word' id='word_1_5' title='bbox 409 624 489 688; x_wconf 85' lang='lat' dir='ltr'><strong>Item</strong></span> <span class='ocrx_word' id='word_1_6' title='bbox 542 629 704 706; x_wconf 85' lang='lat' dir='ltr'><strong>computat</strong></span> <span class='ocrx_word' id='word_1_7' title='bbox 756 640 790 686; x_wconf 90' lang='lat' dir='ltr'><strong>se</strong></span> <span class='ocrx_word' id='word_1_8' title='bbox 836 623 1000 704; x_wconf 79' lang='lat' dir='ltr'><strong>recepisse</strong></span> <span class='ocrx_word' id='word_1_9' title='bbox 1044 623 1078 686; x_wconf 92' lang='lat' dir='ltr'><strong>in</strong></span> <span class='ocrx_word' id='word_1_10' title='bbox 1123 622 1253 686; x_wconf 84' lang='lat' dir='ltr'><strong>civitate</strong></span> <span class='ocrx_word' id='word_1_11' title='bbox 1298 627 1333 686; x_wconf 91' lang='lat' dir='ltr'><strong>et</strong></span> <span class='ocrx_word' id='word_1_12' title='bbox 1378 622 1497 690; x_wconf 88' lang='lat' dir='ltr'><strong>diocesi</strong></span> <span class='ocrx_word' id='word_1_13' title='bbox 1543 623 1697 707; x_wconf 82' lang='lat' dir='ltr'><strong>Pragensi</strong></span> <span class='ocrx_word' id='word_1_14' title='bbox 1751 661 1785 670; x_wconf 98' lang='lat'>-</span> 
     </span>
     <span class='ocr_line' id='line_1_3' title="bbox 277 725 563 793; baseline -0.007 -1"><span class='ocrx_word' id='word_1_15' title='bbox 277 727 475 792; x_wconf 82' lang='lat' dir='ltr'>LXXXVIII</span> <span class='ocrx_word' id='word_1_16' title='bbox 497 725 563 793; x_wconf 91' lang='lat' dir='ltr'><strong>flor.</strong></span> 
     </span>
    </p>
   </div>
   <div class='ocr_carea' id='block_1_3' title="bbox 409 830 1902 913">
    <p class='ocr_par' dir='ltr' id='par_1_3' title="bbox 409 830 1902 913">
     <span class='ocr_line' id='line_1_4' title="bbox 409 830 1902 913; baseline -0.001 -17"><span class='ocrx_word' id='word_1_17' title='bbox 409 831 491 897; x_wconf 84' lang='lat' dir='ltr'><strong>Item</strong></span> <span class='ocrx_word' id='word_1_18' title='bbox 524 837 687 912; x_wconf 86' lang='lat' dir='ltr'><strong>computat</strong></span> <span class='ocrx_word' id='word_1_19' title='bbox 720 836 844 895; x_wconf 88' lang='lat' dir='ltr'><strong>restare</strong></span> <span class='ocrx_word' id='word_1_20' title='bbox 874 831 909 894; x_wconf 89' lang='lat' dir='ltr'><strong>in</strong></span> <span class='ocrx_word' id='word_1_21' title='bbox 932 830 1062 895; x_wconf 87' lang='lat' dir='ltr'><strong>civitate</strong></span> <span class='ocrx_word' id='word_1_22' title='bbox 1097 836 1131 896; x_wconf 89' lang='lat' dir='ltr'><strong>et</strong></span> <span class='ocrx_word' id='word_1_23' title='bbox 1160 830 1281 895; x_wconf 89' lang='lat' dir='ltr'><strong>diocesi</strong></span> <span class='ocrx_word' id='word_1_24' title='bbox 1314 830 1468 913; x_wconf 85' lang='lat' dir='ltr'><strong>Pragensi</strong></span> <span class='ocrx_word' id='word_1_25' title='bbox 1505 849 1562 912; x_wconf 93' lang='lat' dir='ltr'><strong>pro</strong></span> <span class='ocrx_word' id='word_1_26' title='bbox 1585 830 1787 911; x_wconf 74' lang='lat' dir='ltr'><strong>temporibus</strong></span> <span class='ocrx_word' id='word_1_27' title='bbox 1899 864 1902 870; x_wconf 94' lang='lat'>·</span> 
     </span>
    </p>
   </div>
   <div class='ocr_carea' id='block_1_4' title="bbox 276 932 1786 1225">
    <p class='ocr_par' dir='ltr' id='par_1_4' title="bbox 276 932 1786 1225">
     <span class='ocr_line' id='line_1_5' title="bbox 277 932 1519 1035; baseline -0.002 -18"><span class='ocrx_word' id='word_1_28' title='bbox 277 951 505 1035; x_wconf 80' lang='lat' dir='ltr'><strong>suprascriptis</strong></span> <span class='ocrx_word' id='word_1_29' title='bbox 529 988 570 999; x_wconf 92' lang='lat'><em>-</em></span> <span class='ocrx_word' id='word_1_30' title='bbox 593 932 646 1018; x_wconf 91' lang='lat' dir='ltr'><strong>IIc</strong></span> <span class='ocrx_word' id='word_1_31' title='bbox 654 951 792 1019; x_wconf 87' lang='lat' dir='ltr'>LXXIII</span> <span class='ocrx_word' id='word_1_32' title='bbox 814 948 882 1016; x_wconf 89' lang='lat' dir='ltr'><strong>fior.</strong></span> <span class='ocrx_word' id='word_1_33' title='bbox 907 950 968 1015; x_wconf 89' lang='lat' dir='ltr'><strong>VH</strong></span> <span class='ocrx_word' id='word_1_34' title='bbox 990 970 1113 1016; x_wconf 85' lang='lat' dir='ltr'><strong>marcas</strong></span> <span class='ocrx_word' id='word_1_35' title='bbox 1136 970 1206 1016; x_wconf 91' lang='lat' dir='ltr'><strong>cum</strong></span> <span class='ocrx_word' id='word_1_36' title='bbox 1230 952 1362 1016; x_wconf 91' lang='lat' dir='ltr'><strong>dimidia</strong></span> <span class='ocrx_word' id='word_1_37' title='bbox 1386 951 1519 1034; x_wconf 80' lang='lat' dir='ltr'><strong>argenti.</strong></span> 
     </span>
     <span class='ocr_line' id='line_1_6' title="bbox 408 1052 1786 1138; baseline 0 -17"><span class='ocrx_word' id='word_1_38' title='bbox 408 1057 489 1121; x_wconf 87' lang='lat' dir='ltr'><strong>Item</strong></span> <span class='ocrx_word' id='word_1_39' title='bbox 514 1062 677 1138; x_wconf 88' lang='lat' dir='ltr'><strong>computat</strong></span> <span class='ocrx_word' id='word_1_40' title='bbox 690 1062 813 1121; x_wconf 88' lang='lat' dir='ltr'><strong>restare</strong></span> <span class='ocrx_word' id='word_1_41' title='bbox 837 1055 973 1136; x_wconf 88' lang='lat' dir='ltr'><strong>quedam</strong></span> <span class='ocrx_word' id='word_1_42' title='bbox 996 1052 1160 1137; x_wconf 87' lang='lat' dir='ltr'><strong>beneficia,</strong></span> <span class='ocrx_word' id='word_1_43' title='bbox 1183 1056 1349 1136; x_wconf 87' lang='lat' dir='ltr'><strong>dequibus</strong></span> <span class='ocrx_word' id='word_1_44' title='bbox 1373 1056 1508 1120; x_wconf 90' lang='lat' dir='ltr'><strong>debetur</strong></span> <span class='ocrx_word' id='word_1_45' title='bbox 1530 1055 1698 1135; x_wconf 79' lang='lat' dir='ltr'><strong>medietas,</strong></span> <span class='ocrx_word' id='word_1_46' title='bbox 1722 1075 1786 1138; x_wconf 86' lang='lat' dir='ltr'><strong>que</strong></span> 
     </span>
     <span class='ocr_line' id='line_1_7' title="bbox 276 1158 797 1225; baseline -0.01 0"><span class='ocrx_word' id='word_1_47' title='bbox 276 1166 352 1225; x_wconf 89' lang='lat' dir='ltr'><strong>sunt</strong></span> <span class='ocrx_word' id='word_1_48' title='bbox 376 1161 409 1224; x_wconf 93' lang='lat' dir='ltr'><strong>in</strong></span> <span class='ocrx_word' id='word_1_49' title='bbox 432 1179 562 1225; x_wconf 88' lang='lat' dir='ltr'><strong>numero</strong></span> <span class='ocrx_word' id='word_1_50' title='bbox 587 1197 627 1206; x_wconf 95' lang='lat'>—</span> <span class='ocrx_word' id='word_1_51' title='bbox 651 1158 797 1224; x_wconf 86' lang='lat' dir='ltr'>XXXIX.</span> 
     </span>
    </p>
   </div>
   <div class='ocr_carea' id='block_1_5' title="bbox 410 1341 829 1402">
    <p class='ocr_par' dir='ltr' id='par_1_5' title="bbox 410 1341 829 1402">
     <span class='ocr_line' id='line_1_8' title="bbox 410 1341 829 1402; baseline -0.002 -2"><span class='ocrx_word' id='word_1_52' title='bbox 410 1348 479 1402; x_wconf 88' lang='lat' dir='ltr'><strong>Coll.</strong></span> <span class='ocrx_word' id='word_1_53' title='bbox 498 1347 587 1400; x_wconf 81' lang='lat' dir='ltr'><strong>Alam.</strong></span> <span class='ocrx_word' id='word_1_54' title='bbox 607 1355 622 1400; x_wconf 84' lang='lat'>9</span> <span class='ocrx_word' id='word_1_55' title='bbox 641 1347 688 1400; x_wconf 81' lang='lat' dir='ltr'><strong>Iol.</strong></span> <span class='ocrx_word' id='word_1_56' title='bbox 709 1341 829 1400; x_wconf 72' lang='lat'><strong>95-98‘.</strong></span> 
     </span>
    </p>
   </div>
   <div class='ocr_carea' id='block_1_6' title="bbox 204 1676 1785 2282">
    <p class='ocr_par' dir='ltr' id='par_1_6' title="bbox 204 1676 1785 2282">
     <span class='ocr_line' id='line_1_9' title="bbox 204 1676 1785 1760; baseline -0.002 -16"><span class='ocrx_word' id='word_1_57' title='bbox 204 1711 205 1714; x_wconf 37' lang='lat'>¹</span> <span class='ocrx_word' id='word_1_58' title='bbox 276 1680 396 1744; x_wconf 76' lang='lat'><strong><em>132⁰.</em></strong></span> <span class='ocrx_word' id='word_1_59' title='bbox 436 1677 524 1740; x_wconf 88' lang='lat' dir='ltr'><strong>Nota</strong></span> <span class='ocrx_word' id='word_1_60' title='bbox 553 1677 590 1740; x_wconf 77' lang='lat' dir='ltr'><strong>ele</strong></span> <span class='ocrx_word' id='word_1_61' title='bbox 619 1676 771 1740; x_wconf 82' lang='lat' dir='ltr'><strong>solutione</strong></span> <span class='ocrx_word' id='word_1_62' title='bbox 809 1678 875 1741; x_wconf 79' lang='lat'><strong>200</strong></span> <span class='ocrx_word' id='word_1_63' title='bbox 896 1677 1092 1760; x_wconf 80' lang='lat' dir='ltr'><strong>florenorum</strong></span> <span class='ocrx_word' id='word_1_64' title='bbox 1117 1697 1179 1759; x_wconf 91' lang='lat' dir='ltr'><strong>pre</strong></span> <span class='ocrx_word' id='word_1_65' title='bbox 1208 1678 1353 1760; x_wconf 75' lang='lat' dir='ltr'><strong>expensis</strong></span> <span class='ocrx_word' id='word_1_66' title='bbox 1376 1677 1542 1755; x_wconf 82' lang='lat' dir='ltr'><strong>faciendis</strong></span> <span class='ocrx_word' id='word_1_67' title='bbox 1572 1676 1716 1744; x_wconf 82' lang='lat' dir='ltr'><strong>Jolranni</strong></span> <span class='ocrx_word' id='word_1_68' title='bbox 1747 1677 1785 1741; x_wconf 82' lang='lat' dir='ltr'><strong>de</strong></span> 
     </span>
     <span class='ocr_line' id='line_1_10' title="bbox 280 1780 1784 1863; baseline -0.003 -16"><span class='ocrx_word' id='word_1_69' title='bbox 280 1782 504 1863; x_wconf 64' lang='lat' dir='ltr'><strong>caereaptnor)</strong></span> <span class='ocrx_word' id='word_1_70' title='bbox 528 1781 720 1845; x_wconf 83' lang='lat' dir='ltr'><strong>decretorum</strong></span> <span class='ocrx_word' id='word_1_71' title='bbox 743 1780 871 1862; x_wconf 82' lang='lat' dir='ltr'><strong>doctori,</strong></span> <span class='ocrx_word' id='word_1_72' title='bbox 895 1782 1044 1845; x_wconf 85' lang='lat' dir='ltr'><strong>canoniae</strong></span> <span class='ocrx_word' id='word_1_73' title='bbox 1059 1780 1208 1846; x_wconf 86' lang='lat' dir='ltr'><strong>ecclesiae</strong></span> <span class='ocrx_word' id='word_1_74' title='bbox 1223 1780 1453 1853; x_wconf 74' lang='lat' dir='ltr'><strong>Narbonensis,</strong></span> <span class='ocrx_word' id='word_1_75' title='bbox 1476 1782 1573 1844; x_wconf 86' lang='lat' dir='ltr'><strong>misso</strong></span> <span class='ocrx_word' id='word_1_76' title='bbox 1594 1799 1665 1844; x_wconf 84' lang='lat' dir='ltr'><strong>cnm</strong></span> <span class='ocrx_word' id='word_1_77' title='bbox 1688 1781 1784 1844; x_wconf 83' lang='lat' dir='ltr'><strong>certis</strong></span> 
     </span>
     <span class='ocr_line' id='line_1_11' title="bbox 274 1881 1784 1967; baseline 0.001 -20"><span class='ocrx_word' id='word_1_78' title='bbox 274 1883 371 1949; x_wconf 81' lang='lat' dir='ltr'><strong>bullis</strong></span> <span class='ocrx_word' id='word_1_79' title='bbox 394 1891 423 1948; x_wconf 91' lang='lat' dir='ltr'><strong>et</strong></span> <span class='ocrx_word' id='word_1_80' title='bbox 445 1883 561 1949; x_wconf 84' lang='lat' dir='ltr'><strong>litteris</strong></span> <span class='ocrx_word' id='word_1_81' title='bbox 596 1904 741 1948; x_wconf 87' lang='lat' dir='ltr'><strong>camerae</strong></span> <span class='ocrx_word' id='word_1_82' title='bbox 763 1884 954 1967; x_wconf 83' lang='lat' dir='ltr'><strong>apostolicae</strong></span> <span class='ocrx_word' id='word_1_83' title='bbox 988 1884 1163 1966; x_wconf 80' lang='lat' dir='ltr'><strong>adportes</strong></span> <span class='ocrx_word' id='word_1_84' title='bbox 1192 1884 1361 1964; x_wconf 75' lang='lat' dir='ltr'><strong>Unpariae,</strong></span> <span class='ocrx_word' id='word_1_85' title='bbox 1384 1881 1558 1948; x_wconf 78' lang='lat' dir='ltr'><strong>Boterniae</strong></span> <span class='ocrx_word' id='word_1_86' title='bbox 1580 1889 1610 1947; x_wconf 87' lang='lat' dir='ltr'><strong>el</strong></span> <span class='ocrx_word' id='word_1_87' title='bbox 1632 1883 1784 1949; x_wconf 86' lang='lat' dir='ltr'><strong>Palaniae</strong></span> 
     </span>
     <span class='ocr_line' id='line_1_12' title="bbox 274 1986 1785 2072; baseline -0.001 -20"><span class='ocrx_word' id='word_1_88' title='bbox 274 2009 371 2072; x_wconf 84' lang='lat' dir='ltr'><strong>snper</strong></span> <span class='ocrx_word' id='word_1_89' title='bbox 401 1990 493 2052; x_wconf 87' lang='lat' dir='ltr'><strong>certis</strong></span> <span class='ocrx_word' id='word_1_90' title='bbox 523 1989 668 2070; x_wconf 87' lang='lat' dir='ltr'><strong>pecuniis</strong></span> <span class='ocrx_word' id='word_1_91' title='bbox 696 1987 820 2052; x_wconf 87' lang='lat' dir='ltr'><strong>inillis</strong></span> <span class='ocrx_word' id='word_1_92' title='bbox 838 1987 989 2071; x_wconf 82' lang='lat' dir='ltr'><strong>partibus</strong></span> <span class='ocrx_word' id='word_1_93' title='bbox 1017 2008 1076 2069; x_wconf 87' lang='lat' dir='ltr'><strong>per</strong></span> <span class='ocrx_word' id='word_1_94' title='bbox 1098 1993 1195 2051; x_wconf 84' lang='lat' dir='ltr'><strong>certos</strong></span> <span class='ocrx_word' id='word_1_95' title='bbox 1217 1988 1344 2051; x_wconf 79' lang='lat' dir='ltr'><strong>nunties</strong></span> <span class='ocrx_word' id='word_1_96' title='bbox 1366 1986 1551 2070; x_wconf 80' lang='lat' dir='ltr'><strong>apostoliens</strong></span> <span class='ocrx_word' id='word_1_97' title='bbox 1573 1986 1717 2070; x_wconf 75' lang='lat' dir='ltr'><strong>receptis,</strong></span> <span class='ocrx_word' id='word_1_98' title='bbox 1739 1987 1785 2051; x_wconf 78' lang='lat' dir='ltr'><strong>ad</strong></span> 
     </span>
     <span class='ocr_line' id='line_1_13' title="bbox 275 2091 1782 2175; baseline -0.001 -20"><span class='ocrx_word' id='word_1_99' title='bbox 275 2093 381 2175; x_wconf 83' lang='lat' dir='ltr'><strong>ipsam</strong></span> <span class='ocrx_word' id='word_1_100' title='bbox 404 2112 566 2156; x_wconf 87' lang='lat' dir='ltr'><strong>cameram</strong></span> <span class='ocrx_word' id='word_1_101' title='bbox 584 2091 826 2175; x_wconf 74' lang='lat' dir='ltr'><strong>pertinentibus,</strong></span> <span class='ocrx_word' id='word_1_102' title='bbox 846 2114 906 2175; x_wconf 89' lang='lat' dir='ltr'><strong>per</strong></span> <span class='ocrx_word' id='word_1_103' title='bbox 928 2093 1033 2174; x_wconf 79' lang='lat' dir='ltr'><strong>ipsum</strong></span> <span class='ocrx_word' id='word_1_104' title='bbox 1056 2091 1217 2156; x_wconf 79' lang='lat' dir='ltr'><strong>dominnm</strong></span> <span class='ocrx_word' id='word_1_105' title='bbox 1238 2091 1417 2158; x_wconf 82' lang='lat' dir='ltr'><strong>Jolrannem</strong></span> <span class='ocrx_word' id='word_1_106' title='bbox 1440 2091 1656 2174; x_wconf 80' lang='lat' dir='ltr'><strong>asportandis.</strong></span> <span class='ocrx_word' id='word_1_107' title='bbox 1696 2092 1782 2173; x_wconf 88' lang='lat' dir='ltr'><strong>,Die</strong></span> 
     </span>
     <span class='ocr_line' id='line_1_14' title="bbox 335 2191 1712 2282; baseline -0.001 -22"><span class='ocrx_word' id='word_1_108' title='bbox 335 2198 447 2278; x_wconf 84' lang='lat' dir='ltr'><strong>prima</strong></span> <span class='ocrx_word' id='word_1_109' title='bbox 469 2196 586 2259; x_wconf 86' lang='lat' dir='ltr'><strong>mensis</strong></span> <span class='ocrx_word' id='word_1_110' title='bbox 608 2193 763 2276; x_wconf 48' lang='lat' dir='ltr'><strong>Arausa*</strong></span> <span class='ocrx_word' id='word_1_111' title='bbox 796 2193 844 2282; x_wconf 88' lang='lat' dir='ltr'><strong>[a.</strong></span> <span class='ocrx_word' id='word_1_112' title='bbox 867 2195 1035 2260; x_wconf 85' lang='lat' dir='ltr'><strong>millesimo</strong></span> <span class='ocrx_word' id='word_1_113' title='bbox 1058 2196 1272 2261; x_wconf 84' lang='lat' dir='ltr'><strong>trecentesimo</strong></span> <span class='ocrx_word' id='word_1_114' title='bbox 1295 2197 1492 2277; x_wconf 78' lang='lat' dir='ltr'><strong>senapesimo</strong></span> <span class='ocrx_word' id='word_1_115' title='bbox 1513 2191 1712 2280; x_wconf 52' lang='lat' dir='ltr'><strong>swnndoffi)</strong></span> 
     </span>
    </p>
   </div>
   <div class='ocr_carea' id='block_1_7' title="bbox 1437 2333 1736 2412">
    <p class='ocr_par' dir='ltr' id='par_1_7' title="bbox 1437 2333 1736 2412">
     <span class='ocr_line' id='line_1_15' title="bbox 1437 2333 1736 2412; baseline -0.003 -15"><span class='ocrx_word' id='word_1_116' title='bbox 1437 2334 1523 2398; x_wconf 86' lang='lat'><strong><em>1362</em></strong></span> <span class='ocrx_word' id='word_1_117' title='bbox 1545 2333 1683 2412; x_wconf 62' lang='lat' dir='ltr'><strong>napaei·</strong></span> <span class='ocrx_word' id='word_1_118' title='bbox 1707 2336 1736 2397; x_wconf 86' lang='lat'><strong>1.</strong></span> 
     </span>
    </p>
   </div>
   <div class='ocr_carea' id='block_1_8' title="bbox 267 2519 1784 2764">
    <p class='ocr_par' dir='ltr' id='par_1_8' title="bbox 267 2519 1784 2764">
     <span class='ocr_line' id='line_1_16' title="bbox 406 2519 1783 2590; baseline -0.003 -14"><span class='ocrx_word' id='word_1_119' title='bbox 406 2523 436 2576; x_wconf 86' lang='lat' dir='ltr'><strong>R.</strong></span> <span class='ocrx_word' id='word_1_120' title='bbox 451 2524 501 2575; x_wconf 83' lang='lat' dir='ltr'><strong>Ar.</strong></span> <span class='ocrx_word' id='word_1_121' title='bbox 517 2528 565 2576; x_wconf 78' lang='lat'><strong>149</strong></span> <span class='ocrx_word' id='word_1_122' title='bbox 579 2522 626 2576; x_wconf 80' lang='lat' dir='ltr'><strong>fol.</strong></span> <span class='ocrx_word' id='word_1_123' title='bbox 642 2520 709 2576; x_wconf 78' lang='lat'>138⁶.</span> <span class='ocrx_word' id='word_1_124' title='bbox 729 2551 761 2560; x_wconf 94' lang='lat'><em>-</em></span> <span class='ocrx_word' id='word_1_125' title='bbox 781 2526 805 2586; x_wconf 79' lang='lat' dir='ltr'><strong>a)</strong></span> <span class='ocrx_word' id='word_1_126' title='bbox 825 2522 1006 2590; x_wconf 87' lang='lat' dir='ltr'><strong>,Cabrispino‘</strong></span> <span class='ocrx_word' id='word_1_127' title='bbox 1019 2527 1069 2577; x_wconf 81' lang='lat' dir='ltr'><strong>Ar.</strong></span> <span class='ocrx_word' id='word_1_128' title='bbox 1088 2523 1115 2589; x_wconf 77' lang='lat' dir='ltr'><strong>b)</strong></span> <span class='ocrx_word' id='word_1_129' title='bbox 1134 2521 1296 2589; x_wconf 89' lang='lat' dir='ltr'><strong>Suppletum</strong></span> <span class='ocrx_word' id='word_1_130' title='bbox 1316 2537 1349 2575; x_wconf 82' lang='lat' dir='ltr'><strong>ex</strong></span> <span class='ocrx_word' id='word_1_131' title='bbox 1363 2521 1434 2574; x_wconf 86' lang='lat' dir='ltr'><strong>notia</strong></span> <span class='ocrx_word' id='word_1_132' title='bbox 1448 2520 1476 2573; x_wconf 91' lang='lat' dir='ltr'><strong>in</strong></span> <span class='ocrx_word' id='word_1_133' title='bbox 1489 2521 1581 2575; x_wconf 89' lang='lat' dir='ltr'><strong>codice</strong></span> <span class='ocrx_word' id='word_1_134' title='bbox 1594 2519 1783 2589; x_wconf 84' lang='lat' dir='ltr'><strong>praecedenti·</strong></span> 
     </span>
     <span class='ocr_line' id='line_1_17' title="bbox 273 2606 1784 2678; baseline -0.003 -14"><span class='ocrx_word' id='word_1_135' title='bbox 273 2610 332 2664; x_wconf 84' lang='lat' dir='ltr'><strong>bus.</strong></span> <span class='ocrx_word' id='word_1_136' title='bbox 355 2639 382 2648; x_wconf 90' lang='lat'><em>-</em></span> <span class='ocrx_word' id='word_1_137' title='bbox 403 2609 435 2661; x_wconf 92' lang='lat' dir='ltr'><strong>In</strong></span> <span class='ocrx_word' id='word_1_138' title='bbox 454 2609 506 2662; x_wconf 93' lang='lat' dir='ltr'><strong>Int.</strong></span> <span class='ocrx_word' id='word_1_139' title='bbox 527 2616 554 2660; x_wconf 91' lang='lat' dir='ltr'><strong>et</strong></span> <span class='ocrx_word' id='word_1_140' title='bbox 572 2609 646 2662; x_wconf 89' lang='lat' dir='ltr'><strong>Exit.</strong></span> <span class='ocrx_word' id='word_1_141' title='bbox 665 2615 715 2661; x_wconf 75' lang='lat'><strong>296</strong></span> <span class='ocrx_word' id='word_1_142' title='bbox 734 2608 781 2662; x_wconf 86' lang='lat' dir='ltr'><strong>fol.</strong></span> <span class='ocrx_word' id='word_1_143' title='bbox 801 2613 832 2661; x_wconf 79' lang='lat'><strong>61</strong></span> <span class='ocrx_word' id='word_1_144' title='bbox 852 2616 918 2661; x_wconf 90' lang='lat' dir='ltr'><strong>nota</strong></span> <span class='ocrx_word' id='word_1_145' title='bbox 937 2608 1126 2662; x_wconf 82' lang='lat' dir='ltr'><strong>desolatione</strong></span> <span class='ocrx_word' id='word_1_146' title='bbox 1145 2615 1159 2660; x_wconf 75' lang='lat'>2</span> <span class='ocrx_word' id='word_1_147' title='bbox 1178 2608 1343 2662; x_wconf 87' lang='lat' dir='ltr'><strong>florenorum</strong></span> <span class='ocrx_word' id='word_1_148' title='bbox 1371 2607 1511 2678; x_wconf 86' lang='lat' dir='ltr'><strong>praedicto</strong></span> <span class='ocrx_word' id='word_1_149' title='bbox 1538 2608 1658 2662; x_wconf 80' lang='lat' dir='ltr'><strong>Iohanni</strong></span> <span class='ocrx_word' id='word_1_150' title='bbox 1678 2606 1711 2661; x_wconf 88' lang='lat' dir='ltr'><strong>de</strong></span> <span class='ocrx_word' id='word_1_151' title='bbox 1731 2606 1784 2660; x_wconf 82' lang='lat' dir='ltr'><strong>Ca-</strong></span> 
     </span>
     <span class='ocr_line' id='line_1_18' title="bbox 267 2695 1013 2764; baseline 0.001 -16"><span class='ocrx_word' id='word_1_152' title='bbox 267 2695 405 2764; x_wconf 78' lang='lat' dir='ltr'><strong>brespino</strong></span> <span class='ocrx_word' id='word_1_153' title='bbox 425 2711 474 2762; x_wconf 93' lang='lat' dir='ltr'><strong>pro</strong></span> <span class='ocrx_word' id='word_1_154' title='bbox 495 2695 722 2749; x_wconf 78' lang='lat' dir='ltr'><strong>extraordinariis</strong></span> <span class='ocrx_word' id='word_1_155' title='bbox 742 2701 770 2748; x_wconf 90' lang='lat' dir='ltr'><strong>et</strong></span> <span class='ocrx_word' id='word_1_156' title='bbox 788 2709 850 2747; x_wconf 89' lang='lat' dir='ltr'><strong>cera</strong></span> <span class='ocrx_word' id='word_1_157' title='bbox 869 2695 1013 2763; x_wconf 88' lang='lat' dir='ltr'><strong>reperitur.</strong></span> 
     </span>
    </p>
   </div>
   <div class='ocr_carea' id='block_1_9' title="bbox 272 3075 1782 3732">
    <p class='ocr_par' dir='ltr' id='par_1_9' title="bbox 272 3075 1782 3732">
     <span class='ocr_line' id='line_1_19' title="bbox 274 3075 1780 3159; baseline 0 -16"><span class='ocrx_word' id='word_1_158' title='bbox 274 3079 394 3143; x_wconf 76' lang='lat'><strong><em>1321.</em></strong></span> <span class='ocrx_word' id='word_1_159' title='bbox 430 3077 571 3140; x_wconf 73' lang='lat' dir='ltr'><strong>litterae</strong></span> <span class='ocrx_word' id='word_1_160' title='bbox 604 3077 708 3140; x_wconf 85' lang='lat' dir='ltr'><strong>securi</strong></span> <span class='ocrx_word' id='word_1_161' title='bbox 743 3075 912 3139; x_wconf 81' lang='lat' dir='ltr'><strong>conductus</strong></span> <span class='ocrx_word' id='word_1_162' title='bbox 942 3078 1092 3159; x_wconf 79' lang='lat' dir='ltr'><strong>mapistri</strong></span> <span class='ocrx_word' id='word_1_163' title='bbox 1125 3079 1214 3142; x_wconf 84' lang='lat' dir='ltr'><strong>Petri</strong></span> <span class='ocrx_word' id='word_1_164' title='bbox 1248 3078 1383 3159; x_wconf 80' lang='lat' dir='ltr'><strong>Beponis</strong></span> <span class='ocrx_word' id='word_1_165' title='bbox 1417 3077 1605 3141; x_wconf 85' lang='lat' dir='ltr'><strong>cancellarii</strong></span> <span class='ocrx_word' id='word_1_166' title='bbox 1629 3078 1780 3143; x_wconf 83' lang='lat' dir='ltr'><strong>ecelesiae</strong></span> 
     </span>
     <span class='ocr_line' id='line_1_20' title="bbox 282 3178 1781 3263; baseline 0.003 -21"><span class='ocrx_word' id='word_1_167' title='bbox 282 3179 552 3257; x_wconf 85' lang='lat' dir='ltr'><strong>Vratislaar&#39;ensis,</strong></span> <span class='ocrx_word' id='word_1_168' title='bbox 576 3178 753 3243; x_wconf 84' lang='lat' dir='ltr'><strong>baccalarii</strong></span> <span class='ocrx_word' id='word_1_169' title='bbox 775 3179 809 3241; x_wconf 89' lang='lat' dir='ltr'><strong>in</strong></span> <span class='ocrx_word' id='word_1_170' title='bbox 831 3178 960 3262; x_wconf 83' lang='lat' dir='ltr'><strong>lapibus,</strong></span> <span class='ocrx_word' id='word_1_171' title='bbox 984 3181 1142 3263; x_wconf 83' lang='lat' dir='ltr'><strong>capellani</strong></span> <span class='ocrx_word' id='word_1_172' title='bbox 1157 3181 1333 3262; x_wconf 88' lang='lat' dir='ltr'><strong>apostolici,</strong></span> <span class='ocrx_word' id='word_1_173' title='bbox 1350 3180 1458 3245; x_wconf 66' lang='lat' dir='ltr'><strong>nunni</strong></span> <span class='ocrx_word' id='word_1_174' title='bbox 1480 3182 1671 3263; x_wconf 83' lang='lat' dir='ltr'><strong>apostolieae</strong></span> <span class='ocrx_word' id='word_1_175' title='bbox 1694 3183 1781 3246; x_wconf 80' lang='lat' dir='ltr'><strong>sedis</strong></span> 
     </span>
     <span class='ocr_line' id='line_1_21' title="bbox 272 3282 1782 3369; baseline 0.001 -22"><span class='ocrx_word' id='word_1_176' title='bbox 272 3284 317 3347; x_wconf 77' lang='lat' dir='ltr'><strong>ael</strong></span> <span class='ocrx_word' id='word_1_177' title='bbox 335 3289 448 3367; x_wconf 87' lang='lat' dir='ltr'><strong>partes</strong></span> <span class='ocrx_word' id='word_1_178' title='bbox 470 3286 559 3363; x_wconf 79' lang='lat' dir='ltr'><strong>repni</strong></span> <span class='ocrx_word' id='word_1_179' title='bbox 585 3282 747 3365; x_wconf 82' lang='lat' dir='ltr'><strong>Unpariae</strong></span> <span class='ocrx_word' id='word_1_180' title='bbox 768 3283 866 3346; x_wconf 88' lang='lat' dir='ltr'><strong>missi.</strong></span> <span class='ocrx_word' id='word_1_181' title='bbox 894 3282 991 3365; x_wconf 78' lang='lat' dir='ltr'><strong>,Cum</strong></span> <span class='ocrx_word' id='word_1_182' title='bbox 1014 3283 1044 3350; x_wconf 80' lang='lat' dir='ltr'><strong>d.</strong></span> <span class='ocrx_word' id='word_1_183' title='bbox 1061 3284 1095 3369; x_wconf 89' lang='lat' dir='ltr'><strong>f.</strong></span> <span class='ocrx_word' id='word_1_184' title='bbox 1117 3286 1323 3367; x_wconf 71' lang='lat' dir='ltr'><strong>mapr&#39;strnm‘*</strong></span> <span class='ocrx_word' id='word_1_185' title='bbox 1353 3286 1528 3366; x_wconf 84' lang='lat' dir='ltr'><strong>,Aninione</strong></span> <span class='ocrx_word' id='word_1_186' title='bbox 1541 3305 1612 3350; x_wconf 90' lang='lat' dir='ltr'><strong>non.</strong></span> <span class='ocrx_word' id='word_1_187' title='bbox 1628 3284 1782 3366; x_wconf 75' lang='lat' dir='ltr'><strong>Anptrsti-</strong></span> 
     </span>
     <span class='ocr_line' id='line_1_22' title="bbox 904 3387 1103 3453; baseline 0.005 -3"><span class='ocrx_word' id='word_1_188' title='bbox 904 3410 933 3451; x_wconf 89' lang='lat' dir='ltr'><strong>a.</strong></span> <span class='ocrx_word' id='word_1_189' title='bbox 959 3387 1103 3453; x_wconf 62' lang='grc' dir='ltr'><strong>(ἕεσίνηο.ιι</strong></span> 
     </span>
     <span class='ocr_line' id='line_1_23' title="bbox 1251 3526 1733 3609; baseline 0.002 -21"><span class='ocrx_word' id='word_1_190' title='bbox 1251 3526 1411 3607; x_wconf 85' lang='lat' dir='ltr'><strong>Acinione,</strong></span> <span class='ocrx_word' id='word_1_191' title='bbox 1439 3528 1521 3592; x_wconf 85' lang='lat'><strong><em>1362</em></strong></span> <span class='ocrx_word' id='word_1_192' title='bbox 1543 3526 1681 3609; x_wconf 63' lang='lat' dir='ltr'><strong>Apparet</strong></span> <span class='ocrx_word' id='word_1_193' title='bbox 1703 3530 1733 3590; x_wconf 84' lang='lat'><strong>5.</strong></span> 
     </span>
     <span class='ocr_line' id='line_1_24' title="bbox 402 3662 936 3732; baseline -0.006 -15"><span class='ocrx_word' id='word_1_194' title='bbox 402 3664 434 3717; x_wconf 87' lang='lat' dir='ltr'><strong>R.</strong></span> <span class='ocrx_word' id='word_1_195' title='bbox 453 3664 515 3717; x_wconf 84' lang='lat' dir='ltr'><strong>Vat.</strong></span> <span class='ocrx_word' id='word_1_196' title='bbox 534 3670 586 3717; x_wconf 77' lang='lat'><strong>244</strong></span> <span class='ocrx_word' id='word_1_197' title='bbox 604 3663 630 3716; x_wconf 88' lang='lat' dir='ltr'>N</span> <span class='ocrx_word' id='word_1_198' title='bbox 649 3664 776 3732; x_wconf 79' lang='lat' dir='ltr'><strong>(Archet)</strong></span> <span class='ocrx_word' id='word_1_199' title='bbox 794 3680 837 3717; x_wconf 89' lang='lat' dir='ltr'><strong>nr.</strong></span> <span class='ocrx_word' id='word_1_200' title='bbox 856 3662 936 3716; x_wconf 82' lang='lat' dir='ltr'><strong>arab.</strong></span> 
     </span>
    </p>
   </div>
   <div class='ocr_carea' id='block_1_10' title="bbox 923 3822 1129 3833">
    <p class='ocr_par' dir='ltr' id='par_1_10' title="bbox 923 3822 1129 3833">
     <span class='ocr_line' id='line_1_25' title="bbox 923 3822 1129 3833; baseline 0.01 -2"><span class='ocrx_word' id='word_1_201' title='bbox 923 3822 1129 3833; x_wconf 50' lang='grc' dir='ltr'>Ἢ</span> 
     </span>
    </p>
   </div>
   <div class='ocr_carea' id='block_1_11' title="bbox 272 3994 1783 4287">
    <p class='ocr_par' dir='ltr' id='par_1_11' title="bbox 272 3994 1783 4287">
     <span class='ocr_line' id='line_1_26' title="bbox 274 3994 1783 4086; baseline 0.001 -26"><span class='ocrx_word' id='word_1_202' title='bbox 274 3996 394 4086; x_wconf 59' lang='grc'><em>1022.</em></span> <span class='ocrx_word' id='word_1_203' title='bbox 420 3994 512 4084; x_wconf 54' lang='lat' dir='ltr'><strong>mim.</strong></span> <span class='ocrx_word' id='word_1_204' title='bbox 533 3997 645 4059; x_wconf 86' lang='lat' dir='ltr'><strong>Petrus</strong></span> <span class='ocrx_word' id='word_1_205' title='bbox 668 3997 805 4077; x_wconf 79' lang='lat' dir='ltr'><strong>Bapenis</strong></span> <span class='ocrx_word' id='word_1_206' title='bbox 829 3997 1038 4061; x_wconf 84' lang='lat' dir='ltr'><strong>cancellarius</strong></span> <span class='ocrx_word' id='word_1_207' title='bbox 1061 3996 1209 4062; x_wconf 86' lang='lat' dir='ltr'><strong>eeclesiae</strong></span> <span class='ocrx_word' id='word_1_208' title='bbox 1240 3997 1498 4061; x_wconf 83' lang='lat' dir='ltr'><strong>Vratislaciensis</strong></span> <span class='ocrx_word' id='word_1_209' title='bbox 1520 3996 1652 4061; x_wconf 84' lang='lat' dir='ltr'><strong>Nicolao</strong></span> <span class='ocrx_word' id='word_1_210' title='bbox 1683 3999 1783 4079; x_wconf 86' lang='lat' dir='ltr'><strong>patri</strong></span> 
     </span>
     <span class='ocr_line' id='line_1_27' title="bbox 272 4096 1781 4181; baseline 0.003 -19"><span class='ocrx_word' id='word_1_211' title='bbox 272 4098 391 4162; x_wconf 80' lang='lat' dir='ltr'><strong>archae</strong></span> <span class='ocrx_word' id='word_1_212' title='bbox 425 4096 628 4181; x_wconf 76' lang='lat' dir='ltr'><strong>Apeilepensi</strong></span> <span class='ocrx_word' id='word_1_213' title='bbox 662 4103 692 4162; x_wconf 92' lang='lat' dir='ltr'><strong>et</strong></span> <span class='ocrx_word' id='word_1_214' title='bbox 714 4099 863 4165; x_wconf 80' lang='lat' dir='ltr'><strong>Andreae</strong></span> <span class='ocrx_word' id='word_1_215' title='bbox 886 4100 1037 4164; x_wconf 79' lang='lat' dir='ltr'><strong>Dandnlo</strong></span> <span class='ocrx_word' id='word_1_216' title='bbox 1067 4101 1140 4166; x_wconf 82' lang='lat' dir='ltr'><strong>duci</strong></span> <span class='ocrx_word' id='word_1_217' title='bbox 1169 4103 1367 4166; x_wconf 76' lang='lat' dir='ltr'><strong>Venetianem</strong></span> <span class='ocrx_word' id='word_1_218' title='bbox 1389 4101 1632 4165; x_wconf 82' lang='lat' dir='ltr'><strong>commendatur.</strong></span> <span class='ocrx_word' id='word_1_219' title='bbox 1681 4099 1781 4181; x_wconf 83' lang='lat' dir='ltr'><strong>,Cum</strong></span> 
     </span>
     <span class='ocr_line' id='line_1_28' title="bbox 504 4201 1558 4287; baseline 0.003 -23"><span class='ocrx_word' id='word_1_220' title='bbox 504 4201 534 4266; x_wconf 82' lang='lat' dir='ltr'><strong>rl.</strong></span> <span class='ocrx_word' id='word_1_221' title='bbox 551 4205 583 4280; x_wconf 81' lang='lat' dir='ltr'><strong>s.</strong></span> <span class='ocrx_word' id='word_1_222' title='bbox 606 4204 818 4285; x_wconf 82' lang='lat' dir='ltr'><strong>mapistrnm“</strong></span> <span class='ocrx_word' id='word_1_223' title='bbox 848 4203 1022 4281; x_wconf 86' lang='lat' dir='ltr'><strong>,Aninione</strong></span> <span class='ocrx_word' id='word_1_224' title='bbox 1051 4202 1113 4269; x_wconf 91' lang='lat' dir='ltr'><strong>VII</strong></span> <span class='ocrx_word' id='word_1_225' title='bbox 1130 4205 1174 4269; x_wconf 84' lang='lat' dir='ltr'><strong>id.</strong></span> <span class='ocrx_word' id='word_1_226' title='bbox 1198 4203 1336 4287; x_wconf 82' lang='lat' dir='ltr'><strong>Anpnsti</strong></span> <span class='ocrx_word' id='word_1_227' title='bbox 1358 4226 1387 4269; x_wconf 89' lang='lat' dir='ltr'><strong>a.</strong></span> <span class='ocrx_word' id='word_1_228' title='bbox 1413 4204 1558 4270; x_wconf 57' lang='lat' dir='ltr'><strong>ammos</strong></span> 
     </span>
    </p>
   </div>
   <div class='ocr_carea' id='block_1_12' title="bbox 403 4343 1734 4543">
    <p class='ocr_par' dir='ltr' id='par_1_12' title="bbox 403 4343 1734 4543">
     <span class='ocr_line' id='line_1_29' title="bbox 1244 4343 1734 4426; baseline 0.008 -19"><span class='ocrx_word' id='word_1_229' title='bbox 1244 4343 1409 4422; x_wconf 81' lang='lat' dir='ltr'><strong>Aninione,</strong></span> <span class='ocrx_word' id='word_1_230' title='bbox 1434 4345 1518 4406; x_wconf 82' lang='lat'><strong><em>1362</em></strong></span> <span class='ocrx_word' id='word_1_231' title='bbox 1539 4343 1678 4426; x_wconf 77' lang='lat' dir='ltr'><strong>Aupnsti</strong></span> <span class='ocrx_word' id='word_1_232' title='bbox 1705 4346 1734 4411; x_wconf 80' lang='lat'><strong>7.</strong></span> 
     </span>
     <span class='ocr_line' id='line_1_30' title="bbox 403 4476 931 4543; baseline 0.002 -14"><span class='ocrx_word' id='word_1_233' title='bbox 403 4476 435 4529; x_wconf 90' lang='lat' dir='ltr'><strong>R.</strong></span> <span class='ocrx_word' id='word_1_234' title='bbox 454 4477 515 4529; x_wconf 84' lang='lat' dir='ltr'><strong>Vnt.</strong></span> <span class='ocrx_word' id='word_1_235' title='bbox 535 4482 587 4530; x_wconf 72' lang='lat'><strong>244</strong></span> <span class='ocrx_word' id='word_1_236' title='bbox 606 4477 638 4530; x_wconf 90' lang='lat' dir='ltr'><strong>N.</strong></span> <span class='ocrx_word' id='word_1_237' title='bbox 659 4477 793 4543; x_wconf 83' lang='lat' dir='ltr'><strong>(Archet)</strong></span> <span class='ocrx_word' id='word_1_238' title='bbox 811 4494 852 4532; x_wconf 90' lang='lat' dir='ltr'><strong>nr.</strong></span> <span class='ocrx_word' id='word_1_239' title='bbox 872 4484 931 4532; x_wconf 78' lang='lat'>240.</span> 
     </span>
    </p>
   </div>
   <div class='ocr_carea' id='block_1_13' title="bbox 925 4657 1127 4666">
    <p class='ocr_par' dir='ltr' id='par_1_13' title="bbox 925 4657 1127 4666">
     <span class='ocr_line' id='line_1_31' title="bbox 925 4657 1127 4666; baseline 0.01 -3"><span class='ocrx_word' id='word_1_240' title='bbox 925 4657 1127 4666; x_wconf 78' lang='lat'><strong>——-</strong></span> 
     </span>
    </p>
   </div>
   <div class='ocr_carea' id='block_1_14' title="bbox 271 4801 1781 4978">
    <p class='ocr_par' dir='ltr' id='par_1_14' title="bbox 271 4801 1781 4978">
     <span class='ocr_line' id='line_1_32' title="bbox 271 4801 1781 4896; baseline 0.005 -26"><span class='ocrx_word' id='word_1_241' title='bbox 271 4805 391 4870; x_wconf 74' lang='lat'><strong><em>1323.</em></strong></span> <span class='ocrx_word' id='word_1_242' title='bbox 427 4801 613 4896; x_wconf 82' lang='lat' dir='ltr'><strong>Compositio</strong></span> <span class='ocrx_word' id='word_1_243' title='bbox 649 4807 810 4871; x_wconf 82' lang='lat' dir='ltr'><strong>Leonardi</strong></span> <span class='ocrx_word' id='word_1_244' title='bbox 838 4807 876 4871; x_wconf 80' lang='lat' dir='ltr'><strong>de</strong></span> <span class='ocrx_word' id='word_1_245' title='bbox 900 4808 1032 4873; x_wconf 88' lang='lat' dir='ltr'><strong>Znoime</strong></span> <span class='ocrx_word' id='word_1_246' title='bbox 1053 4829 1148 4893; x_wconf 84' lang='lat' dir='ltr'><strong>snper</strong></span> <span class='ocrx_word' id='word_1_247' title='bbox 1171 4812 1302 4874; x_wconf 85' lang='lat' dir='ltr'><strong>annatis</strong></span> <span class='ocrx_word' id='word_1_248' title='bbox 1326 4810 1364 4874; x_wconf 84' lang='lat' dir='ltr'><strong>de</strong></span> <span class='ocrx_word' id='word_1_249' title='bbox 1381 4810 1564 4892; x_wconf 75' lang='lat' dir='ltr'><strong>parochiali</strong></span> <span class='ocrx_word' id='word_1_250' title='bbox 1588 4810 1721 4876; x_wconf 82' lang='lat' dir='ltr'><strong>eeclesia</strong></span> <span class='ocrx_word' id='word_1_251' title='bbox 1746 4815 1781 4878; x_wconf 84' lang='lat' dir='ltr'><strong>in</strong></span> 
     </span>
     <span class='ocr_line' id='line_1_33' title="bbox 971 4913 1087 4978; baseline 0.034 -4"><span class='ocrx_word' id='word_1_252' title='bbox 971 4913 1087 4978; x_wconf 72' lang='lat' dir='ltr'><strong>Vrbict.</strong></span> 
     </span>
    </p>
   </div>
   <div class='ocr_carea' id='block_1_15' title="bbox 1434 5019 1732 5100">
    <p class='ocr_par' dir='ltr' id='par_1_15' title="bbox 1434 5019 1732 5100">
     <span class='ocr_line' id='line_1_34' title="bbox 1434 5019 1732 5100; baseline 0.01 -19"><span class='ocrx_word' id='word_1_253' title='bbox 1434 5021 1520 5083; x_wconf 86' lang='lat'><strong><em>1362</em></strong></span> <span class='ocrx_word' id='word_1_254' title='bbox 1541 5019 1680 5100; x_wconf 77' lang='lat' dir='ltr'><strong>Anprrsli</strong></span> <span class='ocrx_word' id='word_1_255' title='bbox 1700 5021 1732 5084; x_wconf 89' lang='lat'><strong>9.</strong></span> 
     </span>
    </p>
   </div>
   <div class='ocr_carea' id='block_1_16' title="bbox 270 5202 1779 5400">
    <p class='ocr_par' dir='ltr' id='par_1_16' title="bbox 270 5202 1779 5400">
     <span class='ocr_line' id='line_1_35' title="bbox 402 5202 1779 5292; baseline 0.008 -26"><span class='ocrx_word' id='word_1_256' title='bbox 402 5203 482 5266; x_wconf 87' lang='lat' dir='ltr'><strong>Item</strong></span> <span class='ocrx_word' id='word_1_257' title='bbox 505 5202 567 5268; x_wconf 84' lang='lat' dir='ltr'><strong>fuit</strong></span> <span class='ocrx_word' id='word_1_258' title='bbox 589 5206 780 5285; x_wconf 84' lang='lat' dir='ltr'><strong>subrogatus</strong></span> <span class='ocrx_word' id='word_1_259' title='bbox 809 5205 994 5271; x_wconf 77' lang='lat' dir='ltr'><strong>Leonarrlus</strong></span> <span class='ocrx_word' id='word_1_260' title='bbox 1025 5206 1065 5271; x_wconf 87' lang='lat' dir='ltr'><strong>de</strong></span> <span class='ocrx_word' id='word_1_261' title='bbox 1088 5208 1228 5290; x_wconf 81' lang='lat' dir='ltr'><strong>Znoyma</strong></span> <span class='ocrx_word' id='word_1_262' title='bbox 1258 5211 1428 5292; x_wconf 85' lang='lat' dir='ltr'><strong>presbyter</strong></span> <span class='ocrx_word' id='word_1_263' title='bbox 1450 5209 1671 5276; x_wconf 88' lang='lat' dir='ltr'><strong>Olomuoensis</strong></span> <span class='ocrx_word' id='word_1_264' title='bbox 1695 5210 1779 5277; x_wconf 87' lang='lat' dir='ltr'><strong>dioc.</strong></span> 
     </span>
     <span class='ocr_line' id='line_1_36' title="bbox 270 5304 1779 5400; baseline 0.009 -31"><span class='ocrx_word' id='word_1_265' title='bbox 270 5304 305 5380; x_wconf 86' lang='lat' dir='ltr'><strong>ip</strong></span> <span class='ocrx_word' id='word_1_266' title='bbox 328 5306 400 5371; x_wconf 90' lang='lat' dir='ltr'><strong>iure</strong></span> <span class='ocrx_word' id='word_1_267' title='bbox 426 5307 562 5373; x_wconf 90' lang='lat' dir='ltr'><strong>ecclesie</strong></span> <span class='ocrx_word' id='word_1_268' title='bbox 586 5308 797 5389; x_wconf 84' lang='lat' dir='ltr'><strong>parrochialis</strong></span> <span class='ocrx_word' id='word_1_269' title='bbox 820 5310 853 5374; x_wconf 92' lang='lat' dir='ltr'><strong>in</strong></span> <span class='ocrx_word' id='word_1_270' title='bbox 876 5310 1008 5375; x_wconf 85' lang='lat' dir='ltr'><strong>Wrwicz</strong></span> <span class='ocrx_word' id='word_1_271' title='bbox 1032 5311 1117 5375; x_wconf 90' lang='lat' dir='ltr'><strong>dicte</strong></span> <span class='ocrx_word' id='word_1_272' title='bbox 1141 5312 1221 5378; x_wconf 88' lang='lat' dir='ltr'><strong>dioc.</strong></span> <span class='ocrx_word' id='word_1_273' title='bbox 1246 5311 1291 5378; x_wconf 92' lang='lat' dir='ltr'><strong>XI</strong></span> <span class='ocrx_word' id='word_1_274' title='bbox 1313 5312 1377 5377; x_wconf 86' lang='lat' dir='ltr'><strong>kal.</strong></span> <span class='ocrx_word' id='word_1_275' title='bbox 1401 5313 1567 5380; x_wconf 87' lang='lat' dir='ltr'><strong>Febmarii</strong></span> <span class='ocrx_word' id='word_1_276' title='bbox 1589 5332 1617 5378; x_wconf 90' lang='lat' dir='ltr'><strong>a.</strong></span> <span class='ocrx_word' id='word_1_277' title='bbox 1642 5313 1779 5400; x_wconf 88' lang='lat' dir='ltr'><strong>decimo,</strong></span> 
     </span>
    </p>
   </div>
   <div class='ocr_carea' id='block_1_17' title="bbox 0 0 1976 6053">
    <p class='ocr_par' dir='ltr' id='par_1_17' title="bbox 0 0 1976 6053">
     <span class='ocr_line' id='line_1_37' title="bbox 0 0 1976 6053; baseline 0 0"><span class='ocrx_word' id='word_1_278' title='bbox 0 0 1976 6053; x_wconf 95' lang='lat' dir='ltr'><strong> </strong></span> 
     </span>
    </p>
   </div>
  </div>
 </body>
</html>
