3944 6060
777 373 843 423 1356
862 370 956 423 Martii
975 376 989 423 7
1011 400 1042 408 -
1061 369 1167 438 Aprilis
1186 378 1211 424 6.
1389 443 1393 451 ¹
1682 376 1742 439 179

361 579 421 643 Die
445 579 507 644 XII
529 578 642 645 Marcii
664 578 705 662 [a.
729 578 809 660 LVI,
832 577 1034 662 pontificatus
1058 579 1176 644 domini
1191 579 1372 645 Innocencii
1389 600 1417 644 a.
1434 579 1558 667 quarto]
1572 583 1597 664 ¹)
1619 582 1737 646 tradite

233 681 360 746 fuerunt
382 683 508 747 domina
531 683 662 747 Alberto
686 683 725 746 de
749 682 865 746 Litticz
890 682 1038 747 canonico
1064 682 1318 764 Wiscegradensi
1337 683 1446 748 littere
1471 685 1645 766 apostolice
1670 704 1742 767 par-

233 785 327 848 tando
351 805 410 868 per
432 804 504 850 eum
527 786 681 867 personia
704 789 817 868 quibus
841 787 1028 867 diriguntur.

359 925 463 989 Primo
493 944 556 989 una
589 924 711 989 directa
741 926 890 1007 eptecopo
922 923 1189 1004 Wratislauiensi‚
1213 926 1389 1007 continens,
1425 932 1582 1007 quatenus
1606 927 1737 991 terciam

233 1035 354 1108 partem
378 1028 499 1092 decime
520 1082 526 1095 .
547 1079 553 1092 .
573 1081 579 1091 .
601 1026 649 1108 A)
673 1030 827 1093 tradere.
848 1078 855 1091 .
877 1080 882 1091 .
903 1081 908 1092 .
934 1033 1136 1109 procuret..
1157 1080 1163 1090 .
1185 1080 1191 1091 .

361 1167 442 1230 Item
466 1167 529 1230 alie
551 1167 646 1231 litera
669 1167 790 1231 directa
810 1166 948 1232 Iohanni
973 1166 1122 1231 Paduano
1147 1166 1266 1233 decana
1290 1169 1443 1249 predicto,
1466 1170 1641 1250 corticem,
1665 1188 1739 1250 qua-

234 1275 324 1333 tenus
349 1270 464 1334 dictam
489 1273 619 1336 terciam
643 1277 765 1353 partem
790 1273 911 1335 decime
931 1323 937 1334 .
958 1323 964 1335 .
985 1321 992 1333 .
1014 1276 1061 1347 .⁰)
1086 1271 1255 1353 recipere.
1277 1325 1282 1336 .
1304 1324 1310 1335 .
1331 1322 1337 1334 .
1361 1282 1519 1354 procuret.
1568 1326 1573 1336 .
1595 1324 1627 1337 ..

336 1508 448 1564 Collect.
472 1516 523 1564 362
542 1509 589 1563 fol.
615 1516 639 1563 θ’
667 1521 694 1564 et
721 1511 768 1565 iol.
790 1519 846 1564 1³4.
866 1541 899 1550 -
921 1517 947 1572 a)
963 1511 1126 1580 Suppletum
1155 1528 1188 1565 ex
1214 1512 1260 1565 Iol.
1283 1517 1307 1565 8.
1331 1513 1356 1578 b)
1375 1512 1457 1566 Utin
1475 1520 1589 1567 muttit.
1611 1517 1637 1579 c)
1657 1514 1740 1567 Utin

235 1610 270 1646 nr.
291 1601 351 1648 434.

237 1980 321 2044 436.
348 1980 476 2044 Decono
499 1981 625 2046 ecclesie
656 1982 908 2064 Vissepradensis
926 2002 1027 2064 prope
1051 1983 1191 2060 Prapam
1214 1981 1397 2054 mandatur,
1421 1986 1575 2062 quatenus
1601 1981 1739 2046 Odoleno

236 2083 426 2155 ,Boucoonis‘
449 2086 487 2150 de
510 2084 654 2166 Vrseer·)
677 2084 788 2149 elerico
814 2086 984 2164 Propensis
1008 2085 1085 2149 dioc.
1110 2085 1148 2149 de
1170 2086 1359 2149 canonicatu
1380 2082 1503 2149 ecclesie
1526 2082 1738 2148 Boleslaoien-

236 2187 276 2249 sis
314 2188 487 2268 Propensis
521 2188 600 2254 dioc.
633 2188 690 2252 sud
724 2189 936 2269 expectatione
962 2187 1165 2270 praebendae
1190 2188 1353 2272 provideri
1379 2192 1535 2271 procuret.
1577 2191 1738 2270 „Dipnnm

237 2290 445 2355 arbitramur·
497 2292 610 2375 „Apud
654 2291 886 2355 Villamnouam
931 2290 1154 2356 Aninionensis
1196 2292 1274 2356 dioc.
1318 2293 1398 2356 VIII
1430 2290 1493 2356 lral.
1532 2290 1657 2374 Aprilis
1706 2316 1737 2357 a.

914 2399 1059 2478 quarto“.

300 2562 328 2697 ξ
1005 2560 1101 2643 Apud
1133 2561 1369 2641 Villamnooam,
1394 2561 1479 2624 1356
1502 2561 1619 2625 Martii
1640 2565 1692 2625 25.

361 2793 391 2846 R.
411 2797 461 2846 Av.
482 2800 531 2848 134
550 2793 597 2847 sol,
616 2797 685 2846 ³32⁶.
706 2821 738 2830 -
753 2796 778 2854 ιι)
796 2789 936 2856 ,ll'irsecz‘
955 2794 1004 2844 Ar.
1124 2839 1129 2852 ,

234 3248 320 3314 437.
349 3246 490 3312 Gnidoni
515 3246 676 3312 Guerond
699 3248 851 3311 canonico
886 3251 916 3310 et
947 3246 1064 3310 decano
1087 3245 1234 3310 ccclesiae
1263 3267 1288 3308 s.
1319 3246 1460 3309 Dionirii
1489 3246 1670 3309 Leodiensis
1692 3248 1740 3309 in·

235 3351 390 3435 dulpetur‚
410 3354 446 3414 ut
467 3348 626 3417 Jotonnis
642 3350 680 3414 de
702 3348 840 3414 Boionia
861 3351 984 3415 comitis
1007 3349 1205 3427 Monsfortis‚
1237 3350 1325 3413 ouius
1346 3348 1531 3432 capellanus
1544 3356 1598 3428 est,
1622 3371 1661 3415 ac
1682 3352 1738 3416 Jo-

235 3453 360 3520 iannae
381 3455 448 3518 eius
470 3454 622 3518 consortis
660 3452 815 3536 obsequiis
844 3453 1018 3518 insistendo
1041 3457 1174 3533 fructus
1208 3454 1412 3517 canonicatus
1446 3457 1476 3517 et
1498 3454 1671 3517 decanatus
1691 3475 1740 3518 ec·

233 3558 342 3622 etesiae
359 3558 548 3641 praedictae
569 3578 668 3639 usque
690 3556 733 3621 ad
757 3557 931 3620 triennium
948 3558 1113 3640 percipere
1134 3555 1249 3622 ualeat.
1276 3558 1469 3638 „Personam
1488 3561 1595 3621 tuam“
1625 3557 1739 3640 „Apud

240 3661 471 3727 Villamnouam
495 3661 722 3726 Aninionensis
745 3661 822 3725 dioc.
854 3662 937 3725 VIII
955 3660 997 3723 id.
1021 3660 1147 3743 Aprilis
1171 3683 1200 3724 a.
1225 3664 1370 3741 quados.
1396 3698 1436 3707 -
1462 3663 1499 3725 In
1522 3683 1546 3724 e.
1571 3662 1736 3726 malleati

233 3767 416 3832 monosterii
443 3787 469 3831 s.
502 3766 681 3844 Genooefae
709 3766 913 3830 Parisiensis
944 3769 974 3828 et
1004 3764 1227 3828 archidiacono
1258 3766 1413 3848 Propensi
1443 3787 1481 3829 ac
1503 3765 1639 3847 officiali
1662 3768 1737 3831 Leo·

930 3870 1040 3933 diensi.

277 3976 357 4030 ,XX
369 4015 374 4025 ·
1012 4024 1108 4106 Apud
1139 4022 1376 4096 Villamnooam,
1408 4025 1494 4088 1356
1516 4022 1640 4106 Aprilis
1662 4025 1691 4087 o.

361 4165 392 4218 R.
411 4165 461 4216 Av.
482 4169 531 4217 1³3
550 4162 595 4218 fol.
617 4166 673 4216 138.

233 4571 320 4637 438.
343 4570 489 4638 Jolcanni
505 4567 643 4635 Conradi
666 4570 703 4634 de
720 4569 852 4633 Znoima
865 4578 891 4647 ⁸)
914 4571 1097 4653 praeposito
1121 4568 1266 4633 ecelesiae
1290 4568 1464 4631 Hortensis
1495 4565 1733 4648 Vesprimiensis

235 4672 321 4758 dioc,
344 4673 497 4738 Ludooiei
518 4675 601 4755 repis
629 4674 791 4755 Unporioe
813 4672 985 4755 capellano,
1008 4673 1212 4738 canonicatus
1235 4677 1262 4734 et
1283 4670 1468 4753 praebendo
1491 4690 1529 4732 ac
1560 4667 1734 4733 doctoratus

235 4777 376 4845 ecclesiae
401 4775 576 4843 Bosnensis
607 4780 819 4852 reserrentur,
850 4796 911 4840 non
943 4775 1094 4854 obstante,
1123 4774 1206 4858 quod
1231 4775 1492 4863 praeposituram
1526 4773 1729 4857 chtensem,

235 4901 322 4963 quoru
356 4881 515 4947 dimittere
545 4886 676 4959 tenetur,
710 4879 826 4944 adtinet
856 4884 886 4944 et
914 4900 1009 4963 super
1039 4880 1226 4944 canonicatu
1255 4882 1285 4942 et
1310 4877 1493 4960 praebenda
1524 4877 1732 4949 Posoniensie,

242 4983 474 5069 Vesprirniensis
496 4991 526 5050 et
549 4983 774 5066 Striponiensis
796 4983 999 5049 ecclesiarum
1020 4984 1136 5063 litipot.
1186 4981 1300 5065 „Apud
1337 4979 1570 5045 ldllomnouam
1599 4979 1729 5043 Aninio-

599 5089 705 5155 nensis
727 5088 803 5155 dioc.
827 5093 933 5152 octavo
955 5087 1000 5153 id.
1023 5086 1148 5170 Aprilis
1170 5107 1200 5152 a.
1224 5088 1368 5169 quarto“.
1630 5088 1634 5096 ’

1019 5251 1114 5334 Apud
1144 5250 1490 5331 Villamnooam,1356
1514 5248 1636 5331 Aprilis
1658 5249 1687 5310 6.

1583 5380 1630 5434 12⁸
