3944 6060
1604 416 1694 484 XVII

188 630 271 695 num
305 627 422 692 &creti
455 625 599 690 clarmda
631 624 769 708 ponitur,
803 642 866 704 qua
898 624 1022 689 irritum
1047 631 1081 688 et
1102 625 1196 689 inane
1220 624 1412 704 decernitur,
1446 624 1473 689 si
1496 645 1516 688 a
1538 643 1694 706 quoquam

190 734 304 814 quavis
343 732 533 796 auctoritate
571 733 683 794 contra
719 727 854 810 gratiam
891 728 924 792 in
961 728 1072 793 littera
1106 745 1287 792 concessam
1326 733 1549 810 attemptatum
1586 727 1694 794 luerit.

192 836 374 901 Penultima
406 832 552 898 clausula
586 836 754 898 contextus
777 832 883 896 verbis
907 851 989 913 „aon
1010 832 1223 896 obstantibud‘
1260 831 1373 914 incipit
1395 838 1430 896 et
1450 832 1544 914 longe
1567 832 1696 913 lateque

192 940 300 1005 omnia
322 943 453 1020 statuta
475 954 585 1002 onmes
608 935 864 1018 consuetudines,
887 936 1132 1018 reservatioues,
1155 935 1370 1017 indulgentias
1394 942 1453 1001 etc.
1477 936 1582 1001 omnia
1596 936 1695 1019 impe-

193 1045 337 1108 dimenta
358 1045 534 1120 enumerat,
556 1040 670 1120 quibus
692 1045 786 1106 tenor
808 1041 930 1122 gratiae
954 1057 1125 1104 concessae
1149 1039 1385 1120 quomodolibet
1408 1040 1555 1122 impediri
1569 1040 1621 1106 vel
1637 1040 1694 1105 dif-

194 1147 273 1212 lerri
295 1146 410 1211 valeat.
455 1145 494 1209 In
526 1147 588 1210 line
619 1143 780 1209 clausulae
813 1143 907 1208 huius
936 1143 1041 1208 omnia
1075 1143 1138 1207 alia
1171 1141 1324 1208 beneficia
1346 1144 1487 1209 litteram
1510 1144 1696 1227 accipientis

196 1250 404 1331 adducuntur,
428 1249 542 1330 quibus
564 1267 628 1312 non
651 1247 850 1313 obstantibus
872 1246 1059 1313 beneficium
1083 1247 1232 1312 collatum
1256 1247 1399 1329 accipere
1423 1254 1456 1313 et
1478 1248 1617 1314 retinere
1629 1254 1695 1331 pot

195 1366 256 1419 est.
300 1353 333 1420 Si
356 1354 440 1435 quod
462 1351 650 1419 beneficium
674 1352 744 1416 eius
780 1351 1016 1435 incompatibile
1051 1350 1149 1417 luerit
1172 1370 1241 1416 cum
1265 1350 1418 1418 beneficio
1452 1352 1511 1416 hac
1533 1352 1644 1418 littera
1666 1353 1698 1417 ei

197 1475 357 1535 concesso,
380 1457 532 1522 hocloco
555 1456 745 1536 destinatur,
762 1455 854 1536 ‘quod
876 1454 1064 1520 beneficium
1087 1456 1153 1520 tale
1170 1455 1332 1520 dimittere
1356 1462 1495 1521 tenetur.
1519 1457 1608 1522 Haec
1623 1474 1698 1537 pars

196 1562 359 1627 clausulae
386 1580 467 1643 ,non
490 1561 709 1626 obstantibus“
736 1560 815 1624 talia
837 1565 871 1624 et
894 1559 1011 1624 similia
1034 1560 1151 1624 indicia
1167 1561 1342 1642 singularia
1357 1560 1444 1644 facit,
1469 1580 1531 1641 qua
1546 1561 1586 1625 de
1603 1578 1699 1626 causa

195 1666 230 1729 in
254 1671 386 1731 extenso
409 1665 497 1748 typis
520 1664 720 1739 describitur,
745 1664 862 1728 ceteris
878 1664 950 1728 aliis
967 1664 1101 1729 omissis.
1128 1663 1281 1729 clausula
1296 1665 1408 1729 ultima
1424 1670 1599 1745 contextus,
1617 1681 1698 1746 quae

194 1769 303 1834 verbis
330 1769 428 1851 ,nudi
448 1770 538 1849 πρῶ
564 1768 685 1851 incipit,
710 1768 848 1851 graciam
871 1785 1053 1834 concessam
1076 1767 1249 1850 infringere
1272 1768 1468 1850 prohibetur.

327 1873 376 1937 Ad
399 1872 538 1937 litteram
562 1872 736 1954 graciosam
758 1872 870 1936 littera
891 1872 1076 1935 executoris
1098 1872 1248 1953 pertinet,
1273 1890 1334 1952 qua
1356 1872 1459 1937 tribus
1475 1872 1699 1937 executoribus
1783 1925 1787 1931 .

195 1979 374 2053 mandatur,
406 1983 441 2042 ut
463 1977 604 2042 litteram
640 1975 848 2059 accipientem
878 1975 1131 2058 incorporalem
1162 1976 1397 2057 possessionem
1421 1974 1567 2041 beneficii
1591 1977 1700 2041 collati

195 2082 358 2147 inducant.

327 2184 415 2250 Haec
438 2190 490 2249 est
512 2183 612 2248 forma
635 2182 826 2266 provisionis
848 2182 994 2248 beneficii
1017 2183 1170 2266 vacantis,
1193 2184 1318 2265 quando
1340 2183 1452 2249 littera
1467 2201 1632 2266 personae,
1651 2185 1701 2248 cui

195 2290 301 2373 gratia
323 2306 475 2353 concesse
497 2293 557 2370 est,
592 2286 775 2352 immediate
798 2287 989 2353 inscribitur.
1035 2287 1195 2370 Persaepe
1217 2287 1328 2352 littera
1350 2287 1451 2352 solum
1478 2288 1700 2353 executoribus

195 2393 351 2476 inscripta
384 2399 418 2460 et
439 2391 581 2457 mandati
615 2390 716 2457 forma
738 2391 826 2457 edita
859 2397 918 2457 est.
955 2391 1051 2456 Modo
1073 2391 1129 2456 uni
1152 2411 1222 2456 cum
1245 2410 1364 2474 arenga
1389 2391 1545 2474 ,Dignum
1569 2392 1701 2456 arbitra-

196 2502 297 2571 mur“‚
321 2497 414 2562 modo
436 2496 540 2561 tribus
562 2495 720 2561 iudicibus
743 2496 920 2578 mandatur,
942 2502 978 2560 ut
1001 2494 1189 2560 beneficium
1204 2513 1321 2560 vacans
1337 2513 1503 2578 personae,
1528 2497 1578 2560 cui
1594 2498 1699 2578 gratia

196 2599 242 2681 fit,
266 2601 438 2667 conferant.
464 2597 569 2680 (Ocni.
592 2617 639 2663 ur.
664 2600 706 2664 34
729 2605 764 2664 et
786 2600 853 2681 35).
876 2599 913 2664 In
936 2600 1085 2664 mandato
1108 2606 1182 2681 post
1204 2600 1419 2665 narrationem
1435 2604 1511 2665 ante
1527 2600 1701 2664 clausulam

197 2704 378 2770 collationis
401 2721 498 2786 saepe
521 2702 643 2769 verbis:
670 2703 716 2782 ,si
739 2703 787 2768 ita
808 2703 891 2778 est“,
930 2703 976 2784 ,si
999 2703 1089 2768 vobis
1113 2704 1295 2769 constiterit
1316 2704 1364 2769 ita
1385 2712 1489 2787 esse“,
1516 2703 1562 2784 ,si
1585 2703 1702 2769 benefi-

197 2809 292 2886 cium,
316 2814 352 2872 ut
375 2807 593 2891 praemittitur
615 2808 725 2872 vacat‘*
752 2807 892 2873 conditio
915 2824 1066 2890 expressa
1090 2813 1148 2889 est,
1172 2826 1190 2871 a
1213 2828 1276 2889 qua
1291 2809 1418 2873 collatio
1434 2809 1556 2891 gratiae
1572 2808 1701 2891 pendet,

197 2931 281 2993 quae
304 2911 403 2994 igitur
425 2911 464 2975 ab
487 2910 710 2976 executoribus
732 2911 927 2993 exploranda
949 2917 1008 2976 est.

330 3017 360 3079 2.
387 3014 624 3079 saevaenec
645 3013 872 3096 beneficiorum,
906 3025 1048 3096 quorum
1073 3016 1196 3081 vacatio
1219 3015 1415 3098 expectando
1439 3022 1499 3098 est,
1528 3017 1586 3081 hoc
1608 3017 1702 3082 modo

198 3119 390 3184 dividendae
415 3124 507 3183 suut:

329 3224 363 3304 a)
386 3221 586 3287 Pswaioaes
619 3222 658 3286 de
679 3221 834 3304 beneficiis
855 3223 1029 3301 vacatma's,
1053 3224 1180 3312 ¹quibus
1203 3223 1298 3287 alicui
1322 3224 1361 3288 de
1384 3222 1538 3289 beneficio
1561 3223 1704 3304 quolibet

198 3332 350 3392 vacaturo
384 3344 454 3392 cum
477 3344 554 3391 cura
586 3326 638 3391 vel
661 3326 730 3392 sine
754 3345 829 3390 cura
852 3327 892 3391 ad
916 3326 1118 3392 collationem
1143 3327 1277 3392 alicuius
1302 3345 1468 3409 personae,
1492 3327 1628 3409 collegii,
1651 3346 1701 3392 ec·

199 3431 329 3513 clasiae,
363 3431 549 3496 monasterii
572 3430 754 3512 pertinente
777 3431 971 3512 providetur.
1007 3432 1121 3496 Forma
1143 3431 1324 3496 huiusmodi
1346 3432 1537 3514 provisionis
1560 3431 1593 3496 in
1616 3431 1701 3497 Mon.

200 3534 273 3599 Vat.
303 3535 432 3600 Iur.2
466 3535 636 3618 reperitur.
682 3535 759 3601 Post
780 3553 929 3617 arengarn
964 3536 1053 3600 brevi
1076 3536 1259 3602 narratione
1292 3536 1478 3619 plerumque
1512 3535 1638 3611 dicitur,
1662 3534 1703 3599 ad

200 3638 292 3703 cuius
316 3638 601 3712 considerationem
624 3638 765 3703 litteram
790 3639 960 3721 accipienti
982 3639 1057 3704 talis
1081 3640 1185 3722 gratia
1207 3639 1407 3705 concedatur.
1432 3639 1469 3703 In
1493 3638 1701 3721 dispositione

200 3742 318 3824 ubique
341 3743 430 3809 valor
453 3761 576 3808 annuus
598 3741 756 3807 fructuum
769 3740 916 3807 beneficii
931 3743 1088 3808 reservati
1104 3743 1293 3809 destinatur.
1317 3743 1453 3808 Fructus
1468 3741 1701 3820 beneficiorum,

200 3863 283 3926 quac
306 3865 376 3911 cum
398 3865 474 3912 cura
496 3847 670 3912 animarum
694 3846 862 3911 coniuncta
884 3854 967 3926 sunt,
991 3852 1135 3930 tempore
1160 3847 1338 3912 Innocentii
1352 3846 1397 3911 VI
1412 3847 1548 3911 maxima
1560 3866 1598 3911 ex
1611 3852 1702 3929 parte

200 3949 341 4016 valorem
363 3969 501 4016 annuum
526 3951 569 4016 ab
591 3968 767 4015 marcarum
791 3951 915 4032 argenti
937 3951 1093 4016 excedere
1116 3970 1179 4017 uon
1201 3951 1318 4032 valent,
1342 3950 1463 4016 fructus
1479 3949 1702 4016 beneficiorum

200 4054 272 4118 sine
305 4071 381 4119 cura
413 4055 553 4120 valorem
583 4073 721 4118 aunuum
749 4056 784 4119 18
808 4074 983 4119 marcarum
1008 4056 1142 4138 argenti.
1188 4055 1283 4120 Modo
1314 4052 1501 4119 beneficium
1525 4073 1595 4118 cnm
1619 4072 1702 4137 cura,

200 4157 294 4224 modo
317 4158 385 4223 sine
409 4177 484 4224 cura
505 4163 696 4224 reservatur.

331 4261 478 4328 Formula
500 4261 727 4328 reservationis
751 4260 896 4327 beneficii
919 4281 989 4326 cum
1012 4280 1088 4327 cura
1109 4264 1161 4327 vel
1184 4263 1253 4328 sine
1277 4281 1352 4326 cura
1375 4261 1468 4326 huius
1491 4267 1541 4325 est
1565 4261 1702 4325 tenoris:

205 4363 411 4448 ,benencium
434 4364 685 4431 ecclesiasticum
708 4384 778 4430 cum
801 4365 932 4430 velsine
945 4384 1029 4448 cura,
1052 4365 1285 4443 cuiosfructus,
1309 4365 1454 4431 redditus
1469 4371 1502 4429 et
1519 4376 1701 4446 proventus,

201 4469 232 4534 si
255 4488 324 4534 cum
347 4489 423 4534 cura
444 4469 558 4553 viginti
581 4469 730 4551 quinque,
754 4468 882 4533 sivero
905 4469 974 4534 sine
999 4488 1075 4534 cura
1097 4470 1202 4549 luerit,
1228 4471 1337 4535 decem
1361 4475 1394 4534 et
1417 4474 1487 4534 octo
1505 4469 1701 4533 marcharum

198 4561 328 4656 argenti
360 4574 533 4639 secundum
556 4573 749 4639 taxationem
774 4572 916 4638 decimae
938 4573 1079 4639 valorem
1102 4593 1240 4639 aunuum
1270 4593 1332 4638 uon
1355 4574 1520 4657 excedant,
1544 4573 1585 4638 ad
1607 4574 1701 4638 colla-

200 4679 331 4760 tionem,
352 4677 573 4760 provisionem,
596 4676 885 4760 praesentationem
909 4695 965 4742 seu
990 4679 1133 4758 quamvis
1158 4679 1252 4742 aliam
1276 4677 1516 4759 dispositionem
1534 4678 1608 4742 talis
1631 4697 1701 4759 per·

200 4800 309 4864 sonae,
345 4781 481 4865 collegii,
517 4781 684 4864 ecclesiae,
722 4781 917 4864 monasterii,
964 4782 1173 4848 communiter
1209 4783 1260 4847 vel
1299 4782 1425 4847 divisim
1462 4781 1636 4864 pertinens,
1675 4783 1703 4848 si

199 4886 288 4968 quod
308 4892 401 4952 vacat
423 4885 463 4950 ad
485 4902 649 4969 praesens,
682 4884 735 4950 vel
757 4903 827 4948 cum
849 4885 1062 4950 vacaverit..
1084 4937 1090 4949 .
1123 4885 1347 4952 conserendum
1370 4886 1511 4954 tibi...
1540 4886 1703 4952 donationi

199 4988 396 5074 apostolicae
419 4991 652 5056 reservamus“.

334 5092 440 5159 Verba
464 5112 553 5173 „cum
576 5092 753 5157 vacaverit‘
781 5093 927 5157 damula
948 5094 1173 5175 acceptat-lonis
1196 5094 1350 5173 sequitur,
1375 5094 1628 5174 quainstituitur
1649 5098 1702 5161 be-

196 5197 349 5265 neficium
384 5203 593 5272 reservatum,
630 5215 701 5261 cum
738 5196 907 5278 vacaverit,
944 5197 1028 5261 iufra
1065 5197 1158 5260 unius
1196 5197 1313 5262 mensis
1358 5198 1494 5280 spatium
1539 5206 1703 5281 acceptan-

196 5305 276 5371 dum
299 5319 383 5368 esse.

1574 5433 1603 5490 n
