4180 6190
767 528 832 577 raes
850 517 955 591 Aprilis
973 526 1004 575 ιι
1029 553 1057 562 -
1076 521 1143 576 Maii
1163 529 1185 576 1.
1661 526 1724 590 361,

225 733 326 798 dimus
349 737 551 817 potestatem.
575 732 678 816 Igitur
701 732 912 814 detegeres,
935 738 1029 814 prout
1044 733 1145 816 plene
1169 732 1362 816 confidimus,
1386 733 1418 797 iu
1442 733 1615 816 premissis,
1640 713 1724 814 quad

224 839 339 903 abinde
361 837 490 902 titulum
514 838 608 914 digne
642 837 747 902 landis
769 843 804 902 et
825 842 1041 940 nestram-ac
1065 837 1149 902 dicte
1184 838 1271 903 sedis
1305 839 1454 920 graciam,
1489 842 1525 902 ut
1548 856 1722 932 speramus,

224 941 332 1006 valcas
355 943 485 1007 uberius
509 941 692 1025 promereri.
717 943 756 1008 l).
781 942 937 1006 Aninione
964 941 998 1006 V·.
1023 943 1088 1006 hal.-
1112 943 1190 1007 Maii
1214 962 1242 1007 a.
1268 943 1413 1028 septimo.

352 1131 384 1185 R.
403 1129 464 1185 Vat.
486 1137 537 1184 24⁴
556 1131 584 1184 M
598 1131 731 1200 (drahel.)
750 1147 790 1185 ιιι.
813 1135 869 1185 150.
890 1161 923 1172 -
941 1130 1285 1203 RegemacWeransky,
1304 1131 1444 1202 Excerpta
1462 1148 1503 1185 nr.
1523 1137 1573 1185 489
1592 1137 1619 1186 et
1631 1131 1725 1186 Huber

224 1217 287 1288 Reg.
307 1218 374 1288 Imp.
393 1215 459 1272 v111
489 1224 764 1288 pagaciacum.
795 1243 827 1258 ψ
847 1225 871 1272 ct
892 1219 1022 1286 seqnitur
1044 1218 1144 1272 lacuna
1169 1235 1217 1288 pro
1240 1218 1348 1294 nomine
1376 1218 1532 1288 supplendo
1561 1218 1591 1272 in
1614 1219 1724 1274 atrebat.

226 1305 251 1367 b)
270 1310 538 1374 ,transportcrentur‘
557 1306 667 1361 Archet.
697 1317 720 1372 ⁶)
739 1305 896 1375 ,gerentesf⁴
908 1305 1074 1378 ¹Arabeta)
1093 1305 1336 1378 ,conserventibus‘
1363 1305 1473 1360 Archet.
1493 1311 1517 1372 ε)
1536 1306 1725 1375 ‚profectuum

223 1392 333 1446 Archet.
361 1391 380 1458 ¹)
398 1391 540 1460 Sequitur:
565 1393 706 1459 ,termino‘,
733 1393 787 1448 ‘aed
806 1381 989 1446 cancellatum
1015 1391 1066 1456 eal·
1085 1390 1114 1444 iu
1133 1381 1243 1446 Archet.
1263 1399 1289 1450 s)
1307 1408 1366 1460 ,per
1385 1397 1420 1446 te‘
1440 1401 1590 1446 correctum
1609 1408 1659 1462 pro
1678 1393 1723 1458 ,in‚

224 1479 340 1548 genuine
359 1478 450 1549 posito
469 1479 497 1532 in
516 1480 626 1533 Archet.
647 1511 676 1519 -
697 1481 729 1534 Iu
748 1487 824 1550 tergo
844 1475 964 1534 miriutae
982 1477 1144 1554 adnatatur:
1173 1479 1336 1549 ,R[escribe]
1365 1467 1395 1531 B'.
1416 1479 1450 1533 de
1470 1477 1642 1550 Carpin[ct0]
1662 1479 1672 1532 1
1692 1479 1725 1532 de

605 1583 712 1622 camera
731 1570 778 1635 Α·;
802 1567 898 1641 subtus
917 1566 951 1621 ad
971 1555 1211 1636 paltemrcctam:
1240 1567 1272 1632 ,R
1293 1567 1344 1620 Vl‘.
1618 1581 1621 1586 ·

223 1862 313 1929 912.
338 1861 490 1946 Philippo
517 1863 659 1946 episcopo
683 1863 894 1931 Chaadioens'i
923 1864 1290 1948 nrandalar,.qaalenas
1322 1863 1480 1930 Carolarn·
1501 1865 1722 1947 imperatorem

227 1969 446 2040 Rornanorum,
484 1969 581 2032 eliam
605 1989 624 2030 a
650 1965 805 2033 Guilelmo
828 1969 865 2033 da
891 1969 1018 2048 Lestdpb
1042 1969 1284 2055 eloquendam,
1296 1969 1515 2052 personaliter·
1530 1967 1726 2060 exhortetur,

224 2075 259 2136 at
280 2070 384 2136 seriem
406 2071 611 2154 apostolicam
634 2073 671 2136 de
693 2075 869 2156 excessibus
892 2075 1089 2158 pannardum
1108 2065 1325 2158 praelaloram
1354 2067 1390 2138 el,
1405 2093 1613 2163 personarum
1635 2073 1725 2138 eccleF

225 2175 430 2240 siastiooram
460 2176 494 2240 in
519 2176 669 2260 partibas
700 2177 924 2258 Alamanniae,
939 2177 942 2186 ⁴
956 2172 1035 2260 guida
1063 2180 1106 2244 acl
1120 2167 1345 2246 ‚meletianos
1375 2164 1544 2261 excitauit,
1563 2178 1726 2244 certiorem

916 2277 1040 2348 saddai.
1594 2291 1599 2304 '
1651 2283 1653 2288 ’

1252 2421 1413 2500 liciniano,
1440 2423 1523 2488 1359
1546 2421 1630 2487 Man·
1652 2424 1682 2488 l.

302 2625 306 2634 '
356 2612 434 2676 Ven.
459 2609 494 2675 ir.
519 2611 667 2696 Philippo
690 2615 840 2698 episcopo
865 2613 1086 2696 Gaualliceusi‚
1120 2613 1293 2696 apostolice
1317 2614 1404 2679 sedis
1427 2614 1549 2695 nuncio,
1579 2613 1725 2678 amntem.

225 2714 376 2780 Pervenit
398 2715 439 2780 ad
462 2716 660 2782 audiendam
684 2725 836 2802 nostram,
860 2719 943 2799 qaod
966 2718 1148 2783 carissimus
1171 2718 1204 2782 in
1227 2717 1355 2783 Christo
1385 2717 1469 2783 lilius
1499 2721 1608 2782 noster
1631 2717 1726 2783 Gara·

225 2819 273 2884 lus
297 2821 507 2885 Βιιιιιιιοιιιιι
537 2821 710 2906 imperator
740 2842 867 2907 semper
897 2830 1050 2906 augustus
1081 2827 1115 2888 et
1137 2821 1267 2887 Boemie
1299 2841 1355 2888 rex
1385 2821 1522 2886 illustris
1555 2820 1726 2886 attendens

226 2925 376 3006 quasdam
400 2924 541 3008 prelatos
565 2933 599 2991 et
614 2927 746 2993 clericos
763 2929 905 3010 aliasque
929 2927 1163 2994 ecclesiasticas
1187 2944 1340 3010 personas
1364 2931 1428 2991 tam
1451 2925 1611 2991 seculares
1634 2943 1726 3006 qnam

225 3030 389 3112 regulares
412 3029 445 3094 in
479 3031 623 3111 partibus
646 3032 812 3098 Alamanie
846 3034 1038 3100 constitutos
1072 3031 1200 3098 minime
1235 3031 1332 3095 vitam
1363 3047 1472 3094 eorum
1496 3029 1612 3114 ducere
1636 3028 1726 3094 iuxta

226 3133 406 3199 decentiam
442 3134 618 3202 clericalem
643 3142 676 3202 et
698 3136 813 3202 effreni
848 3139 981 3220 quadam
1019 3137 1145 3202 vivendi
1168 3135 1302 3200 licencia
1334 3135 1443 3199 laxare
1473 3133 1563 3198 hena
1586 3131 1725 3197 lasciviis

225 3257 261 3302 ac
284 3257 356 3304 sese
385 3244 495 3305 contra
517 3258 676 3306 sacrarum
712 3261 864 3310 canarrum
888 3243 1121 3326 prohibiciones
1152 3241 1338 3322 quibusdam
1374 3238 1571 3304 secularibus
1603 3223 1725 3302 actibus

225 3341 438 3426 immiscendo,
461 3345 608 3429 inludis
640 3346 831 3431 hastiludiis,
864 3347 1091 3413 torneamentis
1114 3353 1148 3411 et
1178 3345 1249 3412 aliis
1273 3365 1291 3409 a
1313 3347 1381 3410 iure
1415 3343 1583 3427 prohibitis
1614 3342 1725 3426 dilapi-

226 3446 302 3511 dare
326 3448 524 3514 substanciae
547 3469 721 3532 pauperum
745 3457 779 3517 et
801 3451 1023 3535 patrimonium
1046 3451 1123 3517 lesu
1147 3451 1277 3533 Christi,
1299 3449 1368 3514 zelo
1376 3451 1402 3529 ⁸)
1427 3449 1537 3513 domus
1552 3447 1671 3512 damini
1693 3453 1726 3510 et

225 3550 349 3617 fervore
373 3553 554 3620 devocionis
589 3574 750 3638 accensus,
785 3558 952 3623 nonnullos
975 3558 1116 3641 prelatos
1140 3555 1311 3622 earundem
1335 3553 1475 3637 parcium
1498 3569 1556 3634 per
1578 3569 1652 3616 suas
1673 3551 1725 3615 lit·

225 3661 322 3736 teras,
345 3676 475 3738 quarum
509 3661 644 3740 quedam
675 3661 846 3744 originales
880 3662 1002 3745 pridem
1025 3667 1134 3726 nostro
1158 3659 1287 3724 luerunt
1321 3657 1504 3740 conspectui
1528 3660 1725 3738 presentato,

225 3761 455 3828 communiones
489 3766 756 3846 sequestracionis
790 3766 1077 3831 ecclesiasticorum
1112 3768 1321 3847 proventuum
1344 3761 1556 3836 carutiuentes,
1591 3760 1631 3824 ed
1655 3777 1722 3824 cor-

224 3866 402 3932 reccianem
424 3867 604 3934 huiusmodi
627 3869 881 3952 delinquencium
905 3869 1066 3934 excitavit.
1103 3869 1169 3933 Nos
1200 3874 1317 3943 autern,
1341 3866 1418 3930 licet
1439 3863 1619 3929 huiusmodi
1643 3882 1723 3928 conr·

225 3969 419 4037 minacioncs
452 3992 492 4038 ex
525 3974 632 4040 radice
666 3974 809 4039 caritatis
842 3975 1027 4056 provenisse
1061 3974 1243 4038 nullatenus
1277 3970 1469 4052 dubitemus,
1504 3967 1726 4033 nichilominus

225 4079 340 4158 tamen,
378 4094 417 4140 ne
440 4075 522 4142 forte
556 4078 681 4160 perid,
704 4079 787 4160 quod
821 4085 924 4143 ortum
959 4097 999 4143 es
1021 4078 1161 4160 puritate
1196 4073 1378 4139 devocionis
1413 4072 1576 4154 accidiae)
1601 4072 1725 4138 debitas

226 4181 420 4270 transeundo
443 4181 596 4247 terminos
618 4182 731 4247 honori
753 4188 862 4247 nostro
886 4188 920 4246 et
936 4161 1085 4248 'libertati
1108 4179 1324 4246 ecclesiastice
1356 4184 1466 4261 posset
1487 4178 1519 4242 in
1543 4177 1649 4258 aliquo
1673 4177 1725 4240 de·

226 4283 330 4364 rogari
354 4291 409 4348 aut
431 4284 530 4350 ullum
553 4287 656 4352 eidem
679 4287 822 4352 libertati
844 4288 877 4351 in
900 4295 1061 4369 posterum
1085 4285 1292 4369 preiudicium
1309 4283 1464 4367 generari,
1480 4282 1646 4349 serenitati
1669 4298 1725 4346 sue

225 4385 258 4450 in
281 4393 414 4468 paterne
439 4391 583 4458 caritatis
606 4390 733 4474 affectu,
756 4409 848 4471 quem
873 4391 1038 4474 adipsum
1063 4391 1211 4472 gerimus,
1236 4389 1435 4454 scribendum
1470 4386 1615 4451 duximus
1638 4387 1726 4450 insta

226 4489 357 4557 ianuam
381 4494 502 4572 cedula,
527 4513 618 4577 quam
643 4496 701 4560 tibi
724 4495 879 4560 mittimus
902 4495 1104 4577 presentibus
1123 4493 1339 4575 interclusam,
1364 4510 1400 4556 ac
1423 4490 1628 4554 serenitatem
1652 4507 1725 4554 ean-

225 4596 297 4660 dem
320 4581 445 4678 plenius
480 4599 549 4664 vive
574 4600 658 4664 vocis
692 4599 820 4665 oraculo
843 4617 901 4682 per
924 4600 953 4664 d.
979 4598 999 4663 f.
1026 4598 1231 4664 Gnillelmum
1255 4598 1408 4662 decanum
1432 4594 1725 4677 Vissegradensern,

226 4701 484 4768 ambassiatorem
508 4722 609 4780 suum,
632 4704 775 4786 paternis
799 4703 1076 4768 exhortacionibus
1107 4701 1337 4783 alloquendam,
1361 4707 1395 4764 et
1417 4698 1638 4764 nichilominus
1661 4705 1725 4762 tam

228 4805 357 4870 abusive
381 4808 574 4873 temeritatis
597 4809 779 4873 excessibus
803 4807 941 4889 ipsorum
976 4807 1168 4889 prelatorum
1199 4815 1233 4870 et
1255 4804 1439 4869 clericorum
1463 4803 1649 4886 oportunius
1672 4803 1724 4867 ob-

226 4909 313 4976 viare
335 4912 486 4977 remediis
507 4912 720 4988 intendentes,
745 4911 980 4976 venerabilibus
1003 4909 1152 4975 iratrilms
1176 4909 1293 4975 nostris
1316 4908 1513 4988 Trevercnsi,
1537 4907 1726 4989 Coloniensi,

226 5013 471 5100 Magantinensi,
494 5019 668 5101 Bremensi,
691 5017 933 5099 salzeburgensi
956 5022 990 5081 et
1013 5013 1280 5097 Magdeburgensi
1303 5011 1548 5094 archiepiscopis
1571 5029 1628 5094 per
1651 5029 1723 5092 apo·

225 5119 338 5185 stolica
361 5122 480 5204 scripta
503 5123 699 5203 mandamus,
723 5122 873 5204 quatinus
897 5121 937 5184 ad
959 5119 1138 5184 huiusmodi
1161 5135 1266 5183 rnores
1282 5122 1316 5182 et
1332 5122 1422 5182 actus
1445 5116 1573 5181 illicitos
1596 5115 1724 5196 penitus

225 5223 397 5289 abolendas
421 5227 504 5290 circa
527 5228 687 5292 subiectas
710 5227 771 5291 sibi
794 5225 927 5290 clericos
949 5223 1246 5303 ecclesiasticasque
1280 5239 1433 5305 personas
1468 5218 1595 5302 vigilem
1619 5237 1725 5283 curam

225 5328 398 5394 adhibeant
430 5336 465 5395 et
486 5331 520 5395 in
542 5332 725 5414 pervicaces
758 5337 792 5395 et
814 5328 1014 5411 negligentes
1048 5325 1188 5390 debiturn
1222 5324 1316 5391 officii
1346 5323 1517 5408 pastoralis
1540 5321 1724 5400 eserinam,

225 5439 320 5514 prout
342 5433 490 5500 similiter
512 5435 686 5500 interclusa
700 5433 910 5518 presentibus
933 5432 1045 5496 cedula
1069 5431 1233 5496 reserabit.
1260 5428 1412 5495 Volumus
1435 5429 1533 5510 igitur
1555 5433 1589 5490 et
1612 5425 1724 5490 irater·
