3990 6052
763 443 829 531 l3⁶3
858 436 948 494 Martii
969 446 1000 493 11
1026 470 1052 479 -
1076 438 1180 508 Aprilis
1199 446 1239 492 20.
1715 443 1753 503 21

380 649 439 714 nu.
462 647 493 711 ll.
508 697 536 710 ..
560 647 723 729 preposito
737 648 926 714 Mclnicensi
949 655 1021 714 et..
1046 649 1192 713 Omnium
1206 647 1390 712 Sanctorum
1413 647 1446 710 in
1469 654 1572 714 castro
1596 647 1749 730 Pragcnsi

248 771 285 817 ac
304 802 338 819 ..
374 752 413 816 de
436 753 504 834 Tyn
528 752 696 833 Pregensis
726 753 805 818 dioc.
839 753 1045 818 ecclesiarum
1075 753 1204 818 decanis
1234 753 1369 817 salutem
1399 756 1460 815 etc.
1500 753 1626 817 Dudum
1648 751 1753 817 felicis

246 856 479 923 recordacionis
513 857 707 922 Benedictus
740 877 824 939 papa
857 857 927 939 XII,
975 859 1183 940 predecessor
1221 862 1329 921 noster
1347 910 1354 924 .
1374 907 1380 922 .
1401 907 1407 918 .
1429 857 1464 937 .¹)
1519 855 1597 921 Cum
1635 861 1752 939 autem,

248 961 331 1026 sicut
353 960 515 1025 lohannes
542 961 628 1026 Petri
660 962 830 1026 canonicus
861 962 1046 1026 nronasterii
1077 961 1261 1026 Milocensis
1292 962 1597 1026 Premonstratensis
1627 961 1747 1027 ordinis

248 1066 417 1146 Praperrsis
440 1067 530 1143 dioc,
556 1067 638 1130 letor
654 1068 863 1148 presencium,
888 1068 977 1131 nobis
1001 1066 1164 1131 humiliter
1186 1067 1342 1148 exposuit,
1365 1066 1433 1149 ipse
1457 1066 1575 1131 dudum
1598 1066 1752 1130 exsertis

247 1171 352 1233 causis
375 1170 466 1235 nobis
489 1170 645 1251 expositis
676 1171 715 1234 de
740 1171 825 1235 dieto
848 1171 1040 1236 monasterio
1072 1173 1204 1250 eiectus,
1235 1171 1379 1235 eiusdem
1408 1170 1529 1236 ordinis
1559 1171 1689 1236 dimisso
1717 1177 1751 1235 et

247 1276 446 1356 postmodum
469 1274 800 1356 reassurnptohabitu,
824 1292 881 1357 per
904 1277 1044 1340 seculum
1068 1275 1236 1340 incesserit
1259 1277 1432 1359 evagando,
1456 1293 1514 1341 nos
1537 1275 1672 1358 predicti
1694 1275 1748 1341 Jo-

246 1378 370 1457 hannis,
394 1380 592 1444 reconciliari
615 1380 674 1444 deo
697 1386 730 1443 et
753 1380 857 1444 eielenr
881 1382 983 1444 ordini
1000 1398 1066 1459 suo,
1092 1388 1127 1445 ut
1142 1383 1266 1463 asserit,
1291 1380 1458 1462 cupientis,
1483 1380 1608 1445 devotis
1631 1380 1751 1463 suppli-

247 1483 428 1548 cacionibus
443 1483 598 1567 inclinati,
623 1484 811 1549 discrecioni
828 1492 933 1550 vestre
955 1538 960 1549 .
979 1535 986 1549 .
1006 1535 1013 1549 .
1033 1533 1039 1545 .
1064 1487 1257 1568 mandemus,
1282 1492 1438 1567 quatenus
1454 1503 1510 1550 vos
1529 1537 1536 1550 .
1555 1538 1562 1550 .
1583 1536 1590 1550 .
1611 1536 1617 1550 .
1642 1486 1750 1550 volun·

247 1592 341 1668 tetes,
364 1588 592 1671 ordinaciones,
614 1589 765 1654 mandata
787 1596 821 1654 et
844 1590 1064 1655 concessiones
1087 1591 1323 1672 predecessoris
1345 1591 1488 1656 eiusdem
1513 1591 1596 1656 circa
1617 1592 1754 1667 eundem

246 1691 424 1759 iohannem
455 1692 580 1758 facietis
612 1695 802 1759 auctoritate
833 1700 942 1759 nostre
965 1692 1097 1759 firmiter
1120 1697 1360 1761 observari...
1381 1748 1386 1760 .

376 1799 414 1862 ll.
440 1797 598 1863 Aninione
623 1798 701 1862 XIII
722 1799 786 1864 kal.
811 1799 930 1882 Aprilis
953 1819 981 1864 a.
1006 1800 1116 1882 prinro.

375 2004 408 2058 R.
427 2008 476 2060 Ar.
498 2011 546 2060 125
566 2005 612 2060 sol.
631 2012 701 2074 402¹,
718 2005 750 2059 R.
770 2006 831 2060 Vnt
852 2014 901 2062 222
920 2005 967 2061 fol.
986 2012 1045 2062 337.
1077 2038 1103 2049 -
1130 2011 1149 2076 ι)
1171 2010 1246 2063 Conl.
1267 2010 1340 2064 Mon.
1360 2009 1420 2064 Vct.
1442 2011 1455 2064 1
1472 2026 1512 2064 nr.
1531 2016 1592 2066 891.

897 2221 1102 2230 -——-—-

245 2409 309 2476 46.
333 2408 575 2493 Archiepiscopo
599 2409 762 2494 Propensi,
785 2418 928 2494 episcopo
952 2411 1193 2479 Vratisluniensi
1215 2435 1254 2479 ac
1276 2413 1433 2479 sacristae
1455 2413 1601 2480 ecelesiae
1624 2415 1749 2483 Aninio·

246 2514 352 2578 nenas
369 2516 553 2592 mandatur,
578 2519 731 2596 qnatenus
754 2517 932 2582 Jolcannem
954 2517 992 2581 dc
1007 2518 1095 2582 Novo
1110 2519 1190 2583 Foro
1205 2521 1334 2585 deciam
1350 2519 1643 2605 Nnemdnrpensem‚
1660 2544 1750 2604 pacm

248 2618 390 2685 Clemens
408 2643 498 2703 papa
523 2621 567 2685 VI
580 2621 678 2685 eidem
693 2619 846 2699 ecclesiae,
862 2623 990 2686 vacanti
1002 2644 1061 2704 per
1076 2623 1192 2688 obitam
1207 2623 1367 2692 Joliannis
1390 2626 1533 2709 episcopi,
1550 2629 1750 2710 praefecit‚¹)

245 2729 410 2807 tamquam
421 2747 527 2790 ererum
543 2728 720 2809 episcopam
737 2728 835 2810 recipi
844 2727 985 2812 faciant,
1002 2734 1177 2795 aoeooentes
1189 2730 1229 2794 ab
1245 2730 1353 2795 eadent
1370 2730 1567 2812 „lindulfum
1582 2733 1620 2796 dc
1634 2733 1749 2809 Beder,

244 2833 300 2913 qni
320 2884 325 2896 .
346 2880 352 2893 .
372 2884 379 2900 .
399 2881 405 2894 .
424 2836 573 2915 pretenta
595 2832 761 2897 cniusdam
784 2832 943 2898 eleccionis
960 2835 998 2898 dc
1010 2836 1079 2917 ipso
1091 2857 1153 2918 per
1165 2835 1263 2900 dictos
1275 2834 1489 2918 capitnlnneet
1502 2835 1751 2918 confirmacionis

245 2935 407 3001 eleccionis
428 2938 565 3002 einsdcnc
585 2961 643 3020 per
662 2990 667 3002 .
688 2989 694 3003 .
716 2990 722 3002 .
744 2989 750 3002 .
775 2938 1042 3021 archiepiscopum
1063 2940 1369 3023 Mapdebarpensern,
1392 2939 1451 3004 loci
1465 2940 1752 3024 metropolitanam,

248 3040 283 3106 .'.
303 3096 309 3108 .
332 3046 611 3126 ,presumptorem
634 3044 671 3108 ele
687 3047 782 3122 facto
806 3044 962 3108 iraeadem
984 3045 1115 3110 ecclesia
1130 3068 1162 3111 se
1177 3048 1382 3111 intrcescrat“.
1410 3046 1559 3129 „Dudum
1575 3048 1744 3129 siqnidenc“

718 3149 892 3234 „Aninione
914 3151 956 3217 iel.
982 3150 1105 3233 Aprilis
1127 3173 1157 3216 a.
1176 3151 1291 3233 prino.

1216 3283 1378 3366 Aninione,
1402 3283 1483 3348 1353
1506 3283 1630 3367 Aprilis
1655 3287 1706 3350 13.

316 3265 345 3315 X

316 3334 345 3384 X

316 3404 344 3455 X

293 3443 300 3455 '
356 3441 406 3525 'n
426 3475 476 3525 nv.
498 3480 545 3526 res
565 3474 612 3528 ru.
634 3479 701 3542 ree,
719 3475 750 3528 e.
771 3476 833 3530 tat.
852 3481 903 3530 aar
922 3475 968 3530 rol.
988 3477 1057 3530 ese.
1076 3505 1109 3516 -
1133 3476 1150 3541 ι)
1170 3473 1248 3528 conr.
1267 3474 1341 3527 neon.
1361 3474 1422 3527 uae.
1442 3472 1455 3525 1
1474 3488 1513 3525 nr.
1535 3480 1611 3529 nen

244 3857 306 3922 47.
332 3858 506 3921 Lndocicns
527 3879 584 3922 ren
611 3859 771 3940 Unpariae
786 3861 956 3944 supplicat,
979 3864 1133 3941 quatenns
1149 3859 1270 3924 Simoni
1293 3857 1330 3922 de
1347 3839 1477 3939 chnice
1499 3858 1537 3920 ele
1559 3858 1747 3925 canonicato

432 3961 489 4026 snb
512 3964 726 4045 expectatione
742 3965 944 4048 praebendae
967 3966 1001 4028 in
1022 3964 1149 4029 ecclesia
1175 3963 1329 4044 Prapensi
1345 3961 1564 4045 provideatur.

1210 4101 1371 4177 Actaeone,
1395 4103 1482 4165 1353
1506 4096 1628 4184 Aprilis
1651 4106 1703 4170 20.

374 4280 538 4363 Supplicat
561 4281 600 4346 Sti
626 4281 677 4345 Vre
703 4288 737 4346 et
767 4287 875 4347 sancte
899 4282 1039 4345 Romane
1071 4278 1204 4345 ecclesie
1236 4277 1319 4343 filius
1352 4277 1544 4359 predevotus
1568 4277 1746 4346 lodovicus

242 4403 299 4449 rer
325 4384 463 4467 Uirgarie
502 4430 1746 4452 ...............................................

348 4491 428 4556 Item
446 4492 611 4574 supplicat,
627 4498 784 4572 serotenus
799 4491 963 4573 capellano
980 4509 1036 4554 suo
1053 4490 1184 4554 inultum
1201 4487 1261 4552 sibi
1277 4488 1392 4550 dilecto
1409 4484 1536 4567 Symoni
1553 4485 1592 4549 ‹lo
1611 4485 1745 4563 lierenien

242 4594 283 4658 ile
308 4595 493 4660 canonicatu
524 4598 581 4660 sub
605 4597 829 4677 expectacione
853 4595 1012 4677 prebende
1036 4594 1069 4657 in
1092 4592 1229 4656 eeclesia
1251 4590 1411 4672 Prienensi,
1436 4593 1576 4672 vacante,
1602 4590 1649 4655 vol
1675 4611 1744 4660 ‹ttttu

244 4700 412 4781 recesserit,
447 4720 516 4764 ‹zrirn
551 4702 772 4783 acceptacione
807 4707 866 4765 ete.
902 4698 1074 4782 dignemini
1107 4697 1284 4778 providere,
1319 4713 1379 4757 non
1411 4695 1567 4776 obstante,
1597 4696 1679 4777 quiid
1715 4698 1746 4764 ln

245 4803 501 4868 Wratislauiensi
525 4812 558 4868 et
580 4805 764 4869 Posoniensi
782 4803 1008 4885 Strigoniensis
1032 4801 1109 4865 dioc.
1126 4799 1392 4871 ecclesiastem
1417 4796 1585 4880 [Aniniono
1604 4799 1659 4868 llll
1683 4803 1745 4872 kal,

244 4908 322 4972 llaii
346 4928 373 4972 a.
398 4910 559 4992 peiruolsp

375 5012 457 5094 llll)
484 5014 575 5077 istaut
601 5015 773 5096 respondet
796 5032 893 5096 papi:
917 5013 1063 5078 Ecclesia
1087 5010 1254 5093 Pragsnsis
1279 5015 1328 5072 est
1350 5007 1444 5071 nirnis
1469 5017 1606 5075 circinata.

376 5204 406 5256 ll.
426 5204 522 5272 Suppl.
541 5210 574 5255 23
594 5204 630 5257 sol
663 5211 717 5258 137.
733 5235 763 5243 -
779 5210 801 5259 “l
820 5204 981 5273 Suppletunn
1002 5219 1033 5255 ex
1048 5200 1249 5270 supplicatione
1269 5197 1585 5268 praecelsissima.
1605 5182 1746 5258 minnistin,

243 5297 270 5348 in
291 5293 412 5361 irrerglnc
432 5292 544 5344 (lentore
566 5293 708 5359 reperitur.
