3944 6060
229 438 275 507 40
1040 435 1138 491 mvi.

232 649 293 716 91.
319 648 561 730 Arcbiepiscopo
593 648 755 731 Propensi,
790 649 905 712 decano
940 647 1217 728 Mapdebnrpensis
1257 667 1295 711 ac
1328 647 1485 711 sacristae
1514 649 1739 713 Acinionensis

232 751 436 817 ecclesiarum
470 752 654 830 mandatur,
696 756 850 831 quatenus
887 752 996 815 Ottonr'
1036 756 1110 814 nato
1155 750 1279 815 Ottonis
1312 753 1349 815 de
1401 752 1553 832 Wettin²)
1588 753 1738 818 canonia

233 856 387 920 Misnensi
404 855 643 938 parrochialem
676 855 836 919 ecclesiam
860 857 894 918 in
919 853 1058 934 Pirnab)
1081 855 1252 919 Misnensis
1276 855 1355 919 dioc.
1380 860 1456 920 tunc
1478 863 1643 921 vacantem
1666 877 1738 922 con·

225 959 349 1041 ferant,
388 980 449 1023 non
494 959 686 1022 obstantibus
719 964 756 1022 ut
777 961 812 1022 in
845 960 1073 1043 supplicatione
1104 958 1161 1021 sub
1194 980 1241 1021 nr.
1267 959 1318 1035 80,
1349 979 1405 1022 sen
1435 960 1516 1039 qnod
1540 962 1674 1045 patitur
1704 962 1739 1026 in

231 1068 335 1128 aetate
357 1064 524 1143 desectum,
548 1067 582 1127 in
603 1063 748 1127 uicesimo
772 1085 852 1128 anno
875 1064 922 1128 cel
946 1067 1031 1128 circa
1053 1063 1244 1127 constitutus.
1281 1062 1477 1146 ,laudabile
1498 1065 1730 1129 testimonium“

403 1168 517 1250 „Apud
548 1166 778 1231 Villumnouam
800 1168 1023 1232 Aninionensis
1048 1167 1125 1231 dioc.
1150 1169 1187 1231 ll
1206 1167 1249 1231 id.
1273 1169 1367 1231 Junii
1390 1190 1420 1232 a.
1444 1171 1577 1251 primo*

303 1276 336 1442 ἶ
1024 1323 1120 1405 Apud
1151 1323 1390 1406 Villamnooam,
1418 1325 1500 1389 1353
1523 1326 1618 1392 ,lumi
1644 1330 1693 1391 12,

363 1531 395 1583 R.
415 1533 463 1583 Aa.
486 1539 531 1585 121
553 1532 598 1585 fol.
618 1532 687 1598 274⁶,
705 1531 737 1583 R.
757 1529 817 1585 vm.
836 1535 885 1584 221
906 1530 952 1583 fol.
973 1533 1041 1584 318'.
1062 1562 1092 1569 —
1119 1531 1143 1595 ι)
1163 1530 1282 1599 ,Wutyn‘
1301 1532 1351 1583 Av.
1366 1532 1392 1599 b)
1411 1532 1518 1601 ,Pytna¹
1537 1532 1587 1588 Δν.

885 1723 1092 1735 ———

235 1915 297 1981 92.
333 1912 515 1978 Baltbasar
546 1913 584 1977 de
615 1913 814 1978 Marcellinis
844 1912 1012 1996 supplicat,
1048 1918 1202 1993 quatenns
1232 1913 1293 1976 sibi
1322 1914 1360 1976 de
1382 1916 1573 1977 canonicatu
1594 1913 1743 1979 ccclesiae

238 2018 435 2084 Cominensis
460 2018 516 2082 sub
538 2017 752 2102 expectatione
770 2016 970 2100 praebendae
992 2038 1129 2082 necnon
1152 2018 1329 2098 dignitatis,
1356 2021 1548 2101 personatus
1570 2017 1619 2082 ael
1641 2018 1743 2101 officii

876 2122 1091 2204 provideatur.

1030 2259 1125 2342 Apud
1156 2261 1393 2335 caronnacum,
1420 2265 1502 2327 1353
1526 2263 1622 2329 Junii
1645 2264 1695 2327 12.

365 2451 532 2533 Supplicat
561 2450 602 2515 S‘l
625 2452 678 2513 Vre
702 2451 836 2514 devotus
874 2459 982 2513 vester
1012 2449 1182 2514 Balthusar
1213 2451 1252 2514 de
1285 2452 1480 2517 llarcellinis
1503 2453 1536 2515 in
1560 2453 1684 2516 artibus
1708 2459 1743 2517 et

237 2556 394 2619 medicina
424 2555 585 2637 magster,
617 2555 759 2618 medicus
793 2560 827 2616 et
860 2553 1026 2617 facilioris
1061 2555 1178 2618 domini
1212 2556 1297 2636 regis
1332 2556 1552 2637 Romanorum,
1584 2562 1743 2636 quatenus

238 2661 298 2724 sibi
322 2659 492 2741 specialem
517 2661 653 2741 graciam
677 2659 841 2737 facientes,
876 2659 915 2721 de
950 2659 1135 2722 canonicatu
1166 2659 1301 2723 ecclesie
1334 2657 1532 2723 Caminensis
1568 2660 1743 2742 dignemini

239 2764 414 2845 providere,
440 2764 632 2845 prebendam
656 2781 730 2826 vero
754 2763 855 2843 ipsius
872 2761 1008 2826 ecclesie
1024 2781 1146 2827 necnon
1164 2762 1359 2844 dignitatem,
1375 2770 1588 2846 personatum,
1605 2763 1743 2828 officium

240 2886 307 2930 cum
332 2886 407 2931 cura
430 2869 481 2930 vel
505 2868 573 2930 siue
597 2887 672 2931 cura
695 2868 734 2931 ad
759 2867 1069 2930 collusionem...
1095 2868 1245 2948 episcopi,
1269 2867 1390 2947 decani,
1415 2868 1569 2948 prepositi
1602 2874 1636 2931 et
1659 2868 1744 2951 cepi-

240 2971 298 3033 tuli
322 2972 535 3052 pertinentem
559 2988 614 3035 seu
639 2971 804 3052 pertinens
828 2969 1035 3033 communiter
1057 2971 1107 3032 vel
1131 2970 1265 3050 divisim,
1288 2971 1388 3033 eciam
1405 2971 1432 3033 si
1460 2971 1493 3033 iu
1509 2971 1579 3052 ipsu
1607 2971 1746 3036 ecclesia

239 3073 369 3148 fuerint,
393 3075 419 3137 si
444 3080 558 3137 vacant
582 3075 621 3138 ad
644 3092 777 3156 presens
808 3073 857 3136 vel
893 3092 961 3136 cum
998 3072 1090 3137 simul
1122 3081 1177 3137 aut
1211 3074 1389 3138 successive
1413 3074 1604 3155 vacaverint,
1639 3074 1745 3139 corric-

242 3177 357 3240 rendos
393 3185 448 3240 urit
473 3177 680 3241 conferendas
711 3196 768 3241 seu
792 3175 983 3239 conferenda
1006 3177 1109 3239 eidem
1144 3175 1341 3241 Balchcsnm)
1377 3177 1544 3241 donacioni
1568 3179 1744 3259 apostolice

243 3281 414 3362 dignemini
444 3300 609 3345 reservare
641 3300 709 3345 cuin
746 3280 978 3361 acceptacioue,
1013 3280 1214 3357 inhibiciouc,
1247 3284 1375 3344 decreto
1410 3288 1443 3344 et
1478 3281 1619 3345 clausula
1657 3289 1745 3346 arite-

242 3384 327 3463 lerri‚
357 3405 418 3450 non
451 3388 607 3468 obstante,
649 3387 731 3466 quod
762 3385 980 3448 cuimnicatum
1011 3395 1043 3446 ct
1075 3387 1267 3465 prebendam
1306 3387 1339 3448 in
1370 3385 1509 3449 ccclesia
1539 3403 1562 3448 s.
1595 3378 1683 3450 Petri
1714 3387 1746 3450 in

243 3489 350 3552 Bruua
381 3490 600 3553 Olomuccnsis
624 3489 703 3553 dioc.
728 3489 879 3568 obtinent,
917 3495 951 3550 et
985 3506 1053 3550 cum
1093 3491 1208 3552 ceteris
1247 3508 1307 3552 non
1346 3488 1554 3570 obstantibus,
1594 3490 1746 3554 clausulis

244 3598 277 3656 et
293 3594 526 3657 executoribus.

374 3696 446 3760 Fiat
470 3698 505 3762 G.
545 3698 587 3761 Et
619 3698 701 3779 quod
732 3703 876 3761 transeat
907 3697 977 3759 sine
1008 3697 1071 3759 alia
1105 3696 1254 3760 leccione.
1292 3697 1364 3761 Fiat
1387 3698 1423 3762 G.
1448 3699 1484 3762 D.
1509 3700 1591 3780 apud
1616 3699 1745 3764 Villam-

244 3819 358 3865 noumn
382 3802 606 3865 liciniacensis
631 3801 708 3865 dioc.
732 3801 764 3864 ll
787 3801 828 3864 id.
852 3800 938 3864 Junii
962 3820 990 3864 a.
1020 3800 1129 3881 primo.

374 3992 404 4044 R.
423 3992 519 4060 Suppl.
539 3997 571 4044 23
591 3991 637 4043 iol.
659 3986 726 4043 199⁴.
756 4019 788 4027 -
808 3990 832 4041 a)
856 3989 979 4058 Corrige:
1001 3989 1174 4053 ,Balthasar‘.

894 4203 1097 4210 —-——

247 4374 310 4440 93.
335 4371 529 4437 Baltbasari
552 4373 588 4435 de
613 4371 810 4436 Marcellinus
829 4371 1013 4453 providetur
1036 4372 1072 4434 de
1096 4375 1283 4436 canonicatu
1304 4371 1449 4437 ecclesiae
1473 4373 1669 4439 Caminensis
1692 4376 1749 4440 sub

246 4478 458 4559 expectatione
475 4474 685 4557 praebendae,
720 4474 997 4539 nonobstantibus
1020 4483 1053 4537 ut
1074 4477 1109 4537 in
1130 4477 1360 4561 supplicatione
1389 4478 1445 4541 sub
1468 4501 1515 4543 nr.
1540 4479 1593 4544 92.
1621 4479 1748 4556 ,Multi-

243 4580 345 4661 plicia
366 4582 495 4644 merita“
527 4579 642 4661 ,Apud
663 4579 891 4642 Villamnouarn
914 4579 1138 4642 Aninionensis
1160 4580 1236 4644 dioc.
1262 4583 1301 4644 II
1322 4581 1362 4642 id.
1387 4581 1480 4644 Junii
1501 4605 1532 4646 a.
1554 4583 1689 4666 primo.“
1727 4622 1748 4630 --

249 4687 287 4748 ln
309 4707 333 4750 e.
357 4705 396 4749 rn.
418 4683 627 4765 patriarchae
651 4682 995 4764 Constantinopolitano
1019 4688 1045 4745 ct
1069 4685 1212 4766 episeopo
1236 4684 1427 4749 chrinensi
1450 4706 1487 4749 oc
1509 4687 1618 4750 abbati
1640 4707 1748 4752 mona-

651 4787 742 4850 sterii
764 4788 801 4851 de
825 4788 1012 4870 Pndaplast)
1039 4785 1237 4854 Carrinensis
1260 4790 1337 4854 dioc.

296 4937 408 5084 ’ἑὲ
1043 4963 1138 5045 Apud
1169 4962 1409 5042 Villanrnoaarn,
1440 4963 1525 5026 1353
1547 4960 1642 5028 Junii
1665 4967 1715 5029 12.

378 5152 409 5206 R„
429 5153 478 5205 Aa.
498 5159 549 5206 lul
567 5152 613 5206 iol.
633 5153 702 5221 413',
720 5152 752 5204 R.
771 5151 831 5205 Vct.
851 5158 901 5204 219
921 5151 967 5204 tol.
989 5155 1055 5204 534⁶.
1076 5181 1108 5190 -
1131 5163 1156 5216 ει)
1175 5149 1387 5218 ‚Puddeglouue‘
1407 5154 1456 5203 Av.
