3944 6060
739 403 806 451 1360
825 401 941 469 Augusti
959 406 993 454 24
1011 431 1045 439 —
1063 400 1230 469 Septembris
1252 409 1273 454 1.
1572 437 1582 447 r
1692 411 1755 476 455

260 608 367 673 1134.
392 605 580 691 Compositio
603 606 797 675 Swoatosloi
817 610 907 690 Petri
928 610 966 676 dc
987 609 1157 678 Slaacooio
1174 632 1269 695 super
1292 614 1422 678 abeatis
1445 613 1483 678 do
1500 614 1685 698 parochiali
1707 637 1753 682 oc-

810 713 904 781 alesia
928 715 962 779 in
985 714 1198 783 Zbraslaoioo.

1356 860 1442 923 1360
1464 859 1655 943 Septembris
1680 861 1710 925 1.

381 1047 420 1107 ln
442 1061 534 1107 omne
556 1043 606 1109 ius
630 1048 663 1109 61
686 1046 726 1110 ad
748 1045 847 1125 litem,
872 1047 955 1127 quod
985 1049 1186 1129 competebat
1209 1046 1351 1112 Vernero
1382 1049 1421 1112 de
1445 1049 1592 1114 Natalicz
1624 1050 1657 1114 in
1680 1069 1750 1133 par-

254 1144 381 1209 rochiali
404 1146 542 1212 ecclesia
564 1148 603 1213 de
627 1146 863 1231 Suisslauica‘)
892 1149 1061 1231 Pragensis
1085 1151 1175 1232 dioc,
1208 1151 1269 1216 fuit
1292 1153 1480 1235 subrogatus
1503 1152 1752 1220 Swantoslauius

254 1247 337 1313 Petri
359 1248 428 1334 [de]
451 1249 619 1317 Slaucouia
649 1252 784 1318 clericus
815 1253 894 1319 dioc.
920 1253 1140 1320 Oracoviensis
1170 1254 1244 1319 XVI
1267 1257 1329 1320 kal.
1355 1256 1551 1338 Septembris
1575 1278 1603 1322 a.
1628 1265 1749 1324 octavo,

253 1351 434 1436 Composuit
466 1356 518 1420 die
551 1355 653 1438 prima
685 1359 803 1423 mensis
834 1358 1030 1441 Septembris
1064 1377 1091 1422 6.
1124 1359 1295 1426 MCOCLX
1327 1363 1368 1426 ad
1397 1361 1486 1427 XXX
1524 1361 1590 1427 flor,
1624 1381 1749 1429 camere

252 1458 299 1522 rel
322 1463 436 1543 taram,
459 1461 627 1527 solvendos
650 1481 775 1529 camere
799 1463 973 1546 apostalice
996 1463 1030 1527 16
1043 1464 1185 1528 Romana
1208 1465 1295 1529 curia
1319 1464 1401 1530 intra
1423 1464 1540 1530 testum
1571 1466 1748 1531 nativitatis

252 1564 277 1628 b.
299 1564 401 1628 Maria
436 1584 518 1630 anno
540 1564 737 1647 MCGCLXI,
772 1568 975 1649 presentibus
1006 1567 1131 1633 domino
1162 1568 1348 1651 Raymundo
1379 1569 1513 1634 Oliverii
1543 1577 1578 1635 et
1610 1570 1749 1636 ilenrico

250 1667 383 1734 Vemeri
406 1671 603 1752 presbytero.
631 1708 664 1717 -
691 1672 850 1736 Arnaldus
873 1671 1040 1737 Johannis.

376 1774 468 1840 Anno
490 1774 593 1840 LXVI
616 1781 649 1840 et
672 1775 723 1840 die
746 1777 922 1858 penultima
945 1777 1063 1841 mensis
1086 1775 1243 1859 Octobris,
1274 1777 1348 1858 qnia
1378 1777 1469 1842 uobis
1492 1777 1640 1857 asseruit,
1665 1780 1749 1859 quod

248 1877 331 1942 dicta
354 1879 583 1961 subrogatione
620 1899 683 1946 666
720 1899 797 1945 6666
819 1879 881 1946 1611
903 1900 961 1947 666
984 1882 1085 1964 ipsam
1116 1882 1255 1947 obtinuit
1266 1881 1288 1960 ¹)
1312 1882 1478 1962 nullosque
1501 1879 1624 1947 fructus
1647 1901 1686 1946 ex
1710 1901 1749 1947 ea

247 1982 375 2065 recepit,
398 1981 460 2048 fuit
483 1985 634 2067 scriptum
658 1986 831 2068 collectori,
852 1986 987 2067 quodsi
1010 1986 1053 2050 sit
1075 1987 1131 2069 ita,
1162 2005 1224 2051 non
1247 1986 1405 2060 molestet,
1431 1992 1465 2051 et
1487 1984 1548 2051 fuit
1572 1988 1745 2052 absolutus

373 2172 541 2226 Collotlam.
559 2178 609 2226 292
628 2174 676 2229 lol.
694 2180 745 2228 38'.
757 2205 787 2212 -
798 2172 848 2227 Ed.
868 2172 941 2242 apud
960 2173 1069 2241 Kirseh,
1086 2177 1214 2229 Annaten
1234 2176 1316 2245 lpag.
1335 2180 1385 2229 303
1399 2192 1438 2230 nr.
1452 2181 1510 2230 200.
1524 2206 1557 2215 -
1571 2182 1596 2242 a)
1618 2175 1746 2247 corrige,

243 2258 456 2324 ,Sbrasslauiczt
490 2290 516 2299 -
538 2261 558 2326 ¹)
578 2260 1089 2330 06611631,66666666666616.
1110 2262 1122 2315 l
1141 2280 1203 2333 pag.
1227 2270 1283 2318 186.
1304 2295 1335 2304 -
1357 2266 1433 2319 Cant
1453 2281 1492 2318 nr.
1514 2270 1580 2317 1126
1598 2271 1711 2318 611121.

892 2458 1097 2471 ——u

245 2647 358 2712 1135.
385 2643 549 2710 Jobonnes
582 2645 744 2729 opiscopus
770 2647 929 2711 Tiaieasis
966 2646 1137 2729 supplicat,
1172 2652 1326 2730 quatenos
1359 2648 1579 2730 infrascriptis
1597 2651 1743 2732 personis

729 2750 871 2815 divorsae
891 2751 1018 2831 pratioe
1041 2751 1262 2815 concedantar.

1158 2889 1320 2973 Aoimioae,
1343 2892 1430 2955 1360
1452 2889 1644 2973 Septembris
1670 2893 1699 2955 1.

368 3077 532 3161 Supplicat
565 3077 606 3143 Si*
636 3079 690 3144 Vre
712 3080 829 3145 devota
862 3084 1008 3144 creatura
1043 3086 1150 3145 vestra
1183 3079 1346 3145 lohannes
1377 3081 1545 3164 episcopus
1569 3080 1739 3164 Tyniensis

242 3183 357 3248 domini
381 3183 540 3266 Rudotphi
564 3184 653 3249 ducis
675 3184 805 3249 Austrie
829 3184 1026 3250 ambasiator
1046 3235 1740 3252 .................

368 3411 446 3474 Item
470 3410 629 3492 supplicat
652 3408 692 3474 gs
715 3411 777 3493 Vst,
802 3411 1185 3493 quatenusinpersonam
1209 3412 1318 3477 dilecti
1342 3413 1390 3476 sui
1404 3413 1560 3493 capellani
1584 3411 1739 3478 lobannis

238 3513 275 3577 de
299 3512 483 3598 Orudeyn⁸t
519 3515 699 3596 presbyteri
723 3516 803 3582 dioc.
830 3516 1104 3582 Lnthomuslensis
1139 3517 1311 3599 specialem
1335 3517 1472 3597 graciam
1507 3516 1671 3594 iacientes,
1696 3517 1735 3582 de

238 3617 389 3684 beneficio
424 3619 641 3685 ecclesiastico
677 3638 746 3685 cum
770 3639 846 3685 cura
869 3621 920 3686 vel
943 3622 1012 3686 sine
1036 3640 1121 3706 cura,
1156 3623 1245 3685 cuius
1269 3621 1413 3685 redditus
1447 3626 1481 3685 et
1504 3628 1686 3703 proventus,
1711 3623 1738 3685 si

239 3739 306 3786 cum
328 3741 404 3787 cura
427 3724 493 3805 XL,
518 3724 545 3789 si
568 3724 638 3789 sine
662 3743 737 3789 cure
760 3725 818 3790 XX
842 3723 1039 3790 marcharum
1063 3726 1188 3807 argenti
1211 3727 1384 3790 secundum
1401 3724 1734 3790 taracionemdecime

238 3825 375 3891 valorem
398 3845 535 3891 annuum
558 3847 620 3894 666
644 3830 811 3907 excedant,
850 3832 876 3895 si
907 3832 990 3911 quad
1021 3837 1114 3896 vacat
1136 3831 1176 3894 ad
1199 3848 1332 3912 presens
1356 3830 1405 3894 vel
1435 3849 1505 3893 cum
1528 3848 1641 3893 vacare
1665 3847 1736 3894 con-

237 3930 375 4013 tingerit,
411 3938 577 4013 spectante
612 3933 652 3997 ad
675 3934 879 3999 collacionem
910 3941 969 4000 etc.
993 3936 1135 4018 episcopi
1158 3934 1444 4015 Lnthomuslensis
1468 3935 1572 3998 eidem
1595 3933 1732 3998 iohanni

240 4032 459 4099 conferendum
484 4036 647 4102 borraciani
684 4040 857 4120 apostolice
881 4040 1054 4122 dignemini
1077 4057 1252 4118 reservare,
1276 4058 1345 4104 cum
1370 4039 1592 4121 acceptacione
1616 4044 1677 4102 etc.
1701 4045 1735 4102 et

241 4157 306 4216 cum
330 4139 481 4205 clausulis
505 4141 586 4223 aliis,
611 4161 672 4207 nan
696 4144 897 4208 obstantibus
920 4150 955 4208 et
977 4144 1129 4209 clausulis
1153 4143 1319 4226 oportunis
1343 4162 1379 4208 66
1402 4142 1637 4208 executoribus.

308 4411 312 4417 ·
366 4370 447 4434 Item
477 4369 636 4451 supplicat
671 4367 710 4433 ga
741 4369 803 4451 VN,
837 4376 995 4450 quatenus
1026 4371 1086 4435 sibi
1110 4371 1142 4433 16
1166 4388 1333 4452 personam
1364 4369 1474 4433 dilecti
1498 4368 1664 4432 familiaris
1687 4369 1736 4433 sui

238 4470 325 4537 Pauli
348 4474 480 4538 condam
514 4473 688 4556 Ragikonis
723 4475 762 4538 de
785 4480 890 4539 castro
913 4475 1074 4556 Burglinis
1109 4475 1216 4538 clerici
1251 4474 1420 4555 Pragensis
1458 4474 1538 4537 dioc.
1563 4473 1735 4554 specialem

237 4577 371 4657 graciam
394 4576 561 4658 facientes,
586 4579 624 4642 de
648 4577 802 4643 beneficio
836 4579 1055 4644 ecclesiastica
1089 4598 1158 4643 cum
1193 4598 1268 4642 cura
1290 4579 1342 4642 vel
1365 4578 1433 4642 siue
1457 4596 1542 4654 cura,
1567 4582 1733 4658 spectante

237 4681 275 4744 ad
297 4680 502 4747 collacionem
526 4687 587 4748 etc.
611 4682 840 4765 archiepiscopi
864 4683 1042 4766 Pragensis,
1065 4683 1092 4748 si
1116 4684 1199 4764 quod
1222 4688 1313 4746 vacat
1336 4683 1376 4746 ad
1399 4698 1532 4764 presens
1555 4681 1606 4745 vel
1629 4700 1733 4762 quam·

236 4783 367 4865 primum
391 4786 559 4867 vacaverit,
583 4785 686 4850 eidem
710 4785 808 4852 Paula
832 4786 1003 4868 dignemini
1026 4786 1274 4852 misericorditer
1296 4786 1473 4868 providere,
1498 4803 1567 4849 cum
1589 4789 1733 4866 accepta-

235 4890 322 4954 cione
345 4895 405 4954 etc.
429 4897 464 4955 et
487 4910 555 4954 cum
579 4890 695 4955 ceteris
718 4910 780 4955 non
803 4892 1003 4956 obstantibus
1033 4896 1067 4955 et
1089 4892 1241 4957 clausulis
1264 4890 1429 4972 oportunis
1452 4896 1486 4954 et
1508 4889 1733 4954 executoribus

234 4995 321 5059 utin
344 4994 454 5061 torma.

339 5100 419 5165 Item
454 5101 612 5183 supplicat
646 5102 749 5166 eidem
782 5099 824 5165 S⁸¹
850 5102 914 5183 Vn,
949 5107 1106 5181 quatenus
1129 5098 1279 5183 Haymi)
1313 5100 1412 5175 fflioe)
1438 5097 1604 5163 Benedicti
1628 5097 1731 5177 militi,

233 5202 405 5269 castellano
440 5204 479 5268 de
504 5205 710 5287 Wissygradu
745 5206 919 5269 concedere
951 5204 1133 5286 dignemini,
1170 5205 1254 5284 quod
1288 5204 1387 5285 possit
1423 5203 1543 5285 eligere
1567 5202 1731 5265 duodecim

232 5324 391 5391 personas,
413 5327 491 5389 quas
514 5308 641 5372 duxerit
673 5308 890 5389 nominandas,
921 5326 981 5388 que
1016 5314 1160 5372 sanctum
1184 5308 1362 5390 sepulcrum
1388 5306 1577 5371 dominicum
1603 5305 1732 5367 valeant
