4224 6182
738 485 802 532 1318
821 479 962 532 Februarii
981 487 997 533 8
1020 510 1045 519 —
1068 481 1210 534 Februarii
1229 489 1269 535 12.
1693 491 1754 552 281

247 677 279 744 in
303 683 415 746 eadem
439 683 591 767 Pragensi
614 688 673 751 sub
696 688 921 769 expectatione
944 691 1106 771 prebende
1124 709 1159 754 oe
1182 691 1215 754 in
1237 693 1408 758 Lubicensi
1430 693 1576 758 eeclesiis
1599 713 1669 759 euni
1685 713 1757 776 pre·

247 786 352 851 banda
374 792 408 851 et
430 789 573 854 cantoria
595 791 799 857 canonicatus
833 795 974 858 nosceris
997 795 1152 859 obtinere.
1199 795 1350 860 Volumus
1374 801 1489 880 autern,
1523 799 1615 879 qnod,
1648 817 1756 878 quam-

247 890 382 971 primum
402 941 409 955 .
429 945 435 956 .
455 943 463 958 .
483 945 489 957 .
514 893 591 958 dieti
603 895 878 962 archidiaconatus
890 898 1123 979 possessionem
1136 898 1236 963 fueris
1251 899 1412 981 pacificam
1437 908 1613 980 nascentia,
1638 902 1754 967 dictam

248 995 447 1060 cantoriam.
468 1050 473 1060 .
493 1047 501 1062 .
522 1047 527 1059 .
559 999 721 1064 dimittere
752 1004 944 1065 tenearis..
965 1053 998 1066 ..
1029 1003 1067 1066 D.
1099 1003 1255 1067 Aninione
1279 1003 1323 1067 Vl
1346 1004 1387 1068 id.
1411 1005 1576 1069 Februarii
1600 1025 1626 1068 a.
1651 1011 1756 1070 sertor

378 1102 416 1166 In
439 1120 466 1166 e.
491 1122 521 1166 m
525 1153 639 1168 .....
664 1103 867 1169 Olomucensi
890 1111 946 1171 et.
967 1156 974 1170 .
994 1106 1252 1171 Luthornuslensi
1275 1109 1434 1190 episcopis
1458 1127 1495 1172 ae
1520 1159 1527 1172 .
1549 1163 1553 1172 .
1575 1161 1580 1172 .
1602 1163 1607 1172 .
1633 1111 1754 1174 clerano

246 1206 384 1270 ecclesie
408 1206 680 1289 wissegradensis
704 1227 802 1290 prope
825 1209 968 1292 Pragam.
1069 1243 1073 1252 ·

379 1412 410 1466 R.
429 1415 478 1466 riv.
500 1413 679 1470 1381114119.
698 1447 731 1455 -
750 1418 770 1483 ¹)
793 1421 858 1472 1353
876 1417 1001 1470 Junnurii
1014 1425 1038 1470 4.
1057 1449 1091 1458 -
1109 1420 1150 1472 De
1169 1417 1314 1472 collatione
1327 1426 1354 1472 et
1367 1417 1523 1486 provisione
1536 1417 1661 1485 praelato
1676 1420 1755 1471 Petro

247 1495 292 1551 bic
304 1495 378 1552 iacta
395 1499 423 1552 in
442 1499 580 1570 R.Suppl.
599 1507 631 1556 18
651 1500 698 1556 iol.
721 1508 765 1555 111
786 1504 887 1557 ruentia
905 1503 946 1558 iit.

899 1665 1106 1672 -.—-..-.--—-—-

250 1777 338 1844 719.
362 1775 499 1844 Carolus
522 1781 735 1845 Romanorum
764 1783 937 1865 imperator
960 1788 989 1847 et
1011 1780 1182 1849 Bobemiae
1204 1804 1261 1849 rea
1291 1784 1460 1866 supplicat,
1485 1789 1638 1868 quatenus
1661 1785 1756 1848 eolla·

248 1880 291 1942 tio
308 1881 556 1965 praepositurae
577 1883 724 1948 eeclesiae
750 1887 904 1967 Tyueusis
925 1887 1076 1952 Sasernae
1106 1893 1181 1952 uate
1203 1889 1354 1953 Saaemae
1375 1890 1414 1952 de
1441 1887 1505 1952 Usa
1521 1893 1619 1968 faeta
1641 1887 1754 1968 coufir-

628 1992 730 2052 metur
751 1989 798 2054 uel
821 1991 850 2054 ei
872 1990 910 2054 de
931 1990 991 2056 illa
1014 1991 1051 2055 de
1073 2011 1148 2054 uoco
1166 1991 1382 2074 provideatur.

1192 2129 1357 2213 Asiaticae,
1382 2131 1466 2196 1358
1488 2129 1657 2194 Februarii
1679 2133 1709 2196 8.

379 2313 543 2396 Supplieat
573 2315 613 2380 gn
658 2318 711 2382 V¹⁰
736 2319 870 2382 devotus
904 2317 987 2383 filius
1022 2325 1129 2384 vester
1163 2319 1300 2385 Karalus
1334 2320 1543 2384 Romanorum
1579 2321 1753 2401 imperator

245 2432 373 2497 semper
396 2427 549 2500 augustus
572 2429 606 2486 et
629 2423 759 2487 Boemie
782 2441 850 2504 rex,
874 2430 1031 2503 quatenus
1055 2423 1261 2488 collacionem
1285 2429 1319 2487 et
1343 2422 1554 2503 provisionem
1576 2422 1678 2488 iactas
1694 2442 1752 2505 per

247 2519 407 2586 dominum
427 2571 459 2586 ..
484 2524 754 2608 archiepiscopum
779 2527 969 2608 Progensem
993 2527 1110 2591 dilecto
1134 2545 1190 2592 suo
1207 2527 1337 2591 Sazenre
1361 2533 1436 2590 nato
1459 2526 1616 2607 qnondam
1637 2527 1753 2593 nobilis

247 2624 308 2688 viri
331 2623 462 2690 Sazeme
486 2628 526 2692 de
549 2629 616 2694 Vslr
640 2631 767 2696 baronis
790 2631 880 2713 regni
903 2631 1043 2712 Boemie,
1067 2632 1258 2696 subdiacono
1281 2630 1450 2711 Progensis
1471 2630 1562 2710 dioc,
1588 2631 1752 2713 capellano

247 2733 282 2790 et
303 2727 452 2794 familiari
476 2750 532 2796 suo
564 2735 737 2799 domestico
768 2734 980 2816 commensali
1015 2734 1054 2798 de
1078 2735 1281 2816 prepositura
1311 2733 1446 2796 ecelesia
1477 2733 1633 2816 l'ynensis
1657 2734 1782 2818 colle-v

248 2831 333 2912 giale
356 2835 526 2917 Progensis
549 2837 627 2902 dioe.
648 2838 800 2921 predicte,
824 2855 884 2918 que
908 2844 958 2901 est
982 2838 1120 2919 dignitas
1137 2844 1257 2918 curata,
1281 2844 1413 2902 vacante
1436 2856 1494 2918 per
1517 2837 1752 2902 assecutionem

246 2945 402 3018 perpetue
427 2939 542 3008 vicarie
566 2942 795 3024 archiepiscopi
820 2942 988 3024 Pragensis
1011 2943 1043 3005 iu
1066 2942 1202 3007 ecelesia
1226 2942 1388 3024 Progensi,
1411 2960 1472 3022 que
1489 2960 1558 3006 euru
1583 2942 1752 3024 dietapre-

247 3041 390 3124 positura
413 3045 516 3108 teneri
540 3064 602 3110 non
625 3053 742 3128 potest,
766 3063 823 3128 per
846 3046 964 3110 dictum
981 3046 1251 3128 arehiepiscopum
1276 3046 1474 3128 Wratiuogio
1498 3046 1537 3109 de
1565 3045 1750 3126 Blaznow²t

248 3147 372 3224 collate,
386 3147 409 3228 ¹)
426 3149 516 3215 cuins
536 3151 664 3231 quidem
680 3151 881 3233 prepositure
899 3151 983 3216 idem
1006 3149 1138 3216 Sazema
1162 3151 1280 3215 virtute
1310 3151 1490 3215 huiusmodi
1513 3150 1695 3216 collacionis
1718 3158 1754 3215 et

247 3250 437 3331 provisionis
460 3254 694 3335 possessionem
726 3257 850 3320 obtinet
872 3254 1034 3336 paciticam
1066 3263 1101 3319 et
1123 3257 1271 3336 quietam,
1295 3273 1356 3318 non
1381 3254 1582 3318 obstantibus
1607 3272 1750 3319 reserva-

246 3353 389 3418 cionibns
412 3357 592 3439 'dignemini
617 3357 800 3423 confirmare
836 3359 886 3421 vel
911 3360 950 3444 de
973 3359 1029 3422 illa
1053 3361 1082 3424 ei
1106 3360 1146 3422 de
1178 3378 1258 3423 novo
1293 3358 1476 3439 providere;
1500 3376 1561 3422 nou
1592 3360 1751 3440 obstante,

246 3459 330 3548 quod
353 3459 494 3526 indicta
517 3462 653 3526 ecelesia
676 3464 827 3545 Pragensi
851 3465 1068 3528 canonicatum
1092 3465 1150 3528 sub
1184 3464 1410 3545 expectatione
1434 3463 1595 3543 prebende
1619 3463 1751 3546 obtinet,

244 3567 280 3626 et
303 3581 373 3628 eum
396 3567 513 3630 ceteris
536 3585 599 3631 non
622 3567 822 3631 obstantibus
845 3573 879 3631 et
902 3567 1053 3630 clausulis
1077 3567 1242 3648 oportunis
1266 3572 1300 3630 et
1323 3567 1555 3630 executoribus.

376 3669 449 3734 Fiat
466 3669 503 3733 G.
516 3668 591 3733 Sine
608 3669 671 3733 alia
686 3669 836 3736 leccione.
861 3670 932 3735 Fiat
955 3670 992 3734 G.
1017 3672 1054 3734 D.
1071 3671 1228 3736 Aninione
1255 3669 1297 3734 Vl
1320 3669 1362 3733 id.
1387 3670 1551 3734 Februarii
1576 3689 1603 3734 a.
1628 3672 1749 3734 sento.“

375 3855 407 3909 R.
425 3857 520 3926 Suppl.
539 3861 573 3912 29
592 3858 638 3912 iol.
657 3865 699 3912 31.
719 3889 750 3898 -
777 3859 1537 3928 ΙΙ10111131;,Β1111111“.-“)01111.111.’116.-111
1558 3875 1633 3926 marg
1662 3857 1752 3911 dext:

244 3940 305 4008 ,Pro
324 3943 472 4020 edmeruJ‘.
488 3945 571 3999 -De
590 3946 736 4001 collatione
756 3952 783 4001 et
794 3946 949 4014 provisione
968 3945 1040 4030 iacta
1059 3946 1110 4000 sub
1129 3945 1224 3999 eodem
1244 3946 1308 3999 dato
1328 3945 1470 4014 praedicto
1483 3945 1751 4013 8111111111111111-

244 4027 368 4096 positura
385 4031 526 4085 nominata
543 4032 571 4085 in
590 4033 621 4086 R.
641 4032 736 4102 Suppl.
756 4032 854 4086 18111.
878 4040 922 4087 171
943 4035 1044 4087 mentio
1063 4032 1102 4086 lit.
1743 4035 1748 4046 '

895 4245 1101 4254 ——n—

247 4411 337 4478 720.
371 4413 433 4477 Pro
458 4413 600 4478 Conrado
635 4413 754 4492 Sifridi
784 4414 823 4478 de
847 4413 1046 4480 Gelubauseu
1076 4413 1287 4497 supplicatur,
1323 4419 1477 4495 prutenus
1498 4415 1608 4494 pratia
1642 4413 1679 4476 de
1700 4435 1751 4478 ee-

540 4518 635 4583 clesia
654 4519 835 4596 parochiali
856 4519 890 4583 iu
911 4518 1064 4599 Bondorf
1092 4519 1121 4581 ei
1136 4522 1234 4596 sueta
1256 4522 1455 4598 resumetur.

1164 4654 1329 4738 Auidium,
1352 4656 1439 4719 1358
1464 4654 1631 4719 Februarii
1652 4657 1705 4718 12.

374 4846 455 4911 ltem
478 4846 678 4911 solsatissime
702 4854 803 4929 pater,
828 4865 930 4929 nuper
964 4845 1025 4911 8¹¹⁸
1048 4846 1104 4909 Vr·
1126 4845 1383 4911 consideracione
1407 4845 1603 4910 serenissimi
1628 4844 1748 4909 domini

241 4947 380 5034 Il[aroli]
405 4951 616 5016 Romanorum
639 4950 840 5031 imperatoris
865 4949 1009 5016 Conrado
1033 4949 1150 5015 Siiredi
1173 4949 1213 5014 de
1237 4948 1434 5014 Geilnhusen
1457 4949 1626 5014 licentiato
1651 4949 1685 5012 in
1700 4969 1751 5012 ar·

239 5050 324 5117 tibus
348 5053 388 5118 de
411 5055 547 5120 ecelesia
580 5055 771 5138 parrochiali
792 5056 826 5119 in
849 5054 992 5120 Boudori
1035 5051 1292 5118 Constanciensis
1324 5053 1418 5134 dicu,
1453 5059 1587 5118 vacante
1624 5070 1663 5116 ex
1699 5069 1748 5130 ao,

241 5155 325 5233 qnod
348 5157 450 5240 ipsam
473 5159 624 5223 ailbertus
648 5160 687 5222 de
710 5159 904 5241 Habenberg
926 5177 996 5222 cunr
1012 5157 1084 5222 aliis
1107 5155 1269 5223 benefieiis
1291 5156 1582 5240 incompatibilibus
1605 5156 1749 5238 pluribus

242 5262 335 5326 annis
360 5263 535 5345 occupavit,
559 5263 660 5327 eciam
683 5263 723 5327 ad
747 5262 963 5327 sacerdocium
988 5281 1048 5326 non
1065 5267 1237 5344 promotus,
1262 5261 1399 5343 graciam
1422 5259 1516 5340 iaeit3
1539 5279 1650 5324 verum
1673 5258 1749 5338 quia

241 5363 327 5430 dicta
350 5367 487 5432 eeclesia
509 5372 583 5431 ante
608 5367 663 5431 Lll
698 5384 796 5432 :trinos
820 5372 853 5430 et
877 5366 1011 5448 amplius
1045 5383 1176 5430 vacasse
1200 5363 1379 5448 [noscitur],
1411 5364 1456 5428 ita
1479 5364 1562 5443 quod
1585 5381 1647 5426 non
1672 5363 1750 5426 vivit
