3990 6052
879 420 944 472 raca
962 417 1080 487 Augusti
1100 422 1134 471 aa
1710 416 1754 481 39

243 623 281 691 Sti
303 626 379 708 VN,
412 627 647 709 3331333311το
685 625 726 691 Sti
756 626 929 691 clemencia
962 625 1143 691 huiusmodi
1179 625 1307 690 litteras
1341 626 1399 689 sub
1434 625 1509 688 data
1542 623 1640 706 priori
1675 622 1753 687 dicti

244 731 362 795 domiui
386 730 560 797 Clementis
583 736 617 796 et
639 731 764 797 nomine
789 738 895 796 restro
918 730 1063 813 expediri
1087 729 1185 794 faciat
1208 735 1242 794 et
1265 730 1415 794 transire.

374 836 446 900 liat
468 841 502 902 et
524 836 639 920 valeat,
663 835 748 918 quod
770 852 895 899 cessum
917 833 987 918 fuit,
1011 835 1074 899 nisi
1099 814 1279 899 alteri'fuit
1301 815 1536 918 irfssquesitum
1563 833 1599 897 G.

377 941 413 1004 D.
439 941 523 1023 apud
554 941 785 1006 Villamnouam
820 939 1046 1005 Aninionensis
1080 939 1160 1005 dioc.
1185 938 1229 1002 lX
1259 938 1323 1002 kal.
1356 936 1552 1020 Septembris
1585 957 1612 1000 a.
1645 936 1754 1019 primo.

375 1146 522 1218 R.Suppl.
544 1146 645 1202 24131,
670 1152 703 1201 69
732 1176 757 1186 -
782 1148 807 1214 ⁸)
834 1147 865 1200 13
884 1162 967 1216 marg.
989 1146 1055 1200 siu:
1083 1145 1143 1205 ‚Pro
1166 1152 1289 1200 camera.
1310 1175 1342 1184 -
1371 1143 1753 1213 ι)11133.1ι’31.133.1436.

248 1234 269 1301 ¹)
285 1232 388 1288 Ibidem
406 1250 448 1288 nr.
468 1239 543 1289 1082.

899 1411 1103 1426 -ξ

247 1567 338 1632 140.
360 1564 478 1630 Abbati
498 1565 683 1629 maaslcrir'
704 1563 939 1630 Slrabocc'cnsr's
961 1568 991 1629 et
1013 1563 1131 1629 decano
1161 1560 1414 1643 Vicsepradcnais
1436 1579 1474 1625 ac
1496 1560 1755 1626 333313133Ααί-

247 1669 403 1735 alanensis
418 1667 620 1735 eeclesiarum
642 1669 825 1748 mandatur,
848 1674 1004 1751 33333333
1028 1667 1186 1734 Gaadlrona‘
1199 1664 1364 1732 Adaicom's
1379 1667 1602 1732 canonicatum
1616 1669 1647 1730 ct
1657 1687 1753 1749 prae·

653 1773 785 1839 333333
808 1774 953 1839 ecclcsiae
976 1771 1151 1854 Praycncis
1172 1773 1349 1851 conserant.

362 1897 413 2034 Ξ.
1002 1917 1099 2004 Apud
1129 1917 1367 1997 Vallamaooam,
1393 1917 1476 1981 1353
1499 1914 1709 1999 3133333124.

376 2105 435 2169 Dd.
452 2104 484 2169 ff.
506 2154 540 2170 ..
565 2105 672 2170 abbati
703 2105 889 2170 monasterii
925 2102 1164 2168 Strahouieusis
1197 2108 1232 2167 et
1251 2152 1283 2165 ..
1321 2101 1441 2165 deceno
1476 2099 1750 2182 wissegradensis

249 2227 347 2290 prope
365 2209 497 2291 Pragam
510 2228 546 2272 ac
566 2260 572 2272 .
591 2256 599 2271 .
618 2209 751 2274 sacriste
767 2207 993 2272 Aninionensis
1006 2207 1222 2273 ecclesiamm.
1240 2204 1414 2270 Laudabile
1431 2203 1647 2269 testimonium
1666 2253 1674 2268 .
1694 2254 1700 2267 .
1721 2254 1726 2266 .
1748 2243 1754 2255 ·

250 2312 375 2376 Dudum
384 2312 540 2393 siquidem
561 2363 567 2376 .
587 2365 592 2376 .
613 2364 620 2376 .
640 2311 808 2377 .Clemens
816 2331 898 2395 papa
906 2310 959 2394 Vl,
967 2312 1175 2394 predecessor
1183 2316 1301 2392 noster,
1320 2360 1327 2373 .
1347 2359 1353 2372 .
1374 2360 1379 2371 .
1401 2307 1634 2373 ‚canonicatum
1642 2313 1752 2390 etpre-

249 2416 382 2480 bendam
396 2415 532 2480 ecclesie
543 2416 722 2499 Pragensis,
736 2434 815 2497 quos
834 2467 841 2480 .
861 2464 867 2477 .
888 2464 894 2480 .
916 2469 922 2479 .
938 2415 1101 2482 lohannes
1113 2415 1281 2498 episcopus
1294 2411 1515 2478 Olomucensis
1529 2415 1671 2492 tempore
1684 2429 1759 2493 pro·

249 2519 402 2584 macionis
418 2518 501 2584 facte
519 2521 558 2584 de
574 2520 644 2603 ipso
659 2539 717 2602 per
732 2520 991 2601 predecessorem
1007 2519 1143 2584 eundem
1160 2519 1200 2583 ad
1217 2518 1460 2583 Olomucensem
1486 2515 1657 2579 ecclesiam
1680 2521 1756 2579 tuuc

251 2630 414 2688 vacantem
427 2624 460 2688 in
472 2624 543 2705 ipsa
555 2624 707 2706 Prageusi
719 2624 856 2689 ecclesia
867 2624 1040 2706 obtinebat,
1058 2673 1066 2689 .
1086 2675 1092 2688 .
1112 2675 1119 2689 .
1140 2677 1146 2689 .
1165 2622 1372 2690 conferendos
1386 2621 1471 2685 dicto
1484 2620 1647 2686 Czadkoui
1666 2672 1673 2685 .
1694 2673 1699 2684 .
1721 2672 1728 2684 .
1747 2670 1754 2684 .

251 2726 417 2791 donacioui
441 2723 614 2808 apostolice
638 2729 817 2793 reservavit
838 2734 873 2793 et
895 2728 1021 2793 demum
1044 2727 1223 2794 huiusmodi
1248 2725 1500 2791 consecracionis
1530 2743 1661 2788 munere
1684 2742 1754 2805 pre-

249 2829 314 2893 fato
337 2829 476 2895 lohanni
499 2837 592 2895 extra
614 2832 786 2896 Romanam
818 2832 936 2896 curiam
971 2832 1010 2896 de
1044 2833 1192 2897 mandato
1216 2832 1317 2914 ipsius
1340 2829 1578 2911 predecessoris
1601 2829 1754 2910 impenso,

252 2933 357 2999 dictus
380 2934 598 3016 predecessor,
630 2935 733 3000 literis
766 2954 863 3018 super
885 2936 973 3000 dicta
994 2937 1102 3018 gracia
1124 2955 1182 3018 per
1205 2954 1276 3001 eum
1300 2934 1385 2998 dicto
1409 2931 1571 2997 Czsdlroni
1595 2950 1754 3012 concessa,

252 3045 287 3103 ut
309 3039 515 3121 premittitur,
540 3057 609 3103 uon>
626 3038 788 3122 conlectis,
820 3040 901 3103 riam
924 3039 986 3104 fuit
1008 3040 1157 3104 universe
1181 3039 1285 3104 caruis
1308 3038 1481 3119 ingressus,
1515 3054 1645 3118 nosque,
1669 3042 1755 3118 post-

252 3141 377 3206 modum
402 3142 442 3205 ad
466 3145 587 3224 apicem
611 3143 725 3207 summi
749 3142 950 3225 apostolatus
978 3144 1143 3226 assumpti,
1167 3141 1421 3208 reserracionem
1440 3158 1509 3203 cum
1526 3139 1640 3204 similis
1654 3140 1752 3204 inter-

252 3245 413 3327 posicione
454 3246 576 3311 decreti
606 3247 651 3311 de
686 3247 926 3313 canonicatibus
954 3244 994 3312 'et
1026 3248 1199 3329 prebendis
1233 3247 1368 3327 aliisque
1403 3241 1567 3307 beneficiis
1601 3243 1752 3309 ecclesia-

252 3349 365 3416 sticis.
386 3349 610 3414 ...duximus
632 3349 818 3415 faciendam.
844 3350 921 3415 Cum
945 3356 1062 3427 autem,
1097 3352 1181 3416 sicut
1204 3351 1392 3433 accepimus,
1428 3346 1526 3413 iidem
1550 3348 1755 3412 canonicatus

252 3459 285 3517 et
306 3454 469 3535 prebenda
491 3471 549 3534 per
572 3453 753 3519 huiusmodi
776 3455 1010 3536 promocionem
1034 3456 1112 3520 dicti
1135 3452 1290 3521 lobannis
1314 3459 1347 3518 et
1368 3471 1481 3518 munus
1504 3453 1755 3518 consecracionis

253 3568 344 3621 extra
366 3558 484 3621 curiam
508 3559 684 3639 predictam
700 3559 740 3623 de
757 3559 905 3623 ruendato
921 3560 1022 3641 ipsius
1038 3559 1285 3641 predecessoris,
1310 3564 1345 3622 ut
1360 3556 1544 3639 predicitur,
1568 3559 1755 3639 impensum,

254 3662 436 3727 amaverint
458 3671 492 3726 et
513 3668 628 3728 vacent
652 3663 692 3727 ad
715 3680 858 3744 presens,
882 3680 940 3727 333
964 3664 1109 3729 volentes
1132 3662 1236 3727 eidem
1261 3660 1447 3727 Czadkoni.
1469 3712 1474 3723 .
1494 3712 1500 3724 .
1522 3714 1528 3725 .
1547 3663 1684 3742 graciam
1709 3659 1754 3724 la-

254 3782 325 3829 cere
338 3765 517 3848 specialem,
533 3767 722 3833 discrecioni
734 3775 862 3831 vestre.
882 3817 889 3830 .
910 3817 916 3829 .
938 3817 943 3829 .
963 3767 1157 3849 mandamus
1173 3773 1330 3848 quatenus
1343 3783 1398 3831 vos
1417 3815 1424 3827 .
1445 3813 1451 3826 .
1473 3813 1479 3825 .
1501 3766 1756 3830 ,3331333333-

256 3869 637 3953 nicatumetprebeudam
655 3925 660 3936 .
681 3926 688 3938 .
708 3922 714 3936 .
735 3922 741 3936 .
760 3871 883 3954 prefato
897 3871 1059 3938 Czadkoui
1078 3923 1085 3935 .
1104 3920 1111 3933 .
1134 3923 1140 3936 .
1160 3872 1324 3937 ‚conferre
1333 3877 1367 3936 et
1376 3875 1538 3957 assignare
1550 3870 1669 3935 curetis
1684 3919 1687 3927 .
1705 3922 1710 3933 .
1728 3921 1733 3932 .
1749 3920 1755 3932 .

257 3975 290 4037 b.
313 3975 396 4056 apud
420 3974 653 4040 Villamnouam
677 3975 903 4040 Aninionensis
927 3975 1006 4040 dioc.
1032 3975 1134 4040 VIIII.
1160 3975 1223 4039 kal.
1248 3973 1451 4057 Septembris
1478 3996 1506 4040 3.
1531 3975 1641 4057 primo.

381 4179 412 4234 lt.
431 4181 492 4236 Vat
512 4180 626 4235 344131.
646 4186 705 4248 365,
724 4182 756 4237 R.
775 4180 970 4236 1133219131.
989 4186 1049 4234 222.
1072 4211 1098 4221 -
1120 4180 1198 4237 Cous.
1217 4182 1294 4236 Mon.
1313 4183 1374 4236 Vnt
1395 4182 1408 4235 1
1425 4197 1468 4235 nr.
1489 4186 1565 4236 1455.

259 4459 343 4525 141.
360 4459 477 4524 Abbati
489 4461 674 4526 monasterii
688 4461 920 4526 Strabovicnsis
936 4464 966 4524 ct
987 4461 1103 4525 decom
1120 4462 1290 4544 Propensis
1309 4480 1347 4525 uc
1362 4460 1519 4524 sacristae
1534 4458 1755 4524 Aoiaioneasis

261 4563 456 4629 ecclesiaram
484 4566 668 4645 mandatur,
696 4570 850 4648 quatenus
882 4565 1033 4630 Habardo
1062 4564 1205 4629 Conradr'
1233 4564 1451 4631 canonicatum
1480 4567 1510 4628 et
1537 4562 1756 4647 praebendam

445 4669 593 4735 ecclcsiae
614 4672 846 4736 monasteriis.
872 4667 1000 4753 Georpr'i
1020 4671 1055 4734 ia
1076 4675 1180 4735 castro
1203 4670 1360 4751 Prayensa'
1382 4672 1558 4749 conferant.

339 4824 365 4944 ξ(
1007 4807 1102 4892 Apud
1131 4807 1368 4884 Villamnouam,
1391 4810 1479 4873 1353
1501 4807 1713 4889 3133331124.

385 4998 444 5062 Dd.
468 4996 498 5064 ff.
523 5050 529 5064 .
552 5050 558 5063 .
578 5000 685 5063 abbati
696 5001 880 5065 monasterii
897 4999 1139 5065 strahowiensis
1156 5000 1324 5082 Pragensis
1337 5000 1416 5064 dioc.
1441 5004 1475 5062 et
1499 5050 1505 5062 .
1525 5049 1532 5064 .
1551 4998 1671 5062 decano
1685 4997 1756 5060 Pra-

266 5101 365 5179 geusis
388 5105 605 5167 ac..sacriste
620 5104 843 5169 Aninionensis
866 5105 1071 5169 ecclesiarum
1095 5103 1230 5169 salutern
1254 5111 1314 5170 etc.
1338 5103 1511 5168 Laudabile
1535 5101 1759 5179 testimouium,

265 5205 359 5282 quod.
374 5260 381 5274 .
395 5259 402 5271 .
417 5257 424 5271 .
437 5205 585 5273 Habardo
599 5208 734 5273 Conradi
748 5210 788 5273 de
800 5209 990 5274 Telczowicz
1003 5212 1028 5290 ¹)
1041 5209 1156 5273 clerico
1174 5208 1341 5290 Prageusis
1353 5208 1432 5272 dioc.
1447 5208 1486 5271 de
1496 5207 1563 5270 vita
1574 5205 1760 5288 perhibetur

265 5314 296 5370 et
309 5310 436 5393 meritis,
451 5329 508 5376 nos
524 5311 654 5394 inducit,
669 5318 705 5377 ut
720 5313 823 5394 ipsum
839 5313 1042 5396 prerogativa
1053 5312 1202 5394 specialis
1214 5312 1332 5377 lavaris
1348 5318 1382 5376 et
1398 5311 1503 5394 gracie
1523 5327 1758 5392 prosequamur.
