3944 6060
234 437 275 504 10
828 433 899 488 Aeta
921 431 1072 487 iunocentii
1093 431 1138 486 v1.

360 642 466 708 Possit
488 642 521 707 in
544 641 631 708 dieto·
659 641 754 706 altari
784 642 928 724 qualibet
950 643 1003 707 die
1027 642 1161 707 Veneris
1193 660 1257 707 una
1277 643 1376 707 missa
1398 641 1438 707 de
1462 660 1555 709 cruce
1578 643 1738 709 abaciam

231 747 265 813 in
287 747 473 831 nativitatis,
495 745 751 826 resurreccionis,
769 747 966 813 ascensionis
988 747 1115 830 domini,
1138 751 1342 829 pentecostes
1365 751 1399 811 et
1422 752 1558 827 quatuor
1580 747 1609 813 b.
1633 747 1736 815 Maria

231 851 324 917 lestis
346 850 435 916 etin
459 850 531 915 aliis
553 850 714 934 precipuis
737 849 862 917 festivis
886 851 1006 933 diebus,
1029 851 1062 915 in
1078 850 1193 932 quibus
1207 850 1472 933 metropolitanus
1487 851 1549 917 loci
1572 852 1739 918 consuerit

232 956 394 1022 celebrare
418 954 635 1039 solempniter,
658 954 757 1020 missa
779 974 848 1021 cum
864 961 941 1022 nota
963 961 997 1021 et
1019 957 1113 1021 mitra
1135 972 1193 1038 per
1208 954 1406 1020 sacerdotem
1425 954 1601 1038 simplicem
1623 955 1738 1023 solem·

230 1059 338 1143 pniter
360 1058 524 1125 celebrari.
549 1058 586 1124 G.

360 1163 442 1229 item
465 1162 625 1247 supplicat
646 1162 730 1229 idem
754 1183 821 1243 rex,
845 1164 1003 1248 quatinus,
1027 1164 1190 1246 cumipse
1213 1162 1391 1228 incivitate
1415 1181 1472 1229 sua
1487 1163 1641 1246 Prageusi
1663 1184 1737 1230 oon·

232 1268 313 1335 strui
341 1268 438 1334 iaciat
460 1267 618 1350 quoddam
648 1269 874 1335 monasterium
905 1268 1025 1336 ordinis
1055 1286 1080 1335 s.
1103 1268 1271 1334 Benedicti
1302 1268 1334 1333 in
1366 1268 1517 1336 bonorem
1543 1274 1578 1334 et
1600 1269 1660 1336 sub
1683 1287 1737 1336 vo·

231 1372 342 1440 cabulo
366 1390 390 1438 s.
406 1372 565 1439 Ambrosii
588 1371 779 1438 confessoris
802 1378 899 1455 atque
915 1373 1062 1457 doctoris,
1085 1371 1258 1455 dignemini
1280 1372 1454 1438 concedere
1478 1372 1584 1439 abbati
1607 1379 1643 1440 et
1664 1391 1738 1441 con·

232 1478 341 1543 ventui
363 1477 465 1561 ipsius
484 1476 681 1558 monasterii,
705 1477 759 1558 qui
781 1476 826 1543 ibi
849 1495 906 1561 pro
929 1482 1072 1561 tempore
1095 1475 1224 1559 luerint,
1248 1475 1333 1557 quod
1348 1476 1462 1542 missas
1485 1482 1520 1542 et
1542 1476 1606 1543 alia
1628 1477 1738 1545 dimna

231 1581 336 1650 officia
359 1584 392 1648 in
414 1583 485 1667 ipso
507 1581 700 1649 monasterio
723 1581 896 1647 secundum
911 1582 1007 1647 ritum
1022 1581 1264 1647 Ambrosianum
1279 1581 1387 1664 legere
1402 1581 1531 1646 valeant
1549 1587 1585 1647 et
1599 1587 1738 1667 emtore,

231 1692 326 1772 prout
347 1688 381 1753 in
403 1687 548 1770 ecclesia
578 1686 708 1752 civitate
738 1693 773 1751 et
795 1686 914 1753 diocesi
936 1684 1170 1751 Mediolanensi
1200 1685 1318 1768 legitur
1348 1690 1383 1750 st
1405 1690 1561 1770 cantatur,
1592 1692 1628 1753 st
1653 1688 1739 1770 quod

231 1794 329 1858 abbas
364 1792 441 1857 dicti
482 1791 667 1857 monasterii
700 1790 804 1868 mitra,
850 1789 944 1855 anulo
986 1795 1020 1855 et
1061 1790 1172 1855 baculo
1203 1789 1365 1871 pastorali,
1406 1789 1541 1871 aliisque
1589 1791 1737 1874 insigniis

231 1896 464 1982 pontificalibus
495 1896 542 1960 nti
565 1895 680 1979 valeat,
711 1893 801 1958 utin
824 1892 925 1958 torma
947 1911 1017 1957 curn
1040 1893 1185 1959 omnibus
1211 1912 1273 1959 non
1296 1893 1496 1958 obstantibus
1526 1900 1561 1960 st
1583 1895 1735 1962 clausulis

236 2001 409 2086 oportunis.

360 2105 441 2185 Fiat,
471 2105 518 2170 ita
547 2110 663 2187 tamen,
695 2103 778 2186 quod
801 2104 898 2168 abbas
921 2109 955 2168 et
976 2108 1150 2168 conventus
1173 2101 1308 2186 predicti
1332 2101 1499 2168 duodecim
1522 2104 1680 2170 lecciones
1704 2111 1739 2170 et

231 2210 398 2277 duodecim
420 2209 622 2292 responsoria
644 2214 679 2273 et
700 2207 866 2274 duodecim
890 2206 1055 2292 [plsalmos
1078 2226 1149 2272 oum
1172 2207 1274 2273 tribus
1300 2207 1433 2273 canticis
1463 2226 1526 2273 uua
1548 2226 1619 2274 cum
1641 2228 1736 2276 evan·

232 2316 315 2399 gello
338 2314 511 2380 secundum
533 2332 653 2379 morem
676 2312 796 2378 ordinis
819 2311 1038 2398 abenedicti
1061 2311 1169 2377 dicere
1191 2316 1350 2377 teneatur.
1376 2311 1412 2377 G.

362 2418 526 2502 supplicat
558 2416 598 2482 Sti
636 2416 690 2481 Vre
714 2417 848 2483 devotus
878 2415 962 2482 filius
990 2420 1099 2481 vester
1129 2416 1266 2483 Karalus
1296 2416 1507 2482 Romanorum
1539 2423 1574 2482 et
1602 2418 1735 2485 Boemie

232 2543 296 2608 rex,
325 2524 474 2606 quatinus
505 2522 565 2587 sibi
596 2521 767 2604 specialem
796 2522 934 2604 graciam
956 2520 1120 2596 iacientes,
1151 2521 1277 2603 plenam
1310 2519 1545 2604 indulgenciam
1567 2527 1602 2587 et
1624 2522 1735 2589 remis·

231 2629 353 2694 sionem
375 2629 513 2693 omnium
536 2645 664 2693 suorum
687 2631 890 2710 peccatorum
912 2627 1012 2692 semel
1035 2626 1200 2691 dumtaxat
1221 2626 1254 2691 in
1270 2626 1382 2692 mortis
1406 2625 1540 2691 articulo
1561 2627 1736 2693 concedere

232 2732 416 2817 dignemini,
437 2737 473 2798 ut
496 2733 528 2797 in
550 2731 658 2799 forma

361 2837 434 2903 Fiat
459 2837 496 2903 G.
524 2836 599 2902 Sine
623 2837 687 2902 alia
709 2837 858 2903 leccione.
883 2836 956 2901 Fiat
979 2837 1015 2901 G.

361 2944 399 3009 Ι).
424 2942 581 3009 lininione
604 2941 669 3007 llll
691 2942 758 3008 kal.
781 2941 893 3007 Marcii
917 2960 945 3005 a.
970 2941 1080 3022 primo.

359 3133 391 3188 R.
404 3132 501 3203 Suppl.
520 3136 555 3188 2³
574 3131 621 3187 iol.
643 3128 694 3186 66¹.
718 3161 751 3172 -
776 3131 807 3185 ln
828 3146 912 3200 marg.
941 3129 1007 3185 eim:
1037 3131 1097 3199 ,Pro
1117 3146 1180 3201 rege
1203 3130 1404 3185 Romanorum‘.
1435 3132 1512 3187 Cani.
1542 3131 1617 3186 Mon.
1637 3131 1698 3186 Vel.
1723 3131 1736 3186 Ι

231 3237 272 3278 nr.
293 3227 367 3276 llll.

231 3503 295 3568 20.
321 3498 432 3566 Carclc
454 3499 522 3582 rapi
545 3502 760 3566 Romanorum
782 3498 972 3580 indulqetur,
995 3504 1029 3564 ut
1052 3501 1086 3563 iu
1109 3497 1219 3582 altari,
1243 3499 1277 3563 iu
1295 3517 1356 3581 quo
1378 3497 1531 3580 reliquiae
1551 3497 1734 3582 imperiales

224 3606 361 3688 fuerint,
383 3604 518 3687 sicopolis
540 3605 647 3671 dubus
671 3604 795 3670 Veneris
817 3624 882 3670 uma
906 3604 1057 3670 debeata
1079 3624 1168 3670 cruce
1190 3607 1220 3667 et
1248 3602 1284 3667 im
1299 3601 1532 3681 festivitatibus
1554 3603 1589 3667 im
1611 3600 1736 3685 sappla-

230 3711 351 3777 catiorre
379 3710 436 3777 sub
465 3731 513 3776 ur.
550 3713 591 3775 19
619 3710 791 3776 nominatis
820 3709 889 3775 alia
918 3711 1019 3774 missa
1046 3707 1223 3773 solenniter
1252 3706 1402 3771 colebari
1428 3707 1542 3788 possit.
1591 3704 1738 3787 „Sincere

522 3814 713 3880 rleoceicuiel
740 3812 916 3898 „Auiuicme
938 3813 1016 3879 IIII
1033 3812 1097 3878 bol.
1121 3811 1243 3877 Marcii
1265 3832 1295 3876 a.
1315 3811 1451 3894 primo“.

279 3969 369 4025 lx.
1158 3950 1318 4034 Aciuiore,
1342 3952 1427 4015 1353
1449 3949 1618 4016 Februarii
1638 3951 1690 4016 26.

359 4143 391 4198 R.
409 4145 460 4197 nv.
481 4148 529 4197 rac
547 4143 595 4197 sol.
616 4141 726 4210 1co‚lt.
744 4142 805 4197 Vas.
825 4146 875 4195 aas
894 4140 941 4196 rol.
961 4144 1030 4196 aar.

882 4355 1086 4364 —u——-..——.

231 4530 293 4597 21.
319 4523 431 4593 carolo
452 4527 519 4611 repi
541 4528 754 4592 Romanorum
775 4525 965 4609 iudulqetur,
987 4532 1022 4591 ut
1044 4528 1080 4591 im
1101 4527 1291 4591 monasterio
1316 4547 1341 4591 s.
1366 4524 1527 4592 Ambrosii
1548 4524 1583 4589 im
1606 4526 1735 4591 atraere

230 4631 387 4715 Progressi
406 4632 524 4696 missae
545 4630 713 4697 seeundum
734 4629 832 4695 ritum
854 4630 1098 4696 Ambrosianum
1120 4630 1182 4712 leqi
1203 4633 1233 4694 et
1254 4631 1390 4711 cantari,
1413 4629 1601 4713 abbatesque
1623 4630 1727 4713 ipsius

230 4735 415 4802 massera
436 4736 534 4801 mdra
555 4740 585 4799 et
608 4734 702 4800 amulo
725 4754 763 4799 ac
785 4733 895 4800 baculo
912 4733 1075 4817 pastorali
1101 4735 1237 4817 aliisque
1257 4734 1404 4816 iasiqniis
1422 4731 1661 4818 pontificalibus
1682 4735 1734 4799 ati

229 4839 356 4906 caleam
377 4843 434 4906 ete.
456 4844 491 4905 ut
512 4839 548 4905 iu
568 4839 797 4924 supplicatione
817 4839 875 4905 sub
897 4860 945 4905 ur.
969 4840 1021 4906 19.
1071 4840 1221 4921 „Eximio
1244 4839 1434 4905 decoctoris·
1464 4837 1637 4919 „Auiuioue
1661 4840 1739 4906 1111

777 4943 840 5010 ital.
864 4945 983 5010 Marcii
1005 4965 1036 5013 a.
1053 4944 1192 5028 primo“.

278 5102 341 5156 .c.
1150 5084 1313 5169 Aciuioue,
1337 5085 1422 5149 1353
1445 5083 1614 5150 Februarii
1635 5086 1689 5152 26.
1712 5168 1716 5177 Ι

361 5275 393 5329 lt.
413 5277 462 5328 ev.
483 5280 532 5328 ras
550 5273 597 5328 fol.
620 5283 684 5342 ras,
704 5276 734 5330 ll.
755 5277 816 5332 tat.
834 5280 885 5328 aas
903 5274 950 5328 fol.
969 5270 1037 5327 aaa‘.

882 5436 977 5444 ——-
1011 5435 1084 5443 -1--a
