3944 6060
229 504 294 571 226
829 498 900 549 Acta
916 494 1067 549 Innocentii
1086 495 1131 547 Vl.

230 713 302 776 nico
326 707 494 787 studentis,
520 703 690 786 specialem
707 703 846 783 graciam
868 700 1032 777 facientes,
1066 700 1105 764 de
1129 699 1297 765 scolastria
1325 697 1461 763 ecclesie
1484 697 1738 780 Bambergensis‚

231 832 293 895 que
318 812 456 894 dignitas
478 810 512 872 in
527 808 640 871 eadem
663 805 798 870 ecclesia
814 805 925 869 existit
928 851 1043 879 .....
1057 809 1217 868 vacante.
1238 857 1243 867 .
1263 851 1271 867 .
1291 852 1308 884 .,
1324 802 1428 867 eidem
1445 801 1617 866 Wilhelmo
1633 800 1738 883 digne·

231 917 308 982 mini
332 914 509 997 providere,
540 911 783 991 nonobstante,
808 909 892 989 quod
917 909 1001 972 idem
1026 908 1216 972 Wilhelmus
1236 907 1435 989 dignitatem,
1462 910 1669 989 personatum
1691 903 1740 969 vel

231 1018 368 1085 61161661
391 1017 425 1080 16
448 1015 534 1079 dicta
556 1013 694 1078 ecclesia
716 1013 909 1077 611616111616
932 1013 1111 1076 litterarum
1135 1017 1312 1076 vestrarum
1335 1016 1486 1092 expectat
1497 1009 1521 1091 ¹)
1544 1014 1580 1074 et
1602 1008 1687 1090 quod
1707 1007 1739 1072 in

232 1119 461 1203 Bambergeusi
492 1118 636 1200 predicta
666 1124 701 1180 et
731 1116 883 1198 Prageusi
915 1135 951 1179 ac
987 1114 1134 1179 Omnium
1170 1115 1355 1180 Sanctorum
1388 1115 1422 1178 in
1454 1119 1558 1179 castro
1589 1104 1740 1195 pragensi

233 1225 380 1292 ecclesiis
403 1222 607 1288 canonicatus
630 1221 754 1285 obtinet
777 1227 811 1283 et
834 1219 1023 1301 prebendas,
1047 1238 1117 1283 cnm
1141 1220 1213 1283 aliis
1237 1238 1298 1284 non
1322 1218 1522 1283 obstantibus
1546 1222 1579 1283 et
1592 1215 1743 1281 clausulis

234 1328 398 1412 oportunis
422 1334 455 1391 et
477 1325 710 1389 executoribus.

365 1432 438 1495 Fiat
461 1430 529 1508 Ge)

367 1537 448 1599 Item
473 1533 632 1614 supplicat
655 1532 758 1595 eidem
782 1529 821 1595 go
841 1530 904 1610 1111,
928 1536 1085 1610 quatenus
1109 1530 1169 1595 sibi
1192 1531 1405 1612 impersonam
1429 1530 1539 1595 dilecti
1561 1527 1681 1593 notarii
1696 1526 1744 1592 sui

237 1641 371 1721 Nicolay
401 1639 440 1702 de
473 1636 634 1701 Chremsir·
665 1635 836 1716 specialem
863 1634 1000 1715 graciam
1031 1633 1197 1710 facientes
1228 1634 1426 1716 dignitatem,
1459 1638 1665 1717 personatum
1695 1629 1745 1696 vel

236 1744 373 1809 officium
390 1762 460 1806 oum
484 1760 559 1805 cura
574 1739 626 1803 vel
639 1740 707 1803 siue
731 1758 815 1815 6616,
837 1739 876 1802 ad
893 1737 1097 1802 collationem
1117 1786 1123 1800 .
1144 1790 1150 1801 .
1172 1787 1177 1797 .
1198 1789 1204 1802 .
1224 1738 1453 1821 archiepiscopi
1466 1743 1501 1802 61
1511 1737 1645 1820 capituli
1670 1736 1744 1801 Pra-

237 1847 345 1931 geusis
357 1845 565 1911 communiter
577 1843 628 1907 vel
640 1842 765 1907 divisim
778 1842 951 1924 pertinent,
968 1841 1069 1904 eciam
1085 1841 1112 1905 si
1127 1841 1266 1923 dignitas
1281 1841 1353 1924 ipsa
1375 1841 1407 1904 in
1423 1841 1568 1923 predicta
1595 1840 1748 1924 [ecclesia

237 1947 409 2034 existatl),
419 1949 539 2029 siquod
551 1949 650 2012 eciam
663 1948 695 2010 111
709 1947 778 2028 ipsa
787 1945 923 2011 ecclesia
935 1946 1217 2027 vacatadpresens
1230 1945 1281 2008 vel
1290 1964 1359 2008 cum
1372 1945 1507 2022 vacabit,
1520 1943 1747 2010 conferendum

238 2055 301 2138 ipsi
323 2054 454 2119 Nicolao
484 2052 650 2116 donationi
682 2051 855 2132 apostolice
879 2049 1053 2130 dignemini
1076 2067 1251 2127 reservare,
1276 2068 1345 2112 cum
1369 2049 1601 2131 acceptacione,
1633 2046 1747 2113 inhibi-

238 2159 339 2239 cione,
364 2157 493 2220 decreto
517 2162 588 2235 etc,
612 2154 687 2237 [non
712 2155 870 2229 obstante]
896 2171 953 2217 seu
977 2153 1061 2233 qrrod
1084 2153 1168 2216 idem
1192 2153 1342 2218 Nicolnus
1365 2154 1399 2217 in
1422 2171 1447 2217 s.
1471 2152 1560 2218 Petri
1581 2154 1616 2217 in
1639 2153 1747 2217 Bruna

239 2260 460 2326 Olomuceusis
484 2259 562 2322 dioc.
586 2275 656 2319 cum
679 2257 899 2338 prehendant
922 2255 981 2340 [in]
1005 2257 1156 2338 Progensi
1180 2264 1214 2320 et
1236 2258 1269 2320 in
1293 2256 1496 2322 Olomucensi
1520 2257 1668 2322 ecclesiis
1690 2258 1749 2322 sub

240 2364 465 2446 expectatione
489 2360 650 2443 prebende
682 2360 894 2442 canonicatus,
929 2379 965 2423 ac
995 2361 1225 2442 parrochialem
1256 2363 1423 2427 ecclesiam
1457 2363 1489 2426 in
1514 2361 1640 2429 Gorlicz
1671 2361 1749 2427 Mis·

240 2469 349 2533 nensis
373 2467 453 2531 dioc.
477 2465 619 2530 noscitur
642 2465 795 2540 obtinere,
823 2484 892 2528 cum
917 2465 989 2529 aliis
1012 2484 1074 2530 non
1098 2466 1299 2531 obstantibus
1322 2474 1358 2530 ut
1381 2485 1484 2549 snpra.

371 2571 443 2634 Fiat
467 2570 503 2634 G.

372 2675 453 2738 ltem
477 2673 636 2755 supplicat
658 2673 762 2736 eidem
787 2670 826 2737 8¹¹
848 2673 909 2753 Vffi,
932 2680 1089 2753 quatenus
1112 2675 1231 2740 dilecto
1255 2674 1369 2739 clerico
1393 2692 1450 2738 666
1473 2679 1508 2738 61
1522 2674 1648 2740 custodi
1664 2674 1752 2757 sigil-

241 2782 342 2845 lorum
365 2779 501 2843 dohanni
526 2779 682 2859 quondam
705 2776 913 2842 Luthomosel
929 2778 968 2840 de
985 2777 1141 2858 dignitate
1154 2778 1205 2842 vol
1221 2784 1402 2859 personatu,
1420 2779 1460 2843 ad
1475 2779 1754 2861 presentacionem

243 2885 294 2948 vel
317 2883 528 2965 provisionem
553 2887 613 2945 etc.
638 2881 799 2945 abbatisse
823 2886 857 2945 et
891 2886 1066 2945 conventus
1089 2882 1275 2946 monasterii
1309 2882 1467 2947 Porteceli
1500 2883 1533 2947 in
1567 2882 1755 2948 Tusnauicz

243 2988 309 3052 ord.
334 2985 558 3050 Cistcroiensis
592 2983 812 3048 Olomuceusis
836 2985 915 3048 dioc.
939 2985 1147 3048 communiter
1169 2986 1221 3049 vel
1245 2986 1370 3049 divisim
1394 2992 1571 3068 spectante,
1599 2987 1702 3051 eciam
1725 2987 1753 3052 61

245 3090 384 3172 dignitas
400 3092 425 3170 c)
449 3089 633 3170 principalis
656 3088 784 3161 existat,
808 3088 837 3153 si
860 3094 953 3152 vacat
976 3090 1015 3152 ad
1038 3107 1171 3170 presens
1195 3090 1245 3153 vel
1269 3108 1337 3153 cum
1362 3092 1496 3173 vacabit,
1526 3090 1754 3157 conferendum

244 3195 306 3275 ipsi
327 3194 463 3258 Jobanui
488 3192 655 3256 donationi
678 3192 850 3274 apostolice
875 3193 1046 3273 dignemini
1069 3211 1245 3272 reservare,
1280 3214 1348 3258 cum
1372 3196 1604 3277 acceptacione,
1635 3195 1752 3261 inhibi-

245 3299 345 3379 cionc,
370 3298 498 3361 decreto
511 3301 579 3376 616,
610 3298 852 3377 nonobstante,
882 3297 966 3378 quod
996 3298 1029 3361 16
1060 3298 1197 3362 ecclesia
1227 3317 1252 3362 6.
1277 3299 1365 3363 Petri
1388 3299 1419 3364 in
1443 3301 1560 3364 Bruma
1569 3300 1597 3380 ἀ)
1626 3300 1757 3367 Olomu-

245 3403 350 3467 ceusis
373 3401 452 3465 dioc.
478 3400 696 3465 canonicatum
720 3401 844 3465 obtinet
866 3407 900 3465 et
922 3403 1116 3482 prebendam
1140 3408 1174 3466 et
1197 3403 1229 3466 111
1246 3404 1383 3467 66616616
1399 3403 1603 3469 Olomucensi
1627 3405 1754 3470 6666111-

246 3512 350 3571 661616
382 3507 440 3569 sub
471 3504 697 3586 expectacioue
727 3505 889 3586 prebende
920 3506 1111 3570 auctoritate
1149 3506 1329 3571 litterarum
1360 3513 1537 3573 vestrarum
1549 3505 1575 3584 ⁸)
1612 3509 1759 3574 noscitur

246 3612 400 3684 obtinere,
425 3628 495 3673 cum
526 3609 598 3673 aliis
628 3609 916 3673 nonobstantibus
947 3616 980 3673 et
1002 3610 1154 3673 clausulis
1185 3612 1349 3692 oportunis
1380 3630 1416 3674 ac
1435 3613 1671 3690 executoribus,
1706 3614 1759 3678 vel

247 3715 350 3779 eidem
374 3713 511 3778 Joharmi
543 3713 583 3776 de
607 3713 773 3794 dignitate,
796 3719 968 3793 personatu
992 3715 1044 3777 vel
1074 3713 1176 3778 alticio
1207 3734 1276 3778 cum
1308 3733 1383 3779 cura
1406 3716 1457 3779 vel
1480 3716 1550 3780 sine
1573 3734 1659 3796 cura,
1685 3735 1758 3800 spe·

248 3823 355 3883 ctante
380 3818 587 3882 communiter
602 3817 653 3881 vel
678 3817 802 3880 divisim
826 3818 866 3881 ad
883 3817 1098 3902 collacionem,
1123 3820 1395 3899 presentacioncm
1418 3821 1469 3885 vel
1485 3821 1679 3886 eleccionem
1696 3828 1758 3887 etc.

249 3922 391 4003 episcopi
414 3927 447 3984 61
471 3921 603 4002 capituli
627 3919 856 4002 Olomuceusis
887 3922 987 3985 eciam
1012 3924 1039 3985 61
1070 3923 1170 3987 616161
1199 3923 1231 3987 16
1256 3923 1433 3988 cathedrali
1456 3925 1584 4008 existat,
1614 3924 1643 3989 si
1666 3931 1761 3991 vacat

250 4027 301 4089 vel
325 4044 394 4088 oum
418 4025 552 4101 vacabit,
578 4024 750 4106 dignemini
773 4026 941 4104 providere
966 4046 1036 4090 cunr
1060 4027 1210 4091 clausulis
1234 4033 1397 4110 utsupra.

380 4128 575 4191 1161661661
600 4127 637 4190 de
663 4128 818 4209 dignitate
843 4129 880 4194 G.

382 4232 461 4294 ltcm
485 4231 644 4312 supplicat
665 4232 769 4296 eidem
792 4231 833 4296 Sti
851 4234 913 4315 Vre,
937 4239 1093 4314 quatenus
1116 4235 1177 4300 sibi
1200 4236 1232 4299 in
1256 4254 1422 4317 personam
1445 4236 1601 4301 lobannis
1617 4238 1762 4303 custodis

251 4335 464 4418 Eystetensis,
496 4335 603 4399 6161161
627 4340 661 4399 61
683 4336 800 4400 6616111
830 4337 880 4400 661
904 4337 1012 4402 dilecti
1036 4339 1206 4420 specialem
1230 4339 1367 4421 graciam
1389 4338 1555 4423 facientes,
1586 4341 1762 4425 11666116-

252 4441 348 4505 chiah
371 4439 534 4523 [ecclesia]
558 4458 583 4503 6.
600 4439 702 4505 116116
726 4440 857 4522 virginis
873 4442 1100 4524 Bambergensi
1118 4492 1126 4508 .
1146 4493 1153 4506 .
1174 4493 1181 4508 .
1201 4496 1208 4508 .
1232 4450 1364 4508 vacante
1367 4493 1483 4517 .....
1500 4444 1604 4509 eidem
1618 4445 1762 4510 dohanni

252 4544 425 4626 dignemini
448 4544 625 4626 providere,
647 4563 710 4608 non
733 4547 890 4624 obstante,
913 4547 997 4627 quod
1018 4546 1104 4611 idem
1126 4547 1289 4612 Johannes
1311 4548 1344 4612 in
1367 4548 1554 4630 Eystetensi
1577 4567 1648 4613 66111
1672 4549 1761 4615 Sma-

253 4648 399 4713 kaldeusi
432 4648 671 4731 6661611160111
704 4649 947 4732 Herbipolensis
977 4651 1055 4715 dioc.
1096 4652 1241 4716 ecclesiis
1272 4652 1476 4717 canonicatus
1511 4659 1546 4718 et
1578 4655 1762 4735 prebendas

254 4751 395 4815 noscitur·
418 4753 578 4826 obtinere;
603 4772 694 4833 qnam
718 4754 893 4819 custodiam
916 4761 1048 4836 paratus
1064 4761 1115 4820 est
1130 4756 1300 4830 dimittere,
1325 4758 1399 4821 dum
1422 4757 1658 4839 possessionem
1673 4759 1761 4841 paci·

254 4853 345 4919 licam
369 4856 454 4919 dicte
477 4857 683 4937 parrochialis
707 4859 842 4922 ecclesie
865 4858 963 4923 fuerit
986 4866 1163 4937 assecutus,
1198 4879 1268 4924 cum
1291 4860 1363 4924 61116
1393 4879 1456 4926 666
1479 4862 1692 4946 obstantibus,
1727 4870 1765 4929 ut

255 4976 352 5041 supra
374 4964 408 5023 et
430 4977 499 5023 cum
524 4960 744 5026 commissione
767 4962 921 5028 examinis
945 4968 982 5027 61
1004 4981 1110 5045 snpra.

386 5062 458 5126 Fiat
481 5060 544 5142 GJ)

387 5166 471 5231 Item
494 5167 652 5248 supplicat
674 5169 776 5233 eidem
812 5168 853 5233 ge
871 5170 935 5254 Vn,
970 5177 1127 5251 quatenns
1151 5171 1210 5236 sibi
1234 5171 1267 5234 in
1290 5189 1457 5253 personam
1480 5172 1591 5238 dilecti
1606 5174 1766 5257 capellani

256 5271 306 5334 sui
331 5270 496 5336 domestici
519 5272 739 5337 commensalis
762 5273 953 5338 Wuernheri
977 5273 1130 5339 Czeceras
1154 5275 1324 5356 specialem
1355 5277 1494 5357 graciam
1524 5276 1692 5359 facientes,
1723 5278 1764 5345 de

259 5372 447 5439 canonicatu
470 5373 607 5440 ecclesie
630 5373 892 5441 l'ratislauiensis
915 5395 984 5442 cum
1007 5378 1229 5443 reservacione
1252 5379 1414 5461 prebendo
1437 5380 1470 5444 in
1493 5399 1532 5446 ea
1546 5380 1692 5449 vacantis
1712 5380 1766 5449 vel
