3944 6060
232 407 297 474 386
828 403 899 456 neu
917 399 1073 456 Innocentii
1092 399 1138 454 Vl.

229 614 368 683 Prsgcnsi.
396 620 509 667 vocante
533 628 582 681 per
600 611 713 665 liberum
733 612 947 680 resignaciouem
965 610 1101 665 Johauuis
1120 610 1265 674 Pruusuik,
1289 609 1342 663 suit
1359 610 1496 680 provisum
1515 610 1568 664 Vll
1583 610 1640 663 kal.
1660 608 1741 664 Junii

231 720 254 755 o.
273 702 325 756 Vll
341 701 509 755 Theoderico
527 699 678 753 Dluhomill
698 699 826 767 (corriget
845 697 1039 765 ‚Dluhomilin
1069 696 1223 767 composuit
1247 696 1282 751 cd
1301 697 1416 750 mediam
1444 704 1549 766 partem
1568 698 1742 751 emolumen-

231 797 318 844 torum
344 789 425 842 uuius
445 788 516 854 anni,
536 786 694 841 solvendam
713 785 786 839 inira
812 786 911 839 festum
939 784 1057 839 omnium
1085 791 1241 839 sauctorum
1269 800 1341 838 suno
1368 783 1539 837 MCCCLX.“
1577 783 1642 851 (Ed.
1663 782 1741 853 apud

231 876 340 942 Kirsch,
359 879 486 929 Anuateu
506 875 518 927 I
540 891 600 943 pag.
620 882 652 928 os
672 891 711 927 nr.
731 880 784 932 211.
809 904 834 912 —
857 867 933 925 Cous.
954 889 997 924 ur.
1013 879 1073 925 951.

231 1189 321 1256 972.
346 1189 411 1251 Pro
436 1188 578 1253 Conrado
601 1188 718 1251 Stnner
740 1187 950 1270 supplicatur,
978 1190 1131 1271 qnatenus
1153 1188 1182 1250 ei
1200 1186 1358 1270 possessio
1380 1185 1619 1251 vicedomnatus
1642 1185 1741 1250 eccle-

231 1295 299 1357 siae
324 1293 528 1364 Carrinensis,
562 1293 707 1356 cocarvtis
733 1311 789 1372 „ec
811 1312 853 1370 eo,
889 1292 969 1375 qnod
992 1290 1147 1355 Decienns
1158 1293 1183 1370 ⁸)
1208 1291 1350 1356 Stormer
1371 1291 1501 1354 nltimns
1524 1291 1742 1354 vicedominus

232 1397 558 1462 dictivicedcconotns
580 1396 740 1461 eeclesiam
759 1395 997 1479 parrochialem
1018 1400 1163 1460 cnrutcrn
1185 1416 1212 1458 s.
1237 1396 1365 1459 Nicotci
1389 1397 1423 1458 in
1438 1395 1564 1459 civitate
1579 1394 1743 1474 Propemi

231 1507 260 1566 et
293 1503 360 1567 eins
389 1502 615 1583 possessionem
634 1500 804 1584 pacificam
827 1502 935 1564 existit
957 1502 1148 1582 asseentns“‚
1178 1498 1386 1580 confirmetur.
1420 1536 1460 1545 —
1502 1496 1596 1579 „liat
1619 1498 1660 1563 G.
1694 1499 1739 1562 D.

383 1607 468 1687 apud
498 1606 727 1670 Villamnoncm
751 1604 974 1669 Aninioncnsis
997 1605 1077 1670 dioc.
1109 1607 1168 1668 Vll
1189 1603 1251 1669 lcol.
1274 1603 1359 1671 Julii
1381 1623 1410 1667 a.
1434 1602 1594 1687 septimo.“

1027 1744 1123 1826 Apud
1153 1743 1391 1825 vlivcamnovam,
1414 1743 1500 1806 1359
1521 1738 1615 1803 Jnnii
1637 1741 1691 1804 25.

363 1935 395 1986 R.
414 1934 509 2003 Suppi
529 1941 562 1986 30
582 1933 628 1985 fol.
651 1936 715 1986 106¹.
739 1965 764 1971 -
789 1939 813 1998 ἃ)
832 1933 956 2000 corrige:
976 1934 1136 1997 ,Detleuus‘.

233 2268 323 2336 973.
349 2268 409 2330 Pro
433 2267 652 2348 infrascriptis
672 2265 817 2349 personis
840 2267 1050 2350 supplicatur,
1089 2270 1242 2347 qnatenus
1277 2265 1322 2328 eis
1345 2262 1486 2327 diversae
1517 2262 1646 2342 oratioe
1668 2281 1739 2325 con-

910 2370 1070 2436 cedantur.
1517 2382 1520 2387 ’

1032 2512 1128 2593 Apud
1160 2510 1393 2586 Villamnooam‚
1417 2507 1502 2573 1359
1525 2506 1620 2574 Jnnii
1641 2507 1694 2570 25.

368 2700 633 2765 Corrfirmaciones
657 2702 909 2765 Alamannorum.

363 2909 444 2973 Item
469 2910 672 2973 collusionem
697 2917 731 2974 et
746 2911 957 2991 provisionem
974 2912 1164 2975 auctoritate
1181 2911 1359 2974 litterarum
1376 2908 1620 2990 apostolicarum
1636 2906 1739 2971 iactas

233 3014 370 3078 iohanni
393 3015 527 3078 Bernici
551 3015 590 3077 de
614 3015 847 3096 Franlrynstein
862 3013 885 3094 ¹)
910 3017 1097 3097 presbytero
1122 3014 1395 3078 Wratislauiensis
1419 3014 1498 3077 dioc.
1523 3012 1562 3075 de
1580 3012 1739 3076 decanatu

233 3119 367 3183 ecclesie
384 3119 606 3199 Glagouiensis
630 3119 713 3183 dicte
737 3120 828 3197 dioc,
852 3126 984 3184 vacante
1008 3138 1065 3202 per
1088 3121 1206 3184 obitum
1230 3118 1385 3183 Joharuris
1409 3118 1448 3180 de
1466 3116 1617 3181 Ozernico
1634 3115 1739 3180 ultimi

126 3264 130 3273 ι
233 3224 343 3287 decani
356 3223 498 3286 eiusdem
512 3230 602 3285 extra
615 3225 785 3287 Romanam
802 3224 920 3287 curiam
943 3224 1092 3302 defuncti,
1116 3225 1167 3305 qui
1192 3225 1330 3305 dignitas
1354 3222 1472 3300 existit,
1498 3227 1532 3284 et
1548 3220 1638 3285 cuius
1655 3219 1739 3286 fruc·

232 3332 284 3391 tus
307 3333 366 3391 etc.
402 3325 458 3391 XL
480 3329 676 3391 marcharum
713 3328 835 3409 argenti
870 3330 1041 3393 secuudum
1066 3329 1263 3393 taraciouom
1288 3327 1409 3391 decime
1433 3326 1572 3389 valorem
1599 3344 1739 3390 annuum

233 3451 293 3495 noir
319 3432 485 3512 excedunt,
520 3450 555 3494 ac
587 3432 802 3497 induccioncm
834 3434 865 3496 in
898 3434 1091 3514 corporalem
1131 3433 1363 3514 possessionem
1395 3431 1537 3494 eiusdem
1568 3436 1602 3494 et
1633 3431 1740 3495 omnia

234 3535 307 3598 inde
332 3541 442 3598 secuta
466 3535 637 3616 dignemini
661 3537 752 3601 inodo
777 3538 871 3601 simili
895 3537 1079 3602 confirmare
1103 3538 1152 3601 vel
1183 3539 1244 3601 sini
1274 3538 1313 3600 de
1338 3537 1422 3600 dicto
1451 3536 1616 3615 decanatu,
1642 3552 1736 3615 quern

233 3658 291 3721 per
314 3640 477 3703 dimidium
501 3659 616 3703 annum
650 3647 684 3703 et
706 3642 791 3705 ultra
813 3643 918 3706 tenuit
947 3648 980 3706 et
1003 3643 1155 3724 possedit,
1179 3648 1273 3723 prout
1296 3641 1398 3704 adlruc
1422 3645 1511 3704 tenet
1534 3645 1568 3702 et
1591 3639 1740 3720 possidet

233 3744 363 3825 pacifice
387 3750 421 3807 et
444 3744 560 3825 quiete,
592 3746 691 3808 eciam
716 3745 743 3809 si
767 3745 864 3810 luerit
888 3753 1081 3828 reservatus
1113 3748 1152 3810 de
1176 3766 1256 3811 novo
1291 3746 1467 3828 providere,
1505 3763 1574 3808 cum
1597 3762 1661 3809 nou
1684 3746 1738 3809 ob·

233 3849 396 3913 stantibus
419 3855 453 3912 ct
476 3849 626 3912 clausulis
651 3851 824 3931 oportunis.
840 3850 864 3932 ²)

363 3953 442 4016 Item
466 3972 536 4017 cum
561 3954 678 4018 dudum
700 3956 894 4019 Benedictus
926 3957 965 4021 de
989 3955 1123 4020 Sdanicz
1148 3956 1280 4019 clericus
1304 3955 1473 4036 Prageusis
1497 3955 1575 4018 dioc.
1600 3954 1740 4018 auctori·

233 4064 300 4122 tate
324 4058 488 4121 literarum
511 4064 687 4122 vestrarum
719 4060 779 4123 sibi
803 4061 835 4123 iu
859 4062 1013 4125 communi
1045 4060 1145 4124 forma
1168 4079 1342 4143 pauperum
1366 4077 1586 4124 concessarum
1610 4063 1646 4122 et
1668 4076 1740 4140 pro·

233 4181 378 4226 cessuvun
402 4163 476 4226 inde
508 4168 686 4227 secutorum
718 4166 885 4228 ecclesiam
909 4166 1138 4247 parrochialem
1172 4167 1205 4229 iu
1228 4166 1349 4230 Melina
1371 4165 1455 4229 dicte
1480 4163 1558 4227 dioc.
1584 4168 1662 4228 tunc
1685 4182 1740 4227 va·

232 4272 356 4330 carnem
392 4268 606 4348 acceptaverit
636 4273 669 4332 et
692 4268 751 4333 sibi
782 4270 822 4333 de
846 4288 884 4333 ea
908 4269 1082 4334 obtinuerit
1112 4270 1282 4351 provideri,
1307 4275 1341 4333 et
1364 4269 1491 4332 tandem
1526 4267 1740 4350 interipsum

234 4372 443 4435 Benedictum
468 4389 506 4434 ex
531 4391 592 4435 uua
616 4379 706 4454 parte
731 4379 764 4437 et
787 4376 933 4439 abbatem
957 4381 991 4439 et
1014 4380 1202 4440 conventum
1226 4374 1411 4439 monasterii
1435 4372 1632 4458 Sedlicensis
1657 4374 1741 4438 ordi·

233 4476 282 4538 nis
307 4476 530 4539 cisterciensis
554 4477 637 4540 dicte
662 4477 742 4542 dioc.
766 4497 802 4542 ac
833 4480 989 4560 quondam
1020 4479 1190 4543 Heuricum
1224 4479 1342 4543 dictum
1366 4478 1499 4560 Leporis
1533 4477 1742 4558 superdicta

233 4580 370 4642 ecclesia
394 4598 433 4643 ex
457 4581 520 4644 alia
536 4582 567 4644 in
581 4583 703 4663 palacio
728 4584 901 4664 apostolico
925 4585 1059 4648 materia
1083 4584 1259 4664 questionis
1283 4584 1422 4665 suborta,
1447 4600 1502 4665 pro
1526 4598 1561 4647 sc
1577 4581 1610 4645 in
1627 4581 1739 4647 huius·

232 4683 316 4746 modi
340 4702 436 4747 causa
459 4687 654 4748 sentenciam
680 4686 888 4770 diffinitivam,
924 4706 985 4768 que
1016 4689 1104 4751 nulla
1135 4688 1349 4769 appellatione
1363 4686 1388 4768 ³)
1413 4687 1556 4769 legitima
1579 4703 1741 4768 suspense

232 4786 354 4850 iurem
379 4788 527 4852 transivit
557 4790 738 4869 iudicatam,
773 4793 995 4873 reportaverit,
1031 4811 1067 4856 ac
1099 4793 1297 4875 postmodum
1322 4810 1418 4874 super
1440 4791 1628 4855 executione
1654 4792 1740 4858 dicte

232 4892 395 4955 sentencie
427 4898 460 4956 et
492 4910 588 4975 super
611 4896 770 4959 nonnullis
804 4897 929 4961 iniuriis
961 4902 1030 4961 orta
1060 4897 1145 4962 iuter
1175 4903 1283 4979 parics
1313 4898 1474 4979 predictas
1496 4895 1632 4959 materia
1657 4914 1741 4962 nova

233 4996 409 5074 questionis
433 5016 536 5061 coram
561 5005 648 5063 certo
672 5000 750 5063 dicti
773 5002 888 5082 palacii
912 5003 1068 5083 auditore,
1102 5020 1194 5082 quam
1218 5002 1343 5066 eteius
1367 5008 1484 5066 statum
1508 5019 1545 5064 ac
1568 5018 1741 5082 processus

234 5117 342 5163 omnes
366 5100 451 5166 iuter
485 5103 587 5168 dictas
610 5111 718 5186 partes
753 5111 817 5169 tarn
842 5124 937 5188 super
972 5107 1057 5170 dicta
1080 5107 1214 5172 ecclesia
1245 5113 1279 5171 et
1309 5108 1378 5172 eius
1402 5106 1566 5171 occasione
1590 5122 1685 5186 quam
1708 5113 1743 5171 et

233 5207 425 5286 superaliis
451 5207 577 5290 inipso
610 5210 731 5290 palacio
765 5210 1026 5292 qualitercunque
1056 5210 1156 5276 factos
1180 5212 1231 5276 hic
1254 5211 1371 5276 habere
1396 5209 1568 5293 dignemini
1604 5229 1664 5292 pro
1687 5229 1742 5276 ex·

234 5310 365 5389 pressis,
389 5311 495 5375 dictus
519 5312 676 5377 chricus
699 5314 797 5378 suerit
820 5315 887 5379 vita
910 5313 1026 5398 linitus,
1051 5315 1210 5397 supplicat
1232 5316 1315 5380 idem
1341 5315 1542 5396 Benedictus,
1576 5313 1647 5377 sine
1670 5333 1743 5398 pre·
