4312 6202
781 522 845 570 sess
866 515 1075 584 111111118-
1094 515 1199 585 Aprilis
1218 519 1259 570 oo.

400 727 472 791 Fiat
496 725 532 791 G.
557 725 633 790 Sine
657 727 720 790 alia
742 726 892 792 lectione.
918 726 991 792 Fiat
1015 725 1051 792 G.

398 833 437 896 D.
462 831 619 897 duinione
653 831 685 895 ΙΙ
707 830 773 898 kal.
797 831 875 897 Maii
899 851 926 896 a.
950 849 1044 896 nono.

398 1019 429 1074 R
449 1020 546 1090 Suppl.
574 1027 606 1075 32
625 1020 673 1076 fol.
692 1019 744 1075 4⁷⁴.
782 1051 808 1062 -
844 1021 874 1076 ln
894 1036 977 1091 marg.
997 1020 1085 1076 dext:
1112 1022 1173 1089 ‚Pro
1191 1024 1316 1076 camera!
1344 1051 1376 1062 -
1401 1027 1427 1087 ⁸)
1446 1021 1602 1076 Correctum
1621 1037 1667 1076 ex:
1699 1020 1768 1096 ‚Ole-

272 1109 343 1162 mus‘
361 1105 457 1178 Suppl.

267 1441 386 1508 1197.
411 1437 544 1506 Carolus
567 1443 782 1506 Romanorum
805 1441 977 1525 imperator
999 1445 1028 1508 ol
1051 1441 1222 1507 Bolsemioe
1244 1461 1302 1507 rec
1323 1441 1494 1528 supplicat,
1518 1446 1672 1524 pamas
1686 1444 1771 1523 suu·
1902 1536 1905 1542 Ι

265 1543 353 1611 dolio
375 1549 405 1610 el
427 1545 615 1611 eorulrcclio
637 1545 747 1610 domus
762 1548 912 1627 srulmm
932 1565 1094 1611 seruorum
1122 1567 1149 1612 s·
1172 1546 1302 1614 Mariae
1322 1547 1358 1614 iu
1388 1546 1489 1612 Viridi
1511 1546 1636 1614 ordinis
1657 1568 1681 1612 s.
1703 1545 1768 1610 Aa·

265 1648 388 1733 postici
411 1649 444 1714 iu
467 1648 594 1716 ciuitate
616 1649 774 1731 Prooeasi
797 1649 998 1733 conflaretur
1018 1655 1049 1716 ct
1062 1650 1267 1718 uelocibus
1287 1651 1449 1719 adoriam
1471 1652 1609 1718 elusam
1631 1651 1695 1718 loci
1714 1669 1769 1717 seu

524 1752 704 1836 legentibus
726 1752 852 1836 aliquid
874 1754 955 1820 dicto
977 1755 1041 1822 loco
1062 1755 1278 1838 indulgentiae
1299 1756 1517 1822 couoedoalur.

1228 1891 1392 1970 Aulaioue,
1415 1895 1498 1961 1361
1524 1893 1649 1977 Aprilis
1670 1897 1724 1961 30.

394 2084 560 2167 Supplicat
594 2083 635 2150 gu
663 2086 719 2152 V¹⁶
741 2084 877 2150 devotus
907 2085 991 2150 filius
1014 2091 1121 2151 vester
1145 2085 1277 2152 Carolus
1300 2087 1512 2151 Romanorum
1535 2087 1769 2170 imperaturae

265 2188 395 2254 Boemie
420 2207 484 2270 rex,
518 2195 674 2270 quatenus
708 2188 930 2254 fundationem
963 2195 998 2254 et
1020 2191 1292 2256 constructionem
1326 2191 1437 2256 domus
1469 2209 1526 2256 seu
1549 2191 1611 2256 loci
1634 2190 1767 2256 fratrum

265 2311 429 2358 servornm
463 2311 488 2358 s.
513 2293 614 2360 blarie
637 2294 669 2359 in
693 2293 834 2375 Viridi¹)
870 2294 990 2360 ordinis
1014 2312 1038 2359 s.
1064 2296 1234 2377 Augustini
1257 2295 1290 2360 in
1314 2295 1444 2360 civitate
1470 2296 1622 2377 Progensi
1644 2297 1770 2362 noviter

263 2398 378 2462 laetam
402 2398 575 2481 dignemini
598 2418 637 2465 ex
662 2405 749 2466 certa
772 2399 909 2464 sciencia
932 2398 1117 2465 confirmare
1140 2406 1175 2465 et
1198 2400 1237 2464 de
1261 2399 1406 2465 ulteriori
1437 2401 1519 2465 dono
1543 2401 1648 2482 gracie
1672 2401 1768 2465 onini-

265 2503 323 2566 bns
347 2501 551 2568 visitantibus
574 2502 743 2568 ecclesiam
766 2503 845 2568 dicti
868 2504 930 2569 loci
953 2509 988 2568 et
1009 2503 1127 2570 ibidem
1159 2505 1229 2587 pias
1262 2504 1453 2570 elemosinas
1476 2505 1713 2588 porrigentibus
1735 2504 1768 2569 in

264 2604 356 2670 festis
380 2608 408 2672 b.
431 2607 533 2672 Mario
556 2613 591 2672 et
613 2608 646 2672 in
669 2607 814 2673 omnibus
838 2608 950 2674 diebus
974 2609 1099 2674 sabbati
1128 2609 1212 2674 iufra
1235 2609 1509 2691 quadragesimam
1540 2615 1574 2674 et
1596 2609 1768 2674 adventum

265 2709 382 2776 domini
405 2729 463 2775 nec
487 2711 706 2777 nonomnibus
729 2712 851 2794 aliquid
873 2712 1054 2795 legentibus
1078 2714 1162 2780 dioto
1186 2713 1254 2780 loco
1278 2717 1335 2778 aut
1355 2713 1473 2779 ibidem
1489 2713 1767 2794 intersecantibus,

265 2816 389 2895 quando
412 2814 629 2897 predicabitur
651 2818 780 2882 verbum
804 2817 866 2902 dei,
891 2816 1013 2898 aliquos
1037 2817 1148 2900 plenas
1170 2817 1389 2902 indulgentias
1420 2817 1549 2900 elargiri
1583 2835 1652 2882 cum
1683 2817 1767 2882 clau-

266 2919 344 2985 sulis
367 2922 541 3004 oportunis.

393 3043 592 3108 Exhibeatur
621 3043 654 3108 in
677 3042 878 3123 cancellaria,
912 3049 946 3109 et
976 3043 1003 3110 si
1032 3044 1225 3112 rationabile
1256 3043 1363 3128 luerit,
1395 3043 1606 3112 confirmetur.
1631 3043 1704 3110 Fiat
1728 3043 1765 3109 G.

265 3143 340 3211 Sine
364 3147 427 3212 elia
448 3147 602 3212 lectione.
625 3147 699 3213 Fiet
722 3147 758 3214 G.

392 3271 431 3334 D.
456 3268 613 3335 Auinione
637 3270 668 3335 11
690 3270 754 3336 lral.
780 3269 857 3335 Maii
881 3290 908 3335 a.
933 3290 1026 3336 nono.

393 3459 424 3512 R.
444 3458 540 3528 Suppl.
559 3464 592 3514 32
611 3458 658 3515 fol.
678 3454 730 3513 4⁷⁴.
753 3490 778 3499 -
802 3462 824 3526 ¹)
844 3459 920 3515 conl.
940 3459 1035 3529 111111,
1053 3461 1193 3516 Pocritnt
1209 3464 1292 3516 misto
1309 3460 1399 3530 Prahy
1418 3461 1444 3514 11
1462 3477 1524 3530 pag.
1543 3465 1603 3514 111.

267 3842 382 3909 1198.
405 3841 503 3908 Aaou
526 3845 740 3908 Romanorum
777 3844 968 3928 imperatrix
1000 3843 1168 3927 supplicat,
1202 3851 1359 3929 qautenus
1392 3843 1455 3910 silri
1483 3850 1511 3910 el
1545 3844 1765 3926 infrascriptis

657 3948 803 4031 personis
832 3949 977 4014 diuersae
996 3949 1124 4033 gratius
1145 3951 1363 4016 acceduntur.

1224 4088 1388 4170 avinione,
1411 4090 1493 4154 1361
1521 4086 1646 4173 Aprilis
1667 4089 1720 4155 30.

395 4277 560 4361 Supplicat
583 4277 623 4342 S*¹
641 4277 701 4342 Vre
726 4279 842 4344 devota
865 4278 931 4345 lilia
952 4288 1061 4347 vestra
1085 4281 1176 4346 Anna
1199 4281 1411 4346 Romanorum
1434 4280 1620 4362 imperatrix
1655 4334 1661 4346 .
1697 4330 1705 4345 .
1740 4334 1748 4351 .

393 4487 473 4552 ltem
508 4488 667 4570 supplicat
703 4487 789 4552 dicta
822 4488 1017 4572 imperatrix,
1050 4496 1207 4572 quatenus
1242 4490 1302 4556 sibi
1334 4491 1366 4555 in
1390 4509 1558 4573 personam
1581 4491 1691 4556 dilecti
1715 4492 1764 4556 sui

265 4591 422 4674 capellani
445 4590 619 4657 Hermanni
643 4592 754 4657 decani
777 4595 912 4659 ecclesie
937 4615 960 4660 s.
984 4595 1116 4660 Martini
1139 4595 1173 4660 in
1196 4593 1374 4678 Vorchaym
1405 4596 1651 4676 Bambergeusis
1674 4595 1764 4676 dioc,

264 4697 445 4779 peripsam
469 4697 702 4778 imperatricem
727 4696 765 4760 ad
790 4697 987 4779 presenciam
1011 4697 1066 4763 8²¹⁸
1090 4697 1145 4763 pre
1175 4717 1245 4762 cum
1267 4699 1386 4764 litteris
1417 4700 1457 4763 de
1479 4699 1683 4779 nativitate·)
1707 4699 1763 4764 lilii

265 4800 314 4864 sui
337 4800 579 4881 presencialiter
601 4801 765 4883 destinati,
789 4801 927 4883 graciam
942 4800 1099 4869 facientes
1122 4802 1303 4887 specialem,
1320 4805 1361 4869 de
1377 4802 1531 4870 beneficio
1546 4804 1763 4869 ecclesiastico

265 4922 334 4968 cum
357 4923 433 4969 cura
455 4905 505 4970 vel
528 4905 598 4970 sine
629 4925 712 4988 curo„
747 4910 914 4987 spectante
948 4906 989 4971 ad
1012 4907 1216 4973 collusionem
1250 4914 1310 4972 etc.
1344 4907 1486 4991 episcopi
1509 4908 1762 4990 Bambergensis,

265 5008 292 5072 si
315 5008 398 5101 quod
420 5015 513 5074 vacat
536 5010 576 5074 ad
598 5027 731 5092 presens
753 5009 805 5074 vel
828 5010 1057 5092 quamprimum
1081 5012 1251 5094 vacaverit
1285 5012 1457 5094 dignemini
1480 5012 1658 5095 providere,
1693 5033 1762 5078 cum

265 5113 485 5180 reservatione
508 5119 586 5197 etc.;
616 5133 677 5180 non
702 5115 859 5197 obstante,
890 5115 974 5195 quod
997 5116 1185 5181 decanatum
1209 5135 1244 5180 ae
1268 5117 1484 5183 canonicatum
1508 5122 1542 5180 et
1571 5117 1762 5198 prebendam

265 5214 297 5280 in
321 5217 407 5282 dicta
439 5219 575 5283 ecclesia
609 5237 632 5283 s.
668 5219 799 5284 Martini
831 5219 963 5302 obtinet,
998 5239 1091 5302 quem
1126 5222 1314 5285 decanatum
1338 5225 1469 5302 paratus
1503 5226 1554 5284 est
1588 5220 1761 5296 dimittere,

265 5320 491 5404 quamprimum
515 5323 749 5404 possessionem
773 5329 834 5390 etc.
860 5342 929 5387 cum
953 5323 1103 5388 clausulis
1127 5325 1302 5407 oportunis.
