3944 6060
238 427 281 490 42
839 430 908 481 Acts
928 426 1080 483 Innocentii
1100 427 1147 483 Vl

239 634 341 704 bende
372 633 450 698 inibi
480 634 622 698 vaowtis
644 635 695 698 vol
718 641 877 715 vacaturo,
908 636 949 700 acl
975 636 1178 700 collacioacm
1209 643 1271 701 cic.
1302 638 1445 721 episcopi
1468 639 1749 709 Wratislauicnsis

240 738 423 820 spectantis,
453 756 511 802 nec
535 757 597 803 non
620 758 688 802 cum
712 740 943 821 accepiacione,
973 740 1175 822 inhibicione,
1207 742 1336 807 decreto
1359 748 1393 806 ci
1415 743 1560 810 clausula
1583 746 1749 830 anteferri,

239 861 300 907 non
324 844 481 925 obstante,
514 845 597 924 quod
620 843 838 908 canonicatum
862 845 919 908 sub
943 845 1169 926 expectacioae
1193 847 1354 927 prebende
1377 846 1410 910 in
1433 849 1572 914 ccclesia
1594 850 1748 934 Glogoui·

239 947 308 1010 cusi
335 947 607 1011 Wratislauiensis
631 947 710 1012 dioc.
735 948 877 1012 noscitur
900 948 1054 1026 obtinere,
1078 955 1113 1014 et
1142 969 1210 1014 cum
1242 951 1359 1015 ceteris
1390 970 1452 1016 nou
1482 954 1687 1021 obstantibus
1713 963 1749 1022 et

238 1052 389 1117 clausulis
413 1052 578 1135 oportunis
601 1071 638 1116 ac
660 1052 893 1117 executoribus.

367 1157 441 1221 ilat
463 1156 501 1222 G.
524 1157 568 1221 Et
591 1157 674 1237 quod
697 1162 842 1221 transeat
864 1157 932 1221 siue
950 1157 1012 1220 alia
1027 1157 1178 1222 lecciouc.
1203 1156 1275 1221 Fiat
1291 1157 1328 1223 G.
1352 1158 1391 1224 D.
1408 1160 1492 1241 apud
1509 1159 1744 1227 Villamnouam

237 1260 463 1325 Auinionensis
486 1261 565 1324 dioc.
591 1260 623 1324 Il
645 1261 688 1326 id.
712 1260 802 1325 lunii
825 1280 853 1324 a.
877 1260 987 1342 primo.

368 1450 400 1504 R.
418 1448 515 1518 Suppl.
534 1455 566 1501 33
586 1447 622 1501 lol
655 1453 711 1501 139.

239 1747 302 1814 97.
328 1745 481 1828 Episcopo
505 1744 681 1809 Lubucensi
702 1744 885 1823 mandatur,
915 1748 1070 1826 quatenus
1099 1744 1243 1811 Jolranni
1272 1749 1348 1810 nato
1372 1746 1462 1810 Petri
1484 1744 1684 1830 Brunouis⁸l
1708 1749 1746 1814 de

237 1852 424 1915 canonicatu
447 1850 592 1914 ecclcsiae
612 1848 872 1913 Vratislauicnsis
895 1848 952 1912 sub
967 1850 1179 1930 expectatione
1189 1849 1391 1932 praebendae
1401 1851 1568 1933 prouideri
1584 1858 1746 1936 procuret,

237 1975 297 2019 non
333 1953 528 2017 obstantibus
555 1956 591 2016 ut
620 1955 655 2016 in
683 1951 912 2034 supplicatione
942 1951 999 2016 sub
1031 1975 1077 2016 nr.
1100 1955 1152 2017 96.
1186 1955 1349 2035 „Dipnum
1379 1955 1595 2021 arbitramur“
1626 1957 1744 2041 „Apud

233 2117 236 2125 .
486 2057 716 2122 Villamnouam
738 2054 960 2122 Auinionensis
983 2056 1059 2122 dioc.
1083 2059 1119 2121 ΙΙ
1138 2056 1181 2121 id.
1205 2059 1299 2126 Junii
1322 2079 1352 2124 a.
1371 2057 1507 2142 prima*

286 2147 354 2283 ζ.
1032 2213 1129 2296 Apud
1160 2212 1396 2298 Villamnouam,
1419 2215 1506 2280 1353
1528 2214 1625 2284 Junii
1648 2217 1700 2282 12.

367 2402 397 2456 R.
422 2405 472 2456 Ar.
500 2410 547 2458 134
571 2403 619 2457 iol.
642 2407 701 2470 292,
726 2402 759 2456 ll.
776 2403 839 2457 Vat.
864 2407 915 2454 223
933 2400 981 2455 fol.
1010 2405 1074 2454 197.
1099 2431 1131 2441 -
1150 2402 1215 2472 Reg.
1243 2402 1272 2455 in
1290 2402 1388 2457 ZVGA
1406 2402 1561 2458 Schlesicns
1581 2403 1660 2460 XXV
1679 2420 1743 2476 pag.

235 2495 293 2544 239.
312 2519 345 2529 -
360 2496 384 2552 ⁸)
402 2490 545 2552 ‚iohannis
563 2490 622 2543 nati
640 2489 665 2543 d.
679 2489 697 2543 1.
716 2488 852 2544 Johanuis
870 2486 927 2542 uati
940 2487 965 2541 d.
982 2487 1000 2540 t.
1015 2487 1086 2542 Petri
1105 2487 1250 2543 Brauonis‘
1274 2489 1327 2555 Aa,
1346 2488 1491 2552 ,iohannis
1509 2490 1568 2545 nati
1587 2490 1613 2545 d.
1632 2490 1651 2545 l.
1665 2491 1741 2546 Petri

236 2577 381 2632 Brunonis‘
403 2577 462 2631 Vnt.

234 2874 297 2941 98.
324 2873 455 2939 Carolus
487 2876 697 2938 Romanorum
719 2878 749 2936 et
775 2873 941 2938 Bobemiae
969 2895 1026 2937 rec
1049 2871 1218 2954 supplicat,
1242 2873 1396 2952 quatenus
1424 2891 1495 2936 cum
1524 2871 1673 2939 Jobanne
1704 2875 1743 2939 dc

237 2979 440 3060 Liclrtenberp
450 2979 596 3042 canonim
608 2976 829 3056 Arpentineusi
843 2976 1039 3058 dispensetur
1053 2997 1148 3058 super
1161 2973 1374 3039 inhabilitatis
1389 2974 1527 3053 macula,
1543 2995 1640 3057 quam
1650 2980 1742 3043 eoin·

235 3089 389 3166 currerat,
411 3082 493 3165 quod
508 3084 542 3146 in
557 3081 683 3145 seruitio
705 3081 783 3145 dicti
803 3080 887 3161 repis
905 3086 1073 3164 occupatus
1088 3079 1238 3144 hactenns
1254 3079 1443 3145 conditiones
1458 3081 1492 3143 in
1507 3080 1745 3163 dispensatione

236 3185 405 3252 Clementis
422 3208 534 3270 papae
558 3186 601 3250 l⁷l
615 3188 775 3249 contentas
790 3204 851 3249 non
866 3185 1005 3268 impleuit
1015 3186 1039 3265 ¹)
1062 3189 1092 3249 et
1106 3183 1187 3266 quod
1202 3182 1299 3247 etiam
1308 3183 1569 3267 praeposituram
1591 3185 1744 3251 eccksiae

234 3292 483 3373 Arpentinensis,
512 3311 594 3372 puae
623 3289 820 3372 dispositioni
849 3287 933 3354 sedis
970 3288 1158 3373 apostolicae
1193 3293 1239 3352 est
1276 3292 1447 3371 reseruata,
1481 3310 1541 3372 per
1563 3289 1744 3355 electionem

235 3396 367 3479 adeptus
379 3400 433 3461 est.
463 3396 542 3458 Item
555 3392 725 3477 supplicat,
741 3397 894 3474 quatenus
907 3392 1006 3457 eidem
1017 3392 1159 3459 Jolianni
1171 3391 1208 3455 de
1225 3392 1454 3474 praepositura
1475 3391 1646 3475 praedicta
1664 3413 1742 3475 pro-

233 3501 386 3565 uidentur.
413 3501 515 3582 „liat
542 3499 579 3564 θ.
605 3499 647 3562 Et
670 3498 750 3576 quod
773 3501 918 3562 transeat
939 3498 1007 3562 sine
1024 3496 1092 3561 alia
1107 3497 1246 3562 leccionc.
1271 3495 1347 3559 Fiat
1362 3499 1392 3559 et
1406 3495 1591 3560 cornittatur
1607 3516 1744 3563 eramen

352 3605 390 3669 G.
416 3605 456 3670 D.
481 3602 569 3688 apud
599 3601 829 3666 Villamnouam
853 3600 1075 3666 Aninionensis
1098 3601 1174 3666 dioc.
1199 3600 1238 3664 II
1256 3599 1298 3663 id.
1322 3600 1417 3666 Junii
1439 3622 1470 3664 a.
1488 3601 1624 3684 prima*

1030 3738 1124 3820 Apud
1154 3737 1393 3815 Villamnouam,
1417 3739 1500 3803 1353
1523 3737 1620 3804 Junii
1641 3741 1696 3807 12.

364 3929 395 3983 R.
414 3928 510 3999 Suppl.
528 3935 562 3983 33
582 3928 628 3982 tol.
647 3933 707 3982 304.
728 3958 759 3968 -
780 3929 798 3992 ¹)
817 3927 894 3982 Cani.
914 3929 988 3982 Mon.
1005 3927 1065 3980 Vnt
1087 3925 1100 3979 1
1118 3942 1158 3980 nr.
1177 3932 1228 3980 934
1246 3934 1273 3980 et
1291 3930 1349 3980 935.

233 4313 295 4380 99.
320 4315 448 4378 Decano
472 4311 617 4375 ecclesiae
642 4310 790 4376 Omnium
813 4310 1000 4375 Sanctorum
1022 4309 1056 4374 in
1078 4315 1181 4374 castro
1198 4311 1355 4391 Prapensi
1375 4309 1559 4390 mandatur,
1583 4315 1741 4393 quatenus

234 4417 394 4482 Pr'ibislao
423 4418 461 4481 de
492 4415 641 4493 Latmos)
672 4416 893 4480 archidiacono
924 4415 1093 4496 licitumst,
1127 4414 1289 4496 capellano
1326 4412 1432 4480 Caroli
1463 4415 1677 4480 &mononem
1709 4420 1742 4481 et

232 4522 403 4587 Bobemiae
424 4523 517 4604 repis,
541 4522 579 4585 de
602 4521 789 4585 canonicatu
810 4518 956 4584 ecclesiae
983 4519 1157 4600 Propensis
1171 4517 1227 4581 sub
1240 4519 1452 4601 expectatione
1465 4508 1667 4602 praebendae
1695 4521 1741 4586 ad

231 4627 492 4709 supplicationem
515 4625 652 4690 ciusdem
674 4624 757 4708 repis
777 4623 938 4705 prouideri
956 4627 1112 4705 procuret,
1140 4621 1428 4707 nonobstantibus,
1465 4622 1548 4704 quod
1569 4623 1605 4687 in
1627 4623 1740 4689 eadem

232 4731 361 4795 ecclesia
387 4734 587 4815 „perpetuum
610 4729 788 4811 beneficium
811 4727 947 4791 mediam
966 4726 1182 4810 praebendam
1206 4730 1437 4810 nuncupatum“
1463 4730 1518 4792 etc.
1549 4730 1585 4790 ut
1606 4728 1642 4792 in
1662 4748 1739 4813 sup·

228 4834 401 4916 plicatione
423 4835 479 4900 sub
503 4858 548 4899 nr.
572 4839 615 4900 82
638 4834 763 4898 obtinet.
813 4833 973 4914 „Dipnum
1004 4830 1217 4896 arbitramur“
1258 4830 1373 4913 „Apud
1403 4827 1635 4896 Villamnouam
1658 4832 1738 4899 Aui-

662 4937 819 5002 nionensis
842 4935 919 5000 dioc.
945 4936 988 5002 id.
1011 4937 1105 5003 Junii
1126 4958 1157 5000 a.
1176 4937 1312 5018 primo“.
1368 4962 1370 4967 ·

301 5028 329 5195 ξ
1029 5075 1125 5155 Apud
1154 5073 1393 5157 Villamnouam,
1417 5076 1502 5140 1353
1523 5075 1618 5141 Junii
1643 5078 1693 5141 13.

360 5266 392 5321 R.
410 5270 459 5320 lv.
486 5271 535 5321 134
560 5265 607 5319 fol.
630 5271 699 5332 544¹,
723 5264 755 5318 R.
778 5263 840 5317 Vct.
864 5267 917 5319 330
941 5264 989 5318 tol.
1008 5267 1067 5317 448.
1087 5293 1117 5302 -
1134 5264 1159 5330 ¹)
1177 5262 1309 5328 ,Praibisl
1329 5263 1363 5317 de
1381 5263 1519 5318 Lathcow‘
1536 5265 1588 5320 Ar.
1606 5293 1640 5304 -
1659 5261 1735 5319 Ooal.

230 5351 305 5406 Mon.
324 5352 385 5407 Vat.
403 5352 417 5406 1
434 5367 474 5409 ur.
495 5359 553 5417 134,
572 5358 631 5416 377,
650 5356 710 5408 378.
