3944 6060
734 424 800 478 rssu
820 413 961 480 Februarii
979 427 1012 477 re
1029 455 1062 464 -
1081 413 1174 479 Marii
1194 424 1233 478 ru.
1674 418 1738 494 423

233 639 351 707 1060.
376 634 509 702 Carolus
521 638 734 700 Romanorum
749 637 924 718 imperator
946 634 1117 718 supplicat,
1141 639 1296 717 quatenns
1312 634 1439 700 Atterto
1462 635 1605 720 episcopo
1622 639 1737 702 Zaeri-

233 743 322 807 nensi
344 742 473 807 licentia
506 740 544 804 dc
572 759 635 804 non
656 740 820 805 residendo
854 740 890 803 in
919 760 979 804 sna
1002 739 1119 804 diocesi
1140 742 1328 805 concedatur
1360 745 1390 805 et
1412 747 1565 820 quatenus
1597 742 1740 810 Jobanni

235 847 271 911 de
305 847 427 912 Wulcow
460 846 499 910 de
531 845 719 909 canonicatu
760 845 816 908 sub
854 845 1074 927 expectatione
1101 845 1303 926 praebendae
1335 844 1481 911 ecclesiae
1528 845 1741 913 Otomoccnsis

876 948 1093 1031 provideatur.

1120 1058 1122 1062 ὗ
1208 1088 1371 1168 Aoinione,
1395 1090 1481 1152 1360
1504 1088 1619 1154 Martii
1642 1093 1693 1158 10.

366 1283 462 1346 Pater
485 1286 603 1362 sancte,
641 1298 710 1343 curn
734 1280 867 1344 devotus
891 1285 999 1344 vester
1021 1278 1158 1344 Karalus
1182 1280 1390 1343 Rornanorum
1414 1280 1587 1361 imperator
1609 1287 1740 1363 propter·

239 1386 369 1452 consilia
392 1392 427 1450 et
449 1385 611 1465 obsequia,
635 1403 695 1464 que
719 1384 869 1447 Albertns
893 1384 1061 1464 episcopus
1085 1383 1303 1465 Zwerinensis,
1326 1384 1396 1448 eins
1418 1384 1542 1449 iuratus
1565 1393 1599 1449 et
1615 1385 1740 1450 aurisili-

240 1491 333 1573 arinS,
357 1490 418 1554 sibi
442 1488 578 1570 exhibet,
601 1489 670 1570 ipse
694 1488 863 1570 episeopus
893 1488 977 1551 dicto
1000 1487 1185 1568 imperatori
1215 1487 1258 1551 sit
1280 1489 1479 1552 necessarius
1514 1496 1548 1554 et
1569 1489 1668 1569 utilia,
1704 1508 1740 1553 aa

238 1595 306 1658 siue
329 1595 399 1658 eius
416 1592 582 1675 presencia
599 1611 656 1657 sua
671 1610 734 1656 non
750 1592 852 1673 possit
875 1590 1037 1656 cornmode
1060 1591 1193 1673 negocia
1215 1592 1377 1674 expedire,
1416 1591 1548 1674 ipseque
1572 1593 1740 1675 episcopus

238 1699 269 1762 iu
292 1716 350 1763 sua
373 1697 491 1763 diocesi
507 1702 639 1779 propter
661 1700 866 1779 occupatores
883 1701 916 1760 et
939 1695 1082 1761 tirannos
1106 1713 1217 1759 secure
1240 1702 1380 1777 nequeat
1403 1697 1546 1763 residere
1569 1716 1628 1762 uec
1652 1697 1739 1762 habi-

239 1802 394 1867 taciouern
416 1801 543 1882 habere,
588 1800 748 1881 supplicat
770 1800 853 1864 idern
877 1801 1057 1882 imperator,
1104 1806 1261 1881 qnatenus
1284 1799 1408 1882 prelato
1431 1801 1580 1884 episcopo
1616 1803 1655 1867 de
1678 1822 1740 1868 uon

239 1906 409 1970 residendo
432 1905 465 1968 iu
489 1905 574 1968 dicta
597 1922 654 1967 sun
670 1904 799 1985 diocesi,
821 1904 970 1984 quamdiu
993 1903 1136 1967 eiusdem
1158 1904 1360 1985 Imperatoris
1383 1905 1527 1969 serviciis
1550 1912 1584 1971 et
1599 1907 1740 1972 consiliis

369 2115 441 2177 luat
462 2114 502 2177 ad
525 2113 679 2193 auruum)
694 2113 726 2175 in
749 2111 849 2176 foruna
872 2112 909 2176 G.

369 2219 449 2281 ltenr
483 2218 642 2299 supplicat
675 2214 715 2280 gn
743 2217 797 2279 V¹⁰
822 2217 925 2280 dictus
957 2217 1138 2298 imperator,
1184 2222 1340 2296 quatenns
1369 2218 1507 2283 Iohanni
1542 2219 1581 2283 de
1607 2220 1741 2299 Wueou,

239 2322 360 2404 ydoneo
384 2329 417 2386 et
439 2322 634 2386 benemerito
657 2321 771 2412 rectori
796 2319 930 2383 ecclesie
964 2319 997 2382 in
1021 2319 1136 2383 Minori
1160 2320 1329 2383 Bucowsco
1352 2320 1521 2403 Pragensis
1545 2322 1634 2402 dioc,
1680 2343 1740 2403 qne

238 2427 364 2506 quidem
386 2426 521 2490 eeclesia
544 2425 621 2491 VIII
648 2443 823 2488 marcarum
847 2424 971 2505 argenti
1005 2442 1144 2487 annuum
1167 2423 1306 2488 valorem
1341 2442 1404 2488 nou
1426 2426 1564 2504 arcadii,
1595 2427 1628 2491 in
1653 2427 1741 2491 curia

240 2530 379 2594 Ιὶοιῃωια
402 2529 541 2610 degenti,
566 2528 730 2610 capellano
756 2534 789 2592 et
813 2527 961 2592 contiuuo
985 2527 1188 2592 commensali
1210 2526 1354 2592 eiusdem
1377 2529 1500 2594 Alberti
1523 2530 1672 2612 episcopi,
1699 2531 1738 2595 de

242 2633 425 2698 canonicatu
449 2634 507 2697 sub
530 2633 751 2714 expectatione
774 2632 903 2697 nraioris
932 2632 1093 2714 prebende
1124 2631 1307 2697 inecclesia
1329 2631 1532 2698 Olornncensi
1566 2634 1741 2716 dignamini

241 2737 414 2818 providere,
460 2738 690 2801 nonobstante
725 2736 953 2802 consuetudine
984 2736 1068 2800 dicte
1099 2736 1243 2819 ecclesie,
1288 2737 1321 2800 iu
1344 2754 1405 2817 qua
1429 2738 1572 2802 seniores
1595 2739 1738 2804 canonici

244 2846 352 2923 optare
377 2841 480 2906 solent
503 2841 681 2923 prebendas
697 2840 854 2920 meliores,
878 2845 911 2903 et
927 2839 1010 2919 quud
1034 2839 1138 2903 dictus
1164 2838 1326 2904 lebannes
1350 2841 1541 2907 auctoritate
1563 2841 1742 2906 litterarum

243 2944 295 3008 ΒΜ
320 2945 374 3008 Vm
406 2945 592 3008 beneficium
616 2945 867 3012 ecclesiasticum
898 2963 968 3007 auur
991 2961 1066 3007 cura
1096 2942 1146 3007 vel
1170 2944 1239 3007 sine
1262 2963 1347 3025 cura,
1386 2945 1426 3008 ad
1449 2944 1655 3010 collationem
1678 2952 1739 3011 etc.

243 3049 406 3132 prepositi,
438 3050 550 3113 decani
573 3055 607 3113 et
630 3049 760 3131 capituli
784 3048 920 3112 ecclesie
944 3048 1114 3129 Prageusis
1137 3048 1169 3111 in
1192 3048 1323 3129 speciali
1358 3049 1465 3130 gracia
1487 3049 1662 3115 dinoscitur
1691 3069 1743 3114 ex·

243 3159 378 3235 pectere,
401 3159 435 3215 et
457 3153 529 3218 aliis
553 3172 614 3218 nou
638 3153 839 3218 obstantibus
862 3158 896 3216 et
919 3170 989 3215 cum
1013 3152 1165 3216 clausulis
1189 3153 1362 3234 oportunis.

370 3257 444 3321 Fiat
467 3257 503 3322 G.

370 3360 444 3425 Sine
468 3362 531 3426 alia
552 3361 702 3441 leccioue,
726 3361 799 3425 Fiat
821 3362 859 3426 G.

370 3466 409 3530 D.
433 3466 590 3531 Aninione
614 3466 658 3530 VI
681 3462 721 3528 id.
747 3465 860 3530 Marcii
883 3484 902 3529 a
925 3470 1045 3530 nemra.

370 3652 403 3706 R.
421 3652 517 3722 Suppl.
535 3659 566 3705 31
587 3652 634 3706 fol.
653 3660 694 3706 36.
714 3683 747 3692 -
766 3657 792 3720 ⁸)
812 3652 940 3720 Sequitur
966 3651 1006 3719 ,G‘
1025 3651 1218 3719 cancellatum
1248 3652 1286 3721 ,iu
1305 3653 1392 3707 torma
1410 3655 1442 3708 G‘
1461 3655 1570 3709 clariori
1590 3663 1742 3710 atramento

243 3741 331 3794 altera
347 3756 429 3794 maun
448 3740 616 3810 adscriptum
634 3739 661 3791 iu
681 3739 776 3809 Suppl.

243 4128 357 4194 1061.
382 4124 509 4189 Alberto
540 4124 682 4207 episcopo
707 4125 905 4203 Zwerincnsi,
940 4126 973 4189 in
1002 4144 1096 4205 repno
1125 4123 1306 4205 Bobemioc,
1336 4127 1468 4206 oripinis
1499 4147 1576 4190 snae
1604 4126 1678 4207 loco,
1709 4129 1744 4193 r'n

242 4229 381 4294 seruitiis
412 4228 518 4295 Caroli
549 4231 762 4293 Roneauornni
791 4229 992 4309 imperatoris
1022 4234 1052 4293 et
1082 4228 1253 4294 Bolecmiae
1282 4228 1365 4310 repis
1394 4230 1608 4307 consarcinati,
1639 4231 1743 4294 indul-

242 4339 339 4417 petur,
362 4337 397 4396 nt
418 4352 515 4415 usque
537 4333 580 4396 ad
602 4354 699 4398 nuum
721 4354 840 4397 annum
863 4334 906 4397 ad
927 4334 1133 4398 residentiam
1155 4335 1189 4396 in
1207 4355 1267 4398 sua
1289 4332 1419 4397 ecclesia
1441 4335 1567 4397 minime
1589 4338 1742 4399 teneatur.

484 4438 677 4519 ,Personam
701 4441 808 4501 tuaen“
837 4437 1011 4517 „Aninione
1040 4439 1084 4502 Vl
1104 4437 1146 4500 id.
1171 4438 1292 4501 Marcii
1314 4458 1343 4500 a.
1366 4440 1505 4502 octavo.“

1214 4592 1377 4673 Aoinione,
1400 4580 1487 4656 Ι1360
1509 4593 1624 4657 Martii
1649 4597 1700 4660 10.

372 4783 405 4837 R
425 4786 474 4837 Ar.
496 4788 544 4837 144
562 4783 609 4837 lol.
628 4789 697 4837 484⁴.

890 4963 1097 4971 --——.—.

245 5134 359 5200 1062.
383 5133 526 5198 Jobanni
548 5133 586 5197 de
615 5133 771 5213 Wnleow·)
797 5132 982 5214 providetur
1004 5133 1042 5196 de
1065 5131 1254 5195 canonicatu
1284 5130 1431 5196 ecclcsiae
1455 5127 1665 5195 Otomucensis
1686 5130 1743 5194 sub

245 5238 454 5319 repedatione
481 5237 689 5319 praebendae,
722 5258 781 5301 non
813 5236 1018 5314 obstantibus,
1050 5235 1131 5318 qnod
1160 5240 1261 5301 rector
1290 5234 1438 5299 ecclesiae
1463 5235 1498 5296 in
1530 5235 1649 5297 Minori
1678 5235 1743 5295 Bu·

250 5339 395 5427 eoeseob)
419 5341 527 5408 existit
549 5344 580 5407 et
602 5341 778 5424 beneficiens
810 5340 853 5404 ad
875 5339 1071 5406 collationem
1095 5339 1266 5422 Propensis
1296 5339 1440 5405 eeclesiae
1462 5340 1613 5421 expectat.
1646 5339 1743 5421 ,Reo-
