3944 6060
234 416 298 483 276
842 415 914 469 Acta
932 414 1085 469 iunocentii
1101 415 1147 469 Vl.

363 623 426 688 Die
447 622 585 688 XXVIII
611 624 799 689 Decembris
824 624 864 709 [a.
888 625 1007 689 domini
1023 623 1236 703 mccctvn,
1265 624 1445 691 indiccione
1465 626 1505 709 X,
1536 626 1746 709 pontificatus

233 779 265 792 ..
287 781 294 794 .
315 778 322 793 .
340 728 521 793 innocencii
542 779 548 791 .
568 781 575 792 .
596 776 602 787 .
624 781 630 792 .
662 746 744 810 pape
768 727 813 793 VI
836 749 863 792 a.
876 728 953 813 V]·)
976 729 1072 793 soluti
1102 728 1233 795 fuerunt
1255 729 1296 794 de
1318 729 1468 795 mandato
1498 729 1619 795 domiui
1641 731 1744 797 nostri

232 852 315 915 pape
338 833 526 914 Raymundo
549 831 634 897 des.
659 831 811 897 Michaeli
833 834 986 897 servienti
1010 853 1167 898 armorum
1189 833 1308 898 domini
1331 833 1435 899 nostri
1456 851 1550 916 pape,
1572 834 1673 901 mIsso
1687 853 1747 919 por

234 936 371 1001 eundem
395 937 555 1000 dominnm
579 942 722 1001 nostrum
747 938 779 1000 in
801 954 899 1019 regno
923 938 1062 1019 Polonie,
1095 936 1232 1020 Vngarie
1262 945 1297 1002 et
1319 937 1449 1002 Boemie
1480 937 1521 1003 ad
1551 938 1745 1005 collectores

234 1041 426 1121 apostolicos
445 1041 483 1104 'in
506 1041 650 1120 partibus
673 1041 737 1104 illis
761 1042 933 1123 deputatos
955 1060 1013 1123 pro
1035 1041 1179 1123 pecuniis
1203 1041 1387 1123 aportandis
1410 1048 1445 1105 et
1471 1058 1569 1123 super
1592 1042 1667 1109 aliis
1689 1061 1745 1109 ne·

237 1145 336 1227 gociis
359 1145 459 1226 ipsam
484 1162 640 1208 cameram
664 1144 869 1225 tangentibus
890 1180 933 1191 -
956 1142 1008 1209 IIc
1036 1145 1066 1209 ti.

364 1334 416 1385 lnt.
434 1340 461 1385 et
479 1332 552 1385 Exit.
572 1337 662 1397 (1357)
681 1337 731 1384 282
750 1333 797 1385 Iol.
817 1339 874 1387 189.
894 1364 927 1371 -
958 1336 982 1394 ⁸)
1001 1333 1161 1401 suppletum
1182 1349 1215 1386 ex
1233 1335 1280 1387 iol.
1301 1339 1359 1387 173.

885 1553 1088 1563 ——.

236 1717 325 1782 710.
351 1714 492 1778 Gnidom'
517 1715 659 1797 episcopo
682 1716 850 1778 Portncnsr'
874 1736 935 1796 per
958 1715 1040 1778 daos
1069 1715 1195 1780 litteras
1225 1715 1414 1796 indalpetar,
1444 1720 1480 1780 nt
1502 1717 1660 1796 ecclesias,
1682 1738 1745 1780 rno-

233 1821 379 1885 nasteria
401 1824 430 1883 ei
453 1817 521 1883 alia
543 1818 614 1882 ioca
636 1819 846 1883 ecclesiastica
861 1821 896 1882 in
912 1819 1226 1884 archidiaconatibus
1247 1820 1317 1883 sar's
1337 1818 1534 1884 Flandrcnst'
1554 1820 1590 1884 in
1611 1819 1745 1886 ecclesia

235 1925 413 1989 Morimensi
434 1927 465 1985 ei
487 1921 643 1987 Meldensi
664 1922 820 2006 usquead
842 1924 1087 2007 quinquennr'am
1108 1924 1241 1986 visitare
1255 1925 1286 1986 ei
1303 1925 1547 2004 procurationes
1567 1923 1609 1988 ab
1631 1925 1680 1989 eis
1693 1946 1743 1989 rc·

233 2031 336 2111 cipere
357 2027 473 2091 valcat
498 2023 646 2106 „Quanto
664 2028 842 2090 Romanam
857 2027 1038 2091 ecciesiam“
1056 2025 1232 2107 „Aninione
1254 2024 1356 2090 Viral.
1379 2026 1740 2111 acroceramina.

234 2169 276 2179 -
298 2134 338 2196 In
360 2153 384 2194 e.
408 2152 450 2197 m.
473 2130 583 2194 abbati
603 2131 789 2194 monasterii
811 2151 835 2196 s.
863 2133 1042 2209 Genovcsae
1071 2130 1267 2195 Porisiensr‘s
1288 2134 1318 2192 ci
1341 2129 1563 2194 archidiacono
1593 2129 1745 2196 molesiac

336 2236 510 2314 Propensis
533 2254 572 2298 ac
594 2233 731 2317 officiali
754 2234 930 2298 Morinensi
954 2235 1001 2316 (in
1024 2234 1126 2297 altera
1148 2233 1273 2297 littera:
1295 2230 1434 2314 officiali
1456 2232 1638 2314 Meldensi).

1143 2373 1307 2446 Acinione,
1329 2373 1416 2436 1357
1439 2372 1623 2438 Decembris
1644 2374 1698 2439 28.

363 2559 396 2612 R.
415 2561 464 2613 Av.
487 2565 534 2613 135
552 2558 600 2614 fol.
618 2558 687 2612 451⁴.

236 2944 327 3007 711.
351 2939 490 3004 Sicanio
512 2940 680 3005 Sdinconis
703 2941 741 3003 de
772 2941 908 3020 „Ppesffl
932 2939 1101 3023 snpplicai,
1133 2946 1288 3025 quatenns
1310 2939 1374 3007 siti
1393 2942 1575 3024 beneficiam
1597 2942 1741 3008 ccclesia·

371 3046 485 3108 sticnm
508 3045 551 3107 ad
575 3044 770 3108 collationem
794 3043 927 3124 capitali
958 3043 1214 3109 l'ratistaciensis
1232 3047 1396 3128 pertinens
1418 3050 1602 3112 reservetur.

1141 3180 1305 3258 Acinicne,
1327 3184 1415 3249 1357
1437 3183 1622 3249 Decembris
1642 3185 1697 3253 29,

364 3375 529 3457 Supplicat
552 3372 593 3439 8¹¹
625 3376 679 3438 V¹⁸
703 3375 837 3439 devotus
860 3379 968 3438 vester
991 3372 1128 3436 Slawata
1151 3374 1317 3438 Sdinconis
1341 3374 1380 3437 de
1398 3374 1495 3456 Pyest
1517 3374 1742 3442 OlomucensIs

232 3481 313 3545 dioc.
338 3480 371 3543 in
387 3479 569 3544 sacerdocio
593 3479 795 3561 constitutus,
819 3478 952 3542 studens
968 3479 1000 3541 io
1023 3478 1092 3540 iure
1116 3478 1267 3543 canonico
1290 3479 1322 3541 in
1346 3478 1640 3561 Montepessulauo,
1664 3498 1741 3561 qua-

232 3592 328 3649 tenus
352 3584 412 3648 sibi
436 3583 607 3664 specialem
638 3583 774 3664 graciam
798 3581 962 3663 iacientes
995 3581 1181 3645 beneficium
1212 3582 1463 3646 ecclesiasticum
1486 3600 1557 3646 cum
1588 3601 1668 3647 cura
1688 3586 1742 3650 vel

232 3690 302 3754 sine
326 3708 402 3753 cura
435 3688 475 3752 ud
499 3688 703 3751 collacionem
729 3734 817 3754 ....
849 3685 980 3767 capituli
1012 3684 1302 3749 Wratisslauiensis
1332 3686 1496 3766 pertinens
1530 3688 1743 3753 communiter

235 3795 286 3856 vel
310 3794 445 3874 divisim,
479 3792 579 3855 eciam
603 3791 630 3855 si
653 3791 696 3854 sit
717 3790 750 3853 in
778 3789 952 3853 cathedrali
976 3789 1121 3870 ecclesia,
1155 3808 1270 3853 vacans
1293 3791 1345 3853 vel
1368 3790 1510 3871 proximo
1542 3796 1741 3875 vacaturum,

234 3896 460 3961 conferendum
484 3897 598 3971 eidem,
622 3893 789 3959 donacioni
819 3893 992 3975 apostolice
1016 3894 1189 3974 dignemini
1220 3911 1395 3971 reservare,
1420 3912 1490 3957 curn
1513 3895 1742 3977 acceptacione

233 4001 436 4081 Inhibisione,
462 4000 590 4063 decreto
615 4004 648 4061 et
672 3998 813 4061 clausula
829 3997 980 4061 anteferri
1004 4016 1040 4061 ac
1056 3998 1200 4061 omnibus
1224 3997 1373 4061 clausulis
1397 4006 1430 4060 et
1452 4016 1515 4061 non
1538 3999 1744 4066 obstantibus

233 4105 406 4185 orrortnnis.

363 4207 435 4271 Fiat
459 4207 495 4270 G.
519 4207 593 4270 bine
617 4206 680 4269 colia
703 4205 853 4269 leccione.
871 4205 942 4268 Fiat
958 4205 993 4268 G.
1011 4206 1048 4268 Ι).
1068 4205 1225 4269 Aninionc
1241 4205 1309 4270 IIII
1324 4205 1387 4268 kal.
1411 4205 1556 4270 Ianuarii
1572 4224 1599 4270 a.
1615 4206 1743 4287 quinto.

361 4396 394 4448 n.
414 4395 508 4464 mppr.
528 4400 559 4446 ar
579 4394 625 4447 nr.
645 4399 712 4446 aaa.

237 4779 327 4845 712.
353 4776 484 4842 Garoias
517 4781 730 4842 Rornanorum
761 4778 935 4857 imperator
964 4781 994 4839 ei
1016 4775 1186 4839 Bobemr'ae
1215 4796 1272 4839 rex
1302 4775 1472 4859 simplicat,
1503 4779 1660 4857 qnatenus
1683 4798 1744 4842 suo

232 4882 350 4946 meda'co
366 4881 567 4945 commensali
584 4879 788 4962 Reimboto·)‚
806 4882 924 4943 artium
939 4884 969 4943 et
983 4879 1157 4944 nredicr'nae
1180 4880 1332 4959 nrapistro
1347 4883 1377 4943 ei
1392 4879 1520 4953 doctori,
1539 4877 1743 4960 parochialis

233 4985 361 5050 ecclesia
374 5007 410 5047 an
431 4982 652 5065 oescrinpenb
677 4985 838 5065 Spirensis
855 4985 931 5049 dioc.
960 4990 1033 5047 tanc
1055 5004 1172 5048 vacares
1191 4984 1376 5065 conferatur
1397 5004 1459 5048 non
1481 4984 1632 5060 noscano,
1658 4984 1744 5064 qaod

233 5089 454 5154 canonicatum
476 5093 506 5151 et
526 5088 739 5170 praebendam
769 5087 915 5152 ecciesiae
944 5088 1179 5152 Wormaiiensis
1201 5092 1231 5150 et
1252 5089 1458 5152 canonicatus
1487 5085 1545 5152 snb
1565 5087 1742 5168 cxpectati-

233 5214 289 5258 one
306 5192 563 5275 praebendarum
594 5191 756 5274 Spirensis
786 5196 816 5255 et
837 5212 861 5258 s.
895 5192 1026 5257 Victoris
1048 5193 1260 5274 Mapnntinae
1289 5191 1493 5255 ecclesiarum
1514 5195 1544 5256 ei
1573 5188 1742 5255 ecclesiam

226 5295 444 5381 parochialem
467 5297 501 5360 in
523 5296 617 5360 Lana
640 5295 814 5374 Propensis
837 5295 913 5359 dioc.
944 5297 1082 5359 noscitur
1104 5295 1249 5359 obtinere.
1279 5333 1322 5341 —
1349 5346 1362 5370 „
1375 5294 1503 5359 Videtur
1525 5293 1623 5376 nota,
1657 5294 1742 5378 qaod
