3944 6060
280 399 322 465 78
759 415 762 423 “
812 418 815 429 ·
881 400 949 452 Acta
968 398 1122 454 innocentii
1142 399 1185 454 Vl.

286 608 372 676 183.
393 608 538 675 roboant
559 609 715 674 Paduam
736 609 922 685 prandetur,
954 613 1109 693 quaterem
1138 611 1295 694 nepotiana
1326 610 1468 677 decimae
1490 613 1577 696 apud
1597 627 1700 694 repom
1712 612 1788 678 'aa

281 732 448 777 manorum
464 719 614 796 precuret
641 719 672 779 et
689 713 862 797 pecuniam
883 713 927 779 ad
948 735 1108 781 cameram
1130 715 1337 798 apostolicam
1354 716 1564 800 pertinentem
1586 714 1695 782 abbati
1709 736 1781 788 ‚mo-

593 817 728 884 nasterii
749 839 775 885 s.
800 817 928 892 Nicolai
950 820 983 883 ia
1006 819 1113 886 Litore
1134 820 1173 886 de
1202 819 1335 887 Venetiis
1358 821 1474 886 mittat.

1214 958 1377 1046 Acin-icae,
1401 961 1489 1026 1354
1509 960 1666 1027 Jaauarv's'
1692 963 1744 1029 20.

413 1150 452 1214 Ι).
476 1149 497 1213 i.
521 1147 659 1215 Iohanni
692 1149 842 1214 Paduano
865 1149 985 1214 decano
1016 1149 1151 1215 ecclesie
1183 1149 1456 1232 Wiscegradensis
1489 1151 1659 1234 Pragensis
1701 1151 1781 1217 dioc.

283 1253 457 1336 apostolice
482 1253 568 1318 sedis
590 1253 705 1320 nuncIo
727 1253 863 1328 salutem
885 1259 947 1320 etc.
971 1253 1116 1335 Noveris,
1138 1255 1222 1334 quod
1245 1254 1408 1320 carissimo
1431 1255 1464 1320 in
1487 1250 1620 1321 Christo
1637 1253 1659 1320 f.
1676 1259 1784 1320 nostro

285 1357 402 1424 Karolo
426 1357 494 1439 regi
516 1358 728 1423 Romanorum
751 1357 869 1423 illustri
903 1357 1069 1424 scribimus
1092 1376 1150 1440 per
1173 1357 1252 1422 alias
1274 1359 1387 1423 literas
1410 1363 1545 1442 nostras,
1578 1377 1711 1441 quarum
1734 1376 1784 1423 co·

283 1463 366 1545 piam
390 1462 547 1527 mittimus
570 1462 630 1527 tibi
652 1463 855 1545 presentibus
878 1461 1068 1527 interclusas
1098 1466 1133 1526 ct
1155 1481 1233 1543 quas
1257 1481 1390 1527 unacum
1412 1462 1505 1528 istis.
1523 1512 1529 1526 .
1546 1463 1631 1529 lator
1644 1469 1788 1546 presen-

283 1568 367 1632 cium
391 1567 449 1632 tibi
473 1566 587 1631 defert.
612 1565 752 1647 Ideoque
776 1564 964 1630 discrecioni
986 1571 1041 1631 tue
1064 1584 1122 1648 per
1144 1566 1320 1649 apostolica
1342 1566 1462 1649 scripta
1483 1567 1677 1648 mandamus,
1710 1585 1785 1648 qua·

282 1677 377 1737 tenus
400 1672 504 1737 eidem
526 1669 594 1752 regi
610 1669 790 1734 huiusmodi
811 1669 923 1734 literas
946 1677 1081 1746 nostras,
1106 1688 1194 1753 quas,
1209 1676 1246 1736 ut
1261 1671 1469 1753 promittitur,
1493 1670 1525 1734 ei
1549 1670 1724 1753 dirigimus,
1745 1688 1788 1735 ex

286 1781 500 1860 partenostra
521 1781 710 1857 presentans
728 1784 762 1855 ⁸),
799 1791 870 1838 curn
891 1773 992 1839 omnis
1014 1774 1183 1856 diligencie
1207 1775 1313 1840 studio
1337 1773 1576 1839 exaudicioncm
1598 1790 1788 1856 promoveas

283 1881 466 1947 earumdem
490 1884 523 1945 et
546 1884 611 1943 tam
634 1897 714 1957 eam,
756 1896 849 1957 quam
873 1875 986 1959 inter)
1009 1879 1152 1961 recipere
1176 1883 1209 1944 te
1233 1879 1406 1962 continget,
1429 1897 1523 1960 quam
1545 1897 1671 1943 omnem
1695 1877 1790 1943 aliurn

283 1985 450 2067 pecuniam
470 1985 511 2048 ad
534 1971 674 2048 nostram
697 1999 853 2046 cameram
876 1982 1100 2064 pertinentem,
1125 1982 1288 2048 collectam
1312 1983 1375 2048 iam
1398 2001 1456 2065 per
1478 1988 1511 2048 te
1527 1988 1562 2048 et
1577 1982 1790 2065 colligendam

280 2090 433 2168 inantea,
457 2087 582 2154 sublato
598 2086 768 2151 cuiuslibet
782 2104 868 2150 more
885 2086 1051 2168 dispendio
1074 2088 1103 2151 d.
1118 2086 1138 2150 i:
1156 2088 1340 2170 Raymundo
1356 2087 1463 2152 abbati
1479 2087 1666 2152 monasterii
1690 2104 1717 2152 s.
1734 2085 1788 2151 Ni·

281 2194 362 2259 colai
384 2193 417 2258 in
437 2192 545 2258 Litore
577 2192 616 2256 de
639 2190 789 2255 Veneciis
819 2190 940 2255 ordinis
963 2208 988 2254 s.
1013 2191 1179 2256 Benedicti
1211 2190 1462 2256 Castellanensis
1493 2190 1583 2273 dioc,
1608 2191 1784 2274 apostolice

284 2297 371 2363 sedis
393 2296 519 2372 nuncio,
549 2316 607 2379 per
635 2300 838 2378 mercatores
862 2295 916 2376 qui
947 2296 987 2360 de
1017 2296 1149 2361 Boemia
1172 2295 1357 2377 frequenter
1379 2297 1528 2362 dicuntur
1550 2297 1596 2362 ire
1622 2295 1787 2380 veneciae,

283 2402 422 2468 fideliter
445 2401 606 2467 destinare
629 2418 779 2482 procures
799 2402 825 2480 c)
856 2400 959 2464 etsie
982 2405 1014 2463 te
1038 2416 1131 2481 geras
1164 2400 1195 2464 in
1226 2399 1286 2465 hac
1308 2406 1399 2483 parte
1424 2401 1559 2480 solicite,
1593 2401 1677 2482 quod
1701 2401 1785 2466 desi-

283 2505 369 2569 diam
392 2511 426 2568 et
447 2503 678 2586 negligenciam
693 2501 720 2583 d)
745 2504 892 2585 redimas,
915 2522 1008 2584 quam
1030 2502 1196 2569 molestam
1219 2505 1310 2570 nobis
1334 2506 1443 2586 utique
1466 2507 1498 2569 in
1517 2502 1697 2570 huiusmodi
1712 2505 1786 2569 mis-

285 2609 374 2674 sione
387 2608 488 2674 dilata
509 2607 643 2690 pecunie
667 2608 860 2689 commisisti,
884 2627 942 2672 nec
965 2612 1112 2691 oporteat
1134 2627 1231 2691 super
1253 2609 1313 2675 hoc
1328 2610 1503 2675 remedium
1519 2609 1606 2674 aliud
1622 2608 1785 2674 adhibere.

283 2713 349 2778 Nos
372 2712 456 2777 enim
480 2712 584 2776 eidem
616 2712 723 2778 abbati
754 2712 940 2778 absolvendi
974 2718 1008 2777 et
1030 2713 1230 2793 quitandi-te
1254 2714 1294 2778 de
1318 2713 1390 2797 hiis,
1426 2732 1487 2795 que
1511 2714 1572 2778 sibi
1595 2713 1788 2796 assignanda

283 2818 421 2900 duxeris,
455 2817 581 2900 plenam
612 2816 812 2882 concedimus
827 2825 853 2895 θ)
876 2836 934 2899 ρετ
965 2817 1044 2882 alias
1066 2823 1192 2883 nostras
1215 2819 1327 2883 literas
1342 2815 1366 2898 ¹)
1389 2824 1592 2901 potestatem.
1638 2817 1787 2882 Ceterum

283 2922 436 3001 volumus,
461 2926 497 2986 ut
519 2921 559 2985 de
581 2920 656 3003 hiis,
691 2939 752 3002 que
784 2921 816 2985 in
839 2921 1003 3004 premissis
1026 2922 1263 3002 quomodolibet
1298 2924 1403 3004 egeris
1425 2929 1460 2986 et
1482 2941 1543 3003 que
1567 2923 1652 2988 dicto
1675 2919 1787 2988 abbati

283 3027 496 3109 assignaveris
519 3027 709 3108 successive,
732 3025 969 3108 particulariter
1003 3030 1037 3090 et
1066 3025 1216 3090 distincte
1241 3026 1357 3090 reddas
1379 3027 1514 3090 eandem
1537 3045 1693 3092 cameram
1717 3044 1784 3090 cer-

283 3131 449 3216 tioremss).
475 3132 512 3195 D:
538 3132 695 3197 Aninione
719 3131 796 3195 XIII
820 3130 883 3196 kal.
910 3130 1074 3195 Februarii
1105 3149 1132 3194 a
1157 3132 1305 3196 secundo.

413 3320 444 3374 R.
463 3319 524 3374 Vat.
544 3326 594 3374 236
615 3320 661 3375 iol.
683 3328 722 3383 14,
741 3320 773 3374 R.
793 3321 855 3376 Vat.
875 3319 1226 3386 solemmacensis.
1250 3348 1275 3357 -
1298 3320 1449 3387 Sequentes
1459 3319 1584 3374 lectionis
1595 3319 1743 3374 varietates
1752 3319 1787 3373 ad

283 3409 393 3463 llrchet.
413 3408 502 3463 solum
521 3408 672 3478 pertinent:
692 3412 716 3476 ³)
736 3408 877 3476 Sequitur:
905 3411 1061 3477 procures,
1086 3407 1134 3461 sed
1159 3405 1339 3460 cancellatum
1359 3413 1409 3460 est.
1430 3406 1455 3475 b)
1474 3407 1556 3474 ,inde‘
1575 3423 1659 3475 supra
1677 3406 1787 3461 lineam‘

283 3495 461 3565 adscriptum,
480 3495 538 3550 cui:
558 3495 630 3559 ,iude
643 3495 765 3564 recipere
778 3495 812 3549 ab
825 3495 920 3548 eodem
932 3499 1003 3563 rege‘
1016 3493 1165 3564 praecedit,
1185 3492 1232 3546 sed
1247 3493 1428 3548 cancellatum
1447 3501 1497 3548 est.
1521 3496 1544 3560 c)
1563 3494 1651 3562 Supra
1669 3487 1786 3549 lineam:

281 3583 421 3649 ,adhibitis
440 3583 474 3636 de
494 3582 649 3637 securitate·
669 3583 844 3652 adscriptum,
864 3582 912 3636 scd
932 3581 1111 3636 cancellatum
1131 3588 1181 3636 cst.
1202 3581 1227 3649 d)
1246 3581 1387 3650 Sequitur:
1408 3598 1523 3649 ,omnem
1542 3582 1717 3652 preteritnrn‘,
1737 3584 1786 3643 sed

283 3671 465 3725 cancellatum
478 3679 529 3724 est.
551 3676 575 3737 e)
594 3671 731 3739 Sequitur:
751 3679 854 3738 ,tenore
868 3669 1057 3739 presenciam‘,
1069 3668 1116 3723 sed
1126 3669 1309 3723 cancellatum
1321 3675 1372 3723 est.
1399 3668 1418 3737 s)
1437 3669 1580 3737 Sequitur:
1601 3669 1785 3737 ‚facultatem‘,

283 3759 331 3813 sed
351 3758 531 3813 cancellatum
556 3764 607 3812 eat.
627 3762 653 3826 s)
672 3759 737 3825 ,Cet
763 3758 815 3812 vol.
835 3763 872 3811 ut‘
897 3773 981 3825 supra
1008 3756 1108 3810 lineam
1133 3755 1300 3825 adscriptum
1319 3756 1390 3810 vice:
1421 3755 1630 3819 ‚certificaturus
1649 3773 1785 3812 cumeram

282 3848 393 3917 ipsam‘,
410 3847 482 3915 quod
503 3846 683 3900 cancellatum
702 3853 752 3900 est.
778 3876 803 3885 -
824 3845 856 3898 ln
874 3852 950 3913 tergo
970 3844 1103 3899 minutae:
1121 3844 1182 3912 ‚Rj‘.

284 4233 373 4298 184.
402 4230 588 4312 liapmeneo
612 4229 720 4294 abbati
741 4230 926 4295 vreorrasterii
946 4248 972 4293 s.
997 4228 1127 4292 Nicolai
1150 4229 1313 4292 inditore
1336 4226 1373 4291 de
1405 4228 1537 4292 Veaetiis
1554 4232 1698 4311 potestas
1715 4231 1783 4311 qui-

470 4334 562 4399 tandi
584 4334 764 4403 Jolraaaem
786 4333 977 4398 Peducaeum
999 4333 1037 4398 de
1055 4333 1200 4415 pecuniis
1222 4331 1396 4414 assipaatis
1418 4331 1605 4396 conceditur.

1215 4472 1379 4548 Aeinione,
1402 4474 1488 4539 1354
1509 4474 1667 4544 Jaaaarii
1686 4478 1740 4542 20.

412 4583 525 4648 Eidem
549 4580 665 4646 abbati.

413 4688 491 4753 Cum
522 4687 551 4751 d.
582 4684 602 4751 f.
633 4684 770 4751 Iohanni
802 4685 950 4750 Paduano
982 4684 1102 4748 decano
1136 4682 1272 4747 ecclesie
1307 4683 1581 4766 Wiscegradensis
1612 4684 1784 4768 Pragensis

283 4792 371 4874 dioc,
394 4792 567 4874 apostolice
591 4791 677 4856 sedis
711 4789 835 4871 nuncio,
865 4789 976 4853 demus
1006 4806 1064 4869 per
1086 4787 1166 4851 alias
1189 4793 1315 4852 nostras
1338 4789 1465 4853 litteras
1486 4788 1521 4853 in
1543 4788 1711 4871 mandatis,
1747 4794 1785 4855 nt

282 4915 406 4962 omnem
428 4896 594 4979 pecuniam
617 4895 656 4958 ad
680 4914 836 4959 cameram
858 4900 998 4959 nostram
1015 4893 1238 4976 pertinentem,
1263 4893 1427 4959 collectam
1451 4899 1485 4959 et
1500 4892 1711 4976 coIIIgendam
1725 4912 1784 4976 ρετ

281 5020 362 5083 euvn,
385 5001 443 5066 tibi
467 5000 604 5065 fideliter
627 4999 789 5064 destinare
811 5003 969 5079 procuret,
994 4996 1182 5063 discrecioni
1207 5003 1261 5062 tue
1285 4998 1469 5064 absolvendi
1492 5003 1527 5064 et
1549 4997 1694 5079 quitandi
1709 5017 1782 5064 eum

281 5105 320 5170 de
344 5105 415 5187 hiis,
438 5124 498 5186 que
523 5105 581 5170 tibi
604 5104 796 5186 assignanda
810 5103 954 5186 laurent,
987 5103 1114 5185 plenam
1145 5102 1346 5167 concedimus
1370 5108 1480 5168 tenore
1504 5102 1704 5185 presencium
1728 5121 1782 5185 po·

281 5215 441 5275 testatem.
480 5209 526 5274 Tu
557 5229 632 5292 ergo
662 5208 818 5273 certifices
848 5208 917 5272 sine
948 5208 1104 5272 dilacione
1133 5225 1289 5272 cameram
1319 5207 1421 5289 ipsam
1443 5208 1484 5272 de
1506 5206 1664 5289 hiisque
1686 5224 1707 5271 a
1727 5206 1782 5274 Jo-

281 5312 385 5379 hannc
401 5318 574 5379 memorato
590 5312 750 5395 receperis
766 5311 955 5377 successive.
967 5313 1006 5376 D.
1020 5310 1191 5394 [teintona
1202 5311 1281 5376 XIII
1292 5311 1355 5376 kal.
1368 5310 1533 5376 Februarii
1545 5329 1565 5375 a
1576 5310 1739 5397 secundo]
1753 5311 1781 5395 ⁸)
