3944 6060
230 413 296 477 434
834 409 906 462 Acts
921 406 1076 463 Innocentii
1093 407 1140 463 vl.

232 617 568 686 ressuscitatae
593 615 953 697 Petriaesconcooian
984 621 1165 682 reservatur
1186 615 1368 698 beneficium
1398 616 1644 684 ecclesiasticum
1667 627 1745 684 cuns

230 723 278 787 oct
299 723 368 786 sine
389 741 477 786 curo.
501 705 589 786 cuius
604 725 738 801 fructus
761 722 803 784 25
826 740 906 806 resp.
932 722 973 785 18
994 741 1179 786 marcorum
1203 721 1328 806 arpenti
1348 720 1487 788 valorem
1511 741 1657 787 annuum
1679 742 1746 787 non

231 826 394 900 excedant,
417 826 461 889 od
483 825 678 890 collationem
707 826 845 909 episcopi
875 826 1132 891 Vrotislaoiensis
1159 825 1333 908 pertinens,
1354 825 1385 891 si
1404 831 1499 892 uacat
1521 825 1569 891 uei
1590 845 1664 893 uim
1686 848 1745 892 aa·

231 931 359 994 caverit.
390 929 482 1010 „Vite
504 950 541 993 ac
561 933 702 993 morum“
743 929 856 1014 „Apud
887 928 1119 995 Viiiomnouam
1141 929 1367 995 Aninionensis
1389 929 1458 996 dioc
1490 931 1549 995 VH
1567 929 1633 996 isai.
1659 929 1747 995 dulit

233 1057 263 1098 a.
287 1040 421 1100 octavo.“
450 1072 490 1080 —
514 1036 554 1098 In
576 1055 600 1098 e.
624 1055 664 1098 m.
688 1034 715 1098 b.
740 1034 868 1100 Mariae
897 1033 932 1098 iu
954 1034 1063 1099 mena
1092 1038 1124 1099 ct
1144 1054 1170 1099 s.
1202 1035 1355 1100 Vincentii
1376 1040 1469 1100 entra
1498 1055 1605 1100 muros
1634 1035 1746 1100 Vrati

332 1139 503 1204 siaoieuscs
525 1139 785 1203 monasteriorum
809 1137 976 1204 abbatibus
998 1158 1037 1204 ac
1059 1139 1176 1204 decom
1198 1160 1224 1204 s.
1246 1136 1389 1225 Apricoii
1409 1139 1643 1205 Aninionensis.

308 1253 377 1408 Ιιὲ
1029 1275 1124 1361 Apso
1154 1276 1391 1358 unanimam,
1415 1279 1502 1344 1360
1523 1278 1618 1345 oeno
1640 1277 1695 1344 25.

363 1449 395 1502 R.
414 1452 464 1502 An.
485 1454 533 1503 143
552 1448 599 1504 fol.
619 1423 687 1505 483³.
710 1479 735 1490 -
771 1449 796 1514 ι)
815 1447 978 1515 ,Slsucouin¹
996 1449 1046 1502 nv.

883 1660 1090 1672 ———

234 1831 351 1897 1088.
378 1830 563 1914 Compositio
596 1830 755 1897 lobannis
788 1831 827 1895 de
860 1830 1091 1915 Braudcnburp
1122 1851 1219 1915 super
1253 1829 1384 1896 anuntio
1413 1829 1451 1895 de
1483 1830 1677 1896 canonicatu
1710 1835 1746 1897 et

230 1935 411 2018 praebendo
445 1935 591 2001 ecciesiae
627 1936 654 2001 b.
694 1935 824 2002 Mariae
855 1932 1022 2019 Aquensis,
1059 1935 1278 2019 praesentibus
1323 1933 1511 2001 ibicodcrico
1560 1935 1598 2002 dc
1636 1932 1745 2001 Curia

232 2045 263 2104 et
285 2039 438 2106 Mieboele
461 2038 630 2107 Micbaeiis
662 2041 700 2106 de
722 2041 814 2106 Nova
845 2039 927 2106 Vitia
950 2040 1069 2106 clericis
1096 2041 1317 2124 Ibapcusisd
1339 2039 1520 2108 Leodicnsis
1549 2040 1627 2108 dioc.
1659 2041 1746 2124 „Dic

676 2143 772 2208 XXV
790 2145 907 2211 mensis
928 2145 1023 2214 Junii
1044 2165 1074 2209 a.
1099 2141 1300 2218 uocem

1329 2263 1332 2268 ’
1419 2283 1507 2350 roco
1527 2282 1622 2350 enni
1643 2284 1699 2348 25.

364 2473 430 2530 Call.
450 2473 538 2528 Alam.
556 2479 607 2528 ⁴292
626 2472 673 2529 fol.
693 2477 725 2526 τ’.
749 2503 775 2513 -
796 2471 847 2528 Ed.
865 2472 940 2542 opud
959 2471 1069 2539 Kirsch,
1089 2475 1216 2527 Annsten
1235 2472 1246 2525 1
1266 2488 1329 2542 pag.
1347 2476 1398 2527 856
1417 2487 1458 2526 nr.
1477 2477 1518 2526 34.

883 2685 1085 2692 .....——

237 2858 354 2926 1089.
379 2860 633 2939 lustramentum,
656 2876 715 2940 quo
740 2857 813 2921 Otto
835 2856 873 2921 de
905 2855 1006 2921 Nissa
1029 2874 1067 2920 ac
1089 2857 1213 2936 Petrus,
1236 2857 1348 2921 Hanco
1370 2859 1400 2920 et
1429 2853 1583 2920 Nicoiara
1609 2859 1745 2936 ,tratres

235 2961 312 3026 dicti
335 2962 475 3043 Durinpi
498 2961 579 3026 cives
609 2959 871 3027 Vratislaoicnses
892 2961 1030 3041 confessi
1052 2964 1199 3041 suerunt,
1220 2979 1254 3025 se
1276 2960 1311 3025 in
1333 2959 1473 3042 deposito
1501 2957 1615 3024 babere
1635 2963 1668 3025 et
1689 2981 1744 3025 re-

234 3065 387 3151 cepisseo
410 3063 560 3130 Precetao
582 3066 727 3148 episcopo
757 3063 998 3130 Vratistooiensi
1020 3084 1058 3130 oc
1081 3064 1223 3130 Aruaido
1246 3064 1283 3129 de
1313 3063 1534 3147 Lacoucina·)
1555 3062 1745 3131 scholastico

236 3169 434 3237 Crocouicusi
455 3174 521 3248 cte,
544 3170 579 3233 iu
602 3168 752 3233 Potoniae
774 3174 804 3234 ct
833 3168 994 3252 Unpariac
1015 3170 1120 3250 neonis
1143 3173 1173 3233 et
1192 3169 1342 3251 partibus
1364 3168 1594 3234 circumvicinis
1616 3174 1742 3253 aposto·

233 3275 313 3341 licae
334 3274 418 3340 sedis
447 3274 568 3353 nuncio,
592 3273 677 3338 milio
698 3274 837 3358 florenos
867 3274 941 3338 ouri
970 3272 1043 3337 boni
1076 3273 1114 3337 de
1144 3272 1309 3337 Florentia
1342 3292 1397 3336 seu
1433 3271 1588 3354 linearia,
1622 3273 1665 3337 de
1681 3295 1744 3359 pe·

234 3380 329 3444 onnia
351 3399 495 3444 camerae
518 3378 708 3460 apostolicae
725 3399 787 3460 per
801 3379 979 3460 episcopum
1001 3380 1031 3440 ct
1053 3377 1198 3440 nuntium
1218 3376 1402 3458 praedictos
1423 3376 1459 3441 in
1480 3374 1572 3441 dictis
1588 3375 1746 3461 portibus

232 3481 419 3560 recollectos,
442 3503 516 3567 quos
538 3482 664 3564 quidem
675 3481 816 3564 florenos
834 3479 997 3564 praedicti
1018 3481 1100 3545 ciues
1122 3478 1282 3547 Antbonio
1304 3483 1335 3544 et
1352 3479 1494 3546 Guidoui
1514 3481 1746 3550 merodoru'bus

233 3585 419 3652 Astansibus
452 3590 509 3654 out
530 3585 675 3675 Mauueli
708 3586 745 3650 de
767 3584 853 3649 Bato
886 3589 943 3650 out
959 3581 1221 3669 procuratoribus
1252 3584 1394 3668 ipsorum
1416 3585 1451 3649 iu
1471 3584 1550 3650 oilla
1584 3587 1746 3671 omenes·

235 3694 320 3757 o25
343 3691 394 3755 die
415 3691 535 3784 mensis
554 3690 649 3756 Junii
682 3689 726 3754 ad
747 3693 790 3755 12
812 3709 933 3755 menses
968 3689 1086 3754 soioere
1105 3689 1341 3771 promiseruut.'
1363 3688 1447 3770 „Sub
1470 3692 1571 3755 auuo“
1607 3691 1746 3770 ,Actum

235 3818 254 3861 a
257 3843 373 3860 .....
398 3792 581 3873 ΜΟΟΟΖΧ,
605 3794 777 3859 indiccione
802 3795 895 3873 XIII,
919 3793 971 3858 die
994 3791 1090 3856 XXV
1111 3793 1228 3857 mensis
1249 3793 1352 3874 Junii,
1385 3792 1465 3859 bora
1487 3794 1581 3875 quasi
1608 3795 1745 3879 comple·

233 3899 308 3963 torii
330 3901 365 3962 in
379 3898 468 3962 domo
491 3898 611 3962 domini
633 3897 825 3963 Lubuccusis
848 3898 985 3981 episcopi
1007 3896 1211 3962 Wrotisiauie
1212 3896 1461 3981 ,.pontiJia'atus
1480 3945 1514 3963 ..
1534 3899 1747 3964 ,resecanur

230 4024 316 4085 pape
347 4003 392 4065 VI
409 4023 438 4066 a.
463 4005 579 4066 octauo.
610 4002 866 4068 Prosentibus..
887 4001 1115 4067 “broucisoo
1141 4000 1283 4085 episcopo
1315 3998 1505 4081 Cauticeusi,
1536 3999 1745 4088 suffrapaueo

289 4104 481 4188 .cpiseopi
511 4106 597 4170 Wrat
583 4103 791 4184 tubuniensis,
819 4109 849 4169 et
870 4104 1002 4170 Andrca
1032 4103 1146 4169 abbate
1170 4104 1373 4186 Campncnsis
1402 4105 1588 4171 monosterii
1625 4104 1745 4172 Wrati·

232 4153 405 4275 sianiensis
428 4209 507 4273 dioc.
540 4205 758 4273 Cistercieusis
788 4209 918 4285 ordinis,
944 4208 1087 4278 bbnrado
1116 4209 1155 4272 de
1180 4207 1314 4274 Tburono
1338 4213 1623 4293 procuratore..
1643 4210 1745 4296 .cpi

234 4315 320 4398 scopi
351 4312 630 4387 Wratisiauiensis,
653 4309 799 4377 Jobaune
821 4313 859 4377 de
884 4310 1029 4378 Obicbou
1051 4312 1242 4377 vicesimode
1272 4310 1491 4379 Cracooieusis
1514 4333 1552 4380 oc
1574 4315 1746 4384 manuleo

236 4418 273 4482 de
298 4417 492 4500 Constoutpn
514 4418 715 4484 ecclesiarum
732 4416 879 4501 plebanis
901 4436 1019 4483 necnon
1041 4416 1188 4484 Jobouuc
1210 4417 1334 4482 notario
1351 4465 1359 4481 .
1379 4468 1386 4483 .
1406 4468 1440 4485 ..
1463 4415 1618 4502 officiatis
1650 4418 1741 4487 Wro-

681 4521 878 4587 tislauicnsis
899 4521 1029 4588 testibus
1051 4519 1096 4586 ad
1113 4523 1300 4605 premissa.“

1168 4660 1390 4736 Vrotislaoiac,
1420 4663 1507 4730 1360
1526 4663 1623 4732 Junii
1644 4665 1699 4730 25.

364 4851 407 4905 Ex
424 4851 549 4906 instrum.
569 4851 672 4905 miscel.
691 4866 767 4918 copo.
785 4855 836 4903 2⁴25
854 4865 894 4904 nr.
913 4855 955 4904 25.
979 4879 1003 4890 -
1032 4849 1079 4903 Ed.
1099 4849 1173 4919 opud
1191 4849 1318 4915 Th0iner,
1337 4851 1411 4906 Mon.
1436 4850 1494 4905 Pol.
1515 4851 1528 4905 l
1546 4867 1608 4921 με.
1628 4858 1690 4908 595.
1710 4884 1744 4896 -

237 4944 262 5005 ³)
282 4938 420 5014 ,Caucins‘
439 4954 488 4992 ms.

235 5219 353 5286 1090.
379 5219 636 5294 instrumentum,
660 5236 718 5300 quo
743 5217 856 5280 Petrus
880 5215 918 5280 dc
949 5213 1083 5280 aaaron
1105 5216 1275 5282 canonicus
1297 5216 1444 5282 ecciesiae
1482 5215 1745 5285 Vratisiaoieusis

235 5328 266 5388 et
288 5322 443 5388 irenaceo
466 5321 504 5386 de
526 5320 679 5402 Zettin·),
703 5317 882 5384 Richardus
905 5317 943 5384 dc
978 5318 1084 5386 Gubin
1106 5324 1136 5386 et
1159 5320 1312 5387 Nicotaus
1337 5320 1492 5388 Gausbitc
1513 5340 1552 5386 ac
1573 5321 1743 5390 Jobannes
