3944 6060
764 425 830 473 1319
850 418 953 488 Aprilis
972 425 988 472 2
1007 450 1039 460 —
1058 419 1163 489 Aprilis
1183 427 1208 475 4.
1676 426 1740 494 357

238 627 321 694 904.
348 627 509 705 Omnibus,
533 602 588 711 qui
607 629 759 710 reliquias
774 630 809 692 in
830 630 954 712 capella
977 632 1128 697 inccslro
1151 632 1315 697 Karistein
1334 631 1502 697 collocatos
1525 633 1738 714 visitaverint,

756 731 971 815 indulgentiae
993 736 1211 800 conceduntur.

1217 873 1381 957 Arianae,
1407 873 1491 939 1359
1513 874 1639 957 Aprilis
1661 876 1691 940 4.

359 1061 525 1127 Universis
542 1062 660 1127 Christi
673 1061 819 1127 fidelibus
830 1068 996 1145 presentes
1007 1063 1132 1129 litteras
1153 1065 1490 1148 inspecturissalutem
1502 1073 1562 1132 etc.
1577 1065 1734 1150 Splendor

237 1172 362 1248 paterne
375 1166 490 1249 glorie.
507 1214 534 1231 ..
550 1217 556 1231 .
570 1166 647 1232 Cum
659 1169 779 1248 itaque,
793 1167 876 1232 sicut
887 1167 1029 1234 exhibita
1046 1169 1136 1235 nobis
1148 1189 1204 1251 pro
1214 1175 1305 1251 parte
1366 1220 1371 1231 .
1388 1220 1394 1234 .
1409 1170 1513 1235 Caroli
1527 1172 1735 1236 Romanorum

236 1271 431 1352 imperatoris
451 1322 456 1334 .
477 1322 483 1334 .
503 1321 511 1335 .
532 1323 538 1335 .
554 1278 588 1335 et
600 1271 729 1336 Boemie
742 1271 827 1353 regis
839 1271 974 1336 illustris
990 1272 1108 1354 peticio
1125 1275 1316 1349 continebat,
1328 1275 1398 1356 ipse
1414 1275 1447 1338 in
1463 1275 1596 1355 quadam
1611 1276 1734 1341 solenni

236 1393 321 1439 cruce
345 1393 451 1451 aurea,
482 1377 613 1458 gemmis
636 1381 671 1440 et
692 1376 852 1459 lapidibus
883 1377 1126 1458 preciosissimis
1144 1379 1301 1452 ‘decorata
1323 1382 1357 1442 et
1387 1380 1529 1460 reposita
1550 1379 1584 1443 in
1607 1381 1730 1462 capella

236 1480 374 1560 quadam,
396 1498 454 1561 per
476 1498 548 1544 eum
570 1479 603 1544 iu
619 1487 722 1545 castro
746 1497 802 1545 suo
820 1480 982 1545 Karisteiu
1006 1481 1176 1564 Pragensis
1196 1481 1275 1545 dioc.
1300 1481 1450 1546 canonice
1466 1480 1607 1564 fundata,
1629 1490 1733 1548 certas

235 1591 337 1668 partes
360 1584 400 1648 de
423 1584 509 1665 ligno
532 1583 655 1649 vivifice
679 1585 781 1648 crucis
805 1591 839 1648 et
861 1583 991 1671 unum·)
1015 1603 1055 1649 eu
1079 1586 1177 1650 clavis
1200 1604 1236 1649 ac
1260 1585 1300 1649 de
1323 1586 1457 1668 spongia
1488 1605 1631 1653 necnon
1656 1588 1735 1654 duas

235 1709 268 1754 ex
292 1688 428 1773 [s]pinisv
444 1708 557 1754 corone
592 1689 701 1770 spinea
733 1689 900 1754 salvatoris
934 1691 1033 1755 nostri
1058 1691 1175 1754 domini
1208 1690 1285 1754 lesu
1309 1688 1427 1754 Christi
1476 1691 1647 1773 inquibus
1678 1712 1734 1775 pro

232 1795 328 1859 solute
352 1793 480 1857 humani
503 1794 628 1875 generis
652 1794 896 1859 sacratissimam
910 1795 1062 1858 sustinuit
1085 1796 1275 1876 passionem.
1299 1812 1357 1858 nec
1382 1795 1502 1859 nonde
1527 1795 1732 1861 simeonis

235 1900 376 1982 Baptista
410 1906 445 1963 et
467 1897 538 1962 aliis
572 1898 715 1981 pluribus
738 1899 837 1962 sacris
870 1898 1014 1979 reliquiis
1036 1898 1216 1984 ,honorifice
1252 1900 1427 1980 collocavit,
1462 1918 1520 1965 uos
1556 1901 1732 1984 cupientes,

234 2005 311 2086 quod
334 2003 477 2085 predicte
501 2003 635 2083 reliquie
667 2004 813 2086 congruis
837 2003 1008 2068 honoribus
1031 2010 1224 2068 venerentur
1226 2054 1342 2079 .....
1377 2007 1520 2069 omnibus
1544 2023 1618 2070 vere
1642 2008 1730 2090 peni-

233 2110 370 2176 tentibus
393 2115 427 2172 et
449 2106 612 2186 confessis,
647 2109 699 2189 qui
724 2108 765 2172 ad
795 2108 964 2172 videndum
1000 2107 1142 2189 prefatas
1175 2108 1335 2191 reliquias,
1359 2110 1432 2173 dum
1466 2127 1521 2174 eas
1551 2110 1734 2193 ubicunque

233 2213 504 2280 semeldumtarat
526 2211 559 2276 iu
583 2230 676 2292 arrno,
699 2212 731 2276 iu
754 2212 936 2277 memoriam
959 2212 1060 2295 ipsius
1084 2214 1299 2278 sacratissime
1322 2213 1481 2296 passionis
1504 2214 1630 2279 ostendi
1654 2235 1731 2281 con.

232 2319 347 2404 tigerit,
372 2317 486 2382 devote
502 2317 710 2405 porrexerint,
735 2323 858 2400 septem
882 2336 981 2383 annos
1004 2323 1038 2382 et
1053 2323 1177 2400 septem
1200 2318 1420 2400 quadragenas
1443 2317 1482 2382 de
1506 2317 1658 2383 iniunctis
1682 2319 1730 2384 eis

231 2421 418 2508 penitenciis
441 2418 690 2489 misericorditer
713 2422 900 2487 relaxamus.
926 2423 965 2489 D.
989 2422 1145 2488 buinione
1168 2421 1200 2488 ll
1223 2442 1294 2487 non.
1320 2421 1438 2504 Aprilis
1462 2441 1489 2486 a.
1515 2424 1665 2505 septimo.

356 2611 388 2666 lt
408 2613 457 2665 dv.
477 2617 524 2665 111
544 2610 591 2665 iol.
610 2615 669 2676 517,
696 2611 727 2665 R.
747 2611 807 2664 Vat.
832 2617 883 2664 240
903 2610 949 2664 iol.
972 2616 1010 2665 14.
1031 2642 1062 2651 -
1087 2613 1153 2682 Reg.
1179 2611 1252 2682 apud
1273 2610 1437 2680 Werunslry‚
1456 2611 1595 2683 Excerpta
1620 2629 1659 2666 ur.
1679 2618 1730 2668 481

232 2706 257 2755 et
273 2698 374 2765 liuber,
394 2699 459 2768 Reg.
477 2698 545 2767 lmp.
563 2697 630 2753 Vlll
647 2714 707 2768 pag.
728 2704 774 2753 791
795 2713 836 2751 nr.
855 2703 913 2752 319.
934 2727 967 2738 -
986 2704 1013 2764 ⁸)
1031 2703 1103 2767 ,uuo‘
1121 2703 1171 2753 Ar.
1190 2730 1223 2740 -—
1242 2698 1319 2754 (loni.
1339 2715 1379 2752 nr.
1398 2704 1457 2753 617.

234 3120 317 3188 905.
343 3120 498 3205 Magistro
524 3124 672 3200 fratrum
702 3120 823 3185 ordinis
849 3120 1107 3203 praedicatonem
1126 3120 1331 3204 promovendi
1345 3121 1495 3198 facultas
1517 3120 1561 3186 aci
1583 3117 1729 3186 bonorem

233 3227 404 3306 mopislcrii
425 3226 460 3288 ia
482 3245 577 3290 sacra
605 3227 730 3308 popina
764 3227 798 3288 ia
829 3223 971 3305 pcacrali
1001 3225 1140 3306 cap—italo
1163 3226 1197 3288 ia
1220 3226 1346 3291 civitate
1368 3227 1523 3308 Prapercsi
1546 3226 1729 3291 celebrando

233 3349 323 3394 anum
344 3331 447 3394 virum
470 3349 635 3394 sacrorum
658 3329 823 3393 lectionum
838 3328 941 3392 studio
957 3327 1106 3406 deditum,
1130 3350 1151 3392 a
1175 3326 1286 3394 Curoio
1304 3332 1516 3394 Rornanorum
1540 3329 1729 3412 imperatore

590 3437 620 3498 ci
644 3433 812 3498 Bobcrnicc
834 3454 904 3513 repe
926 3434 1161 3511 terminandam,
1177 3433 1363 3497 conceditur.

275 3588 323 3640 ,X
334 3629 340 3641 .
1220 3573 1377 3654 Asiaticae,
1403 3572 1486 3632 1359
1508 3570 1632 3655 Aprilis
1653 3575 1683 3635 4.

356 3764 393 3828 l).
417 3762 487 3827 1...
512 3763 663 3844 magistro
686 3763 819 3828 fratrum
843 3764 962 3828 ordinis
989 3764 1223 3846 predicatorum
1247 3763 1382 3826 salutem
1406 3769 1467 3826 etc.
1508 3763 1641 3844 Exigit.
1663 3814 1669 3826 .
1690 3815 1696 3825 .
1718 3813 1724 3825 .

236 3865 333 3933 Caroli
356 3869 567 3932 Romanorum
600 3869 855 3950 imperatoris..
878 3919 910 3932 ..
934 3873 968 3932 et
990 3867 1120 3932 Boemie
1154 3867 1239 3948 regis
1273 3866 1408 3931 illustris
1442 3867 1567 3930 sincera
1598 3867 1727 3932 devocio

236 4021 289 4035 ...
312 4023 329 4056 .,
353 3978 391 4037 ut
411 3972 624 4055 peticionibus
648 3974 714 4038 suis
744 3980 778 4037 et
800 3975 968 4055 presertim
989 3973 1062 4044 illis,
1086 3991 1147 4052 que
1177 3971 1209 4033 in
1240 3973 1310 4052 ipsa
1344 3971 1396 4034 dei
1419 3972 1556 4035 ecclesia
1590 3970 1725 4035 fructum

235 4076 324 4141 silere
361 4078 500 4160 valeant,
536 4076 754 4143 favorabiliter
776 4096 958 4141 annuamus
994 4077 1076 4140 Hinc
1099 4083 1158 4154 est,
1194 4077 1277 4158 quod
1311 4094 1369 4141 nos
1404 4061 1510 4158 ipsius*
1526 4061 1727 4158 imperatoris

235 4181 512 4265 supplicaciouibus
536 4182 688 4261 inclinati,
712 4183 779 4259 tibi,
805 4190 850 4261 ut,
875 4181 1103 4263 quamprimum
1120 4181 1151 4244 in
1170 4182 1299 4244 civitate
1315 4181 1476 4262 Prageusi,
1494 4199 1555 4260 que
1578 4181 1610 4243 iu
1627 4181 1727 4261 ipsius

235 4281 330 4351 Caroli
353 4286 483 4352 Boemie
507 4304 604 4368 regno
629 4287 774 4351 consistit
797 4292 831 4349 et
853 4284 995 4367 generali
1026 4286 1144 4366 gaudet
1167 4287 1272 4350 studio
1297 4286 1472 4358 literarum,
1504 4285 1653 4365 generale
1677 4304 1726 4348 ca·

234 4388 359 4470 pitulum
372 4390 503 4455 fratrum
522 4391 567 4455 tui
585 4391 705 4456 ordinis
728 4391 899 4473 contigerit
922 4390 1085 4471 celebrari,
1108 4410 1203 4453 rrnmu
1228 4390 1328 4453 virum
1352 4390 1519 4470 ydoneum,
1544 4388 1725 4469 religiosum

234 4494 276 4558 vel
298 4495 483 4577 secularem,
508 4513 667 4559 sacrarum
699 4496 873 4559 leccionum
898 4495 1004 4559 studio
1036 4495 1176 4558 deditum
1209 4500 1242 4556 et
1265 4494 1296 4556 iu
1319 4494 1392 4573 lege
1417 4493 1534 4555 domiui
1558 4492 1725 4573 eruditum,

233 4614 317 4677 quem
339 4599 399 4664 tibi
420 4598 565 4681 prelatus
588 4600 760 4681 imperator
783 4600 910 4663 duxerit
932 4599 1164 4677 nominandum,
1199 4598 1314 4660 sicum
1338 4616 1395 4677 per
1420 4595 1628 4661 sufficientem
1652 4615 1723 4660 exn·

232 4702 432 4768 minacionem
467 4708 552 4768 tuam
577 4704 766 4769 stallorum
802 4706 833 4767 in
858 4721 949 4767 sacra
972 4703 1087 4785 pagiua
1109 4702 1329 4782 iringistrorum
1355 4701 1484 4782 ordinis,
1509 4701 1617 4781 quiin
1641 4700 1725 4765 dicto

233 4807 363 4889 capitulo
386 4807 574 4888 intererunt,
598 4812 632 4871 et
655 4808 752 4871 studii
776 4808 989 4889 predictorum
1015 4807 1054 4869 ad
1078 4805 1313 4887 suscipiendum
1329 4805 1362 4868 in
1379 4805 1489 4869 eadem
1507 4822 1596 4868 sacra
1612 4804 1726 4886 pagina

233 4912 429 4994 magistratus
452 4911 602 4976 honorem
626 4910 836 4977 sufficientem
859 4917 892 4974 et
916 4911 994 4973 alias
1024 4910 1195 4974 laudabilis
1218 4909 1283 4973 vite
1307 4927 1343 4972 ac
1367 4911 1448 4973 bone
1471 4908 1553 4971 fame
1577 4925 1649 4971 esse
1673 4926 1723 4973 rc-

232 5016 376 5095 pereris.
397 5066 404 5080 .
425 5067 431 5079 .
452 5067 458 5080 .
478 5017 517 5080 ad
541 5015 691 5080 honorem
716 5017 816 5097 ipsius
836 5014 952 5097 prefati
976 5013 1163 5096 magisterii,
1180 5013 1418 5093 quibuscunque
1443 5012 1725 5076 constituciouibus

232 5133 283 5184 uec
304 5139 365 5185 uon
400 5120 529 5184 statutis
564 5126 597 5183 et
620 5119 902 5184 consuetudinibus
937 5138 973 5182 ac
996 5118 1172 5199 privilegiis
1207 5118 1342 5198 predicti
1366 5123 1400 5181 et
1423 5117 1555 5180 aliorum
1580 5134 1725 5195 quorum·

232 5220 303 5289 libet
323 5225 501 5290 studiorum
524 5225 691 5289 contrariis
724 5243 920 5305 nequaquam
951 5222 1160 5302 obstantibus
1193 5222 1423 5285 constitucione
1458 5228 1564 5284 tannen
1601 5218 1725 5282 concilii

233 5323 414 5394 Viennensis
438 5339 471 5394 et
494 5329 565 5393 aliis
588 5330 621 5393 in
644 5329 702 5394 lroc
726 5329 843 5393 debitis
874 5335 907 5392 ct
937 5329 1097 5392 consuetis
1122 5325 1366 5389 solennitatibus
1391 5324 1576 5396 observatis
1602 5339 1723 5403 promo·
