3944 6060
787 424 942 498 44141414
962 447 997 497 ss
1014 471 1048 482 —
1066 440 1135 497 Julti
1155 448 1197 498 41.
1698 444 1742 513 55

354 653 385 707 R
411 652 470 706 Vct
496 654 547 704 235
573 649 620 704 tol.
648 654 715 716 1³8⁴,
741 650 772 706 R.
798 651 859 708 Vat.
889 656 940 706 242
967 649 1012 706 tol.
1051 656 1093 717 67,
1126 651 1157 706 R.
1182 652 1243 707 Vct.
1272 658 1323 707 244
1358 653 1382 707 Δ
1406 651 1540 719 (Arctet.)
1565 667 1605 704 nr.
1631 656 1688 705 142.
1710 681 1740 690 -

237 744 263 806 ⁸)
287 739 429 808 Sequitur:
459 745 496 804 ,et
523 737 641 793 aliarum
668 738 719 792 441)
732 738 797 808 e[a]‘
821 738 885 805 ,sed
896 738 1077 794 cancellatum
1086 739 1233 794 inhrchet.
1266 740 1292 803 b)
1322 739 1459 810 sequitur:
1488 739 1575 809 ,ipset
1602 738 1651 794 sed
1679 753 1741 792 can·

237 827 361 881 4611441141
378 827 407 881 14
418 826 528 881 Archet.
552 831 576 891 e)
595 826 733 895 sequitur:
743 826 887 891 ,ecclesie¹,
901 824 949 879 sed
968 827 1148 880 cancellatum
1155 827 1182 880 in
1192 828 1302 881 Archet.
1318 828 1343 894 d)
1350 828 1503 890 ‚levaretur‘
1515 827 1570 881 alio
1589 834 1741 882 atramento

237 931 316 983 supra
326 914 375 969 lin.
388 920 538 969 correctum
548 931 597 984 pro
605 934 611 968 :
620 914 785 979 ,reservavit
795 912 914 983 genuine
923 913 1023 981 posito,
1042 913 1091 968 sed
1101 914 1253 968 cancellato
1266 914 1294 967 in
1310 915 1428 977 4141164,
1436 914 1483 969 ubi
1493 921 1556 984 post
1566 915 1617 969 hoc
1629 915 1741 969 verbum

237 999 323 1054 adhuc
342 1001 480 1070 sequitur:
498 1003 627 1071 ,Ideoque
645 1001 806 1055 discretioni
825 1008 871 1055 tue
890 1016 939 1071 per
957 1001 1111 1071 apostolica
1129 1001 1232 1070 scripta
1251 1001 1420 1067 mandamus,
1439 1002 1569 1070 quatinus
1582 1001 1741 1057 huiusmodi

239 1087 316 1142 unius
335 1088 400 1142 anni
420 1087 592 1159 deci[1nam]‘,
611 1088 659 1143 sed
683 1089 734 1142 hoc
759 1088 869 1142 omnino
888 1090 1068 1143 cancellatum
1088 1087 1182 1142 existit
1196 1088 1226 1141 in
1238 1089 1346 1143 11141164.
1363 1092 1387 1153 ⁸)
1409 1087 1553 1157 Sequitur:
1573 1094 1688 1158 ,partem
1707 1103 1741 1141 ex

237 1189 277 1228 ea
289 1175 401 1229 Roman.
411 1178 460 1240 ac‘,
472 1176 521 1230 sed
528 1175 710 1229 cancellatum
721 1175 748 1228 in
759 1174 868 1229 Archet.
889 1172 911 1238 ¹)
927 1176 1123 1246 ,cuiuscunque
1134 1183 1223 1232 status
1234 1208 1266 1216 -
1277 1176 1420 1246 dignitate‘
1429 1176 1484 1231 alio
1494 1183 1646 1231 atramento
1657 1192 1742 1245 supra

237 1261 282 1314 lin.
300 1269 453 1316 correctum
472 1277 535 1331 pro:
554 1263 702 1331 ,quoslibet
720 1269 748 1317 et
765 1263 883 1317 rebelles
911 1263 1075 1318 auctoritate
1098 1270 1195 1318 nostra
1211 1279 1262 1332 per
1282 1279 1426 1318 censuram
1453 1262 1678 1318 664164144414441ι
1696 1278 1739 1332 ge·

237 1348 318 1403 nuiue
342 1349 442 1418 posito,
462 1349 509 1404 sed
535 1350 685 1405 cancellato
709 1349 737 1403 in
756 1350 1122 1412 11141164-1111641144.
1151 1351 1163 1403 1
1186 1367 1225 1403 41.
1248 1356 1321 1404 1447.
1345 1380 1371 1389 -
1393 1350 1425 1403 14
1441 1356 1517 1419 tergo
1541 1350 1665 1404 Archetz
1692 1349 1741 1415 ,Ill

236 1434 288 1488 kal.
306 1436 425 1505 Augusti
443 1452 467 1490 a.
487 1437 585 1506 primo‘
603 1443 631 1491 et
647 1435 764 1491 interius
782 1436 839 1490 alio
857 1443 1023 1493 atramento:
1045 1437 1096 1506 ,Rj.
1118 1435 1200 1489 ·1¹1·‘.

886 1649 1092 1658 -—-———

239 1818 323 1884 130.
349 1816 483 1884 Carolus
507 1819 720 1883 Romanorum
741 1825 772 1885 et
794 1817 965 1884 Bohemioe
989 1839 1047 1884 rea
1069 1819 1238 1904 supplicat,
1268 1824 1423 1901 quatenus
1445 1820 1577 1885 Nicolao
1601 1819 1740 1889 Fridliai

238 1921 272 1985 de
293 1919 431 1986 11114144
446 1921 726 1989 archidiaconatus
748 1923 994 1990 Boleslaoieusis
1023 1929 1216 2005 conferatur.
1253 1924 1356 2006 ,Fiat
1385 1924 1416 1988 si
1437 1944 1499 1988 uon
1514 1925 1621 2004 suerit
1644 1922 1741 1988 alteri

238 2025 282 2089 ius
304 2027 460 2108 quesitum
495 2028 536 2093 G.
559 2027 633 2095 Sine
655 2027 723 2094 alia
745 2028 882 2094 leccioue.
916 2028 993 2092 Fiat
1018 2029 1056 2095 G.
1080 2030 1121 2094 D.
1147 2028 1234 2113 apud
1263 2028 1494 2093 Villamnouam
1518 2027 1741 2094 Auinioneusis

685 2132 763 2198 dioc.
786 2135 826 2197 II
842 2130 907 2198 bal.
932 2132 1071 2215 Aupusti
1093 2156 1123 2197 a.
1142 2133 1277 2215 primo.“

1041 2271 1138 2356 Apud
1170 2271 1407 2350 Villamaooam,
1431 2272 1696 2338 1353441431.

363 2456 393 2510 R.
414 2456 508 2526 Suppl.
528 2465 561 2512 24
581 2458 626 2512 iol.
647 2463 696 2512 38‘.

241 2808 322 2873 131.
356 2807 512 2889 Episcopo
545 2806 742 2872 olomucensi
770 2811 801 2871 et
830 2807 947 2873 decano
988 2809 1242 2889 Vissepradeasa's
1266 2830 1303 2875 ac
1336 2810 1490 2874 sacristae
1519 2808 1739 2873 avinionensis

240 2911 433 2975 ecclesiarum
466 2909 647 2988 mandatur,
681 2916 834 2995 quatenus
869 2912 999 2977 Nicolao
1032 2913 1171 2978 Fridliui
1204 2913 1242 2978 de
1275 2915 1410 2978 Bouana
1445 2911 1737 2978 archidiaconatum

611 3015 872 3080 Boleslaoiensem
894 3020 968 3081 tuuc
989 3022 1153 3083 oaeautem
1175 3019 1353 3097 consuant.

303 3121 336 3292 ’νέ
1037 3170 1134 3255 spuo
1164 3172 1402 3255 1111444444,
1427 3173 1510 3238 1353
1533 3170 1618 3239 aaa
1640 3172 1691 3234 31.

360 3359 440 3425 Ven.
464 3360 556 3426 11...
580 3360 729 3444 episcopo
756 3361 958 3427 olomucensi
981 3368 1015 3427 64
1038 3363 1088 3427 dd.
1113 3362 1146 3427 n.
1167 3413 1201 3428 ..
1226 3363 1346 3428 decano
1372 3362 1644 3444 wissegradensis
1660 3361 1736 3424 Pra-

237 3465 337 3546 gensis
361 3483 397 3529 ac
420 3465 553 3529 sacriste
569 3465 792 3530 Aninionensis
807 3466 1158 3532 ecclesiarumsalutem
1175 3473 1234 3531 644.
1260 3465 1478 3549 Suffragancia
1501 3466 1530 3529 d.
1547 3464 1568 3529 f.
1587 3465 1736 3544 11146141)

236 3567 363 3633 11141141
387 3569 427 3633 de
450 3569 579 3634 Brunna
600 3570 743 3635 canonici
775 3570 910 3634 ecclesie
934 3570 1130 3636 Brunuensis
1154 3571 1375 3636 Olomucensis
1399 3570 1490 3650 dioc,
1514 3569 1682 3651 probitatis
1706 3575 1740 3632 et

235 3671 382 3737 virtutum
404 3672 526 3755 merita,
555 3691 652 3755 super
673 3674 786 3754 quihus
817 3675 902 3756 apud
923 3693 980 3739 nus
1003 3673 1161 3757 fidedigno
1184 3675 1423 3739 commendatur
1452 3672 1643 3752 testimonio,
1681 3690 1739 3736 nos

234 3774 392 3850 inducunt,
408 3783 444 3840 ut
459 3776 520 3841 sibi
535 3777 705 3842 reddamur
720 3777 761 3841 ad
776 3778 915 3860 graciam
929 3779 1089 3843 liberales.
1106 3778 1190 3843 Olim
1201 3779 1569 3859 siquidemintendentes
1582 3777 1621 3840 de
1638 3775 1738 3839 archi·

235 3880 399 3945 diaconatu
423 3881 655 3946 Boleslauiensi
676 3882 710 3945 in
733 3882 868 3946 ecclesia
890 3882 1051 3974 Pragensi,
1074 3900 1167 3963 quem
1191 3883 1349 3964 quondam
1364 3883 1478 3947 Petrus
1495 3881 1737 3946 archidiaconus

235 3984 479 4050 Boleslauiensis
501 3985 534 4049 in
557 3986 668 4050 eadem
694 3986 839 4067 ecclesia,
872 3986 945 4049 dum
969 3987 1099 4064 viveret,
1124 3986 1297 4066 obtinebat,
1324 4005 1394 4050 cum
1416 3986 1506 4050 illurn
1530 4002 1642 4047 vacare
1666 4002 1738 4046 con-

235 4088 379 4170 tingeret,
401 4105 460 4171 per
481 4090 654 4171 apostolice
678 4091 764 4155 sedis
787 4091 1022 4172 providenciam
1042 4089 1191 4170 ordinari,
1215 4089 1503 4156 archidiaconatum
1527 4090 1639 4172 ipsum,
1665 4089 1737 4152 dum

235 4191 332 4257 adhuc
354 4192 439 4256 idem
461 4192 576 4259 Petrus
600 4201 711 4276 ageret
732 4195 765 4259 iu
787 4194 943 4271 humanis,
975 4194 1127 4259 videlicet
1148 4213 1220 4258 non.
1245 4192 1391 4258 ianuarii
1414 4195 1559 4276 proxime
1582 4191 1739 4284 preteriti,

235 4295 303 4361 duur
327 4304 435 4361 tamen
457 4297 732 4372 archidiaconatus
756 4298 824 4379 ipse
848 4298 987 4380 dignitas
1003 4299 1168 4379 existeret,
1193 4298 1304 4362 autad
1328 4298 1416 4361 illum
1441 4297 1644 4362 consueverit
1667 4296 1738 4376 quis

232 4419 287 4482 per
308 4401 501 4466 eleccionem
517 4403 645 4484 assumi,
669 4402 833 4468 4411441441
849 4408 882 4466 64
897 4402 1101 4484 dispositioni
1120 4407 1228 4467 nostre
1242 4402 1388 4467 duximus
1403 4421 1442 4466 64
1458 4403 1525 4466 1166
1542 4401 1739 4483 specialiteri

232 4505 482 4570 reservandum..
502 4556 509 4570 .
529 4555 536 4569 .
556 4558 563 4570 .
591 4506 668 4572 Cum
690 4507 799 4588 itaque
822 4506 1031 4588 postmodum,
1047 4506 1131 4571 sicut
1146 4506 1335 4588 accepimus
1362 4506 1638 4570 archidiaconatus
1658 4506 1737 4587 ipse,

232 4609 338 4690 quiin
362 4609 450 4674 dicta
470 4609 623 4692 Prageusi
645 4609 781 4675 ecclesia
804 4611 942 4693 dignitas
969 4610 1089 4690 existit,
1113 4628 1170 4691 per
1193 4610 1313 4675 obitum
1338 4611 1416 4676 dicti
1439 4610 1537 4688 Petri,
1571 4610 1623 4690 qui
1647 4615 1739 4673 extra

234 4712 402 4778 Romanam
426 4713 546 4778 curiam
569 4714 653 4778 diem
677 4714 792 4779 clausit
807 4721 993 4797 extremum,
1017 4715 1178 4779 vacaverit
1194 4721 1227 4779 et
1243 4721 1334 4781 vacet
1350 4717 1389 4779 ad
1406 4733 1546 4797 presens,
1569 4714 1738 4794 nullusque

232 4823 338 4898 preter
359 4836 419 4884 nos
441 4817 501 4882 hac
523 4817 592 4883 1146
608 4819 648 4883 de
664 4819 719 4884 illo
736 4820 905 4901 disponere
922 4818 1065 4901 potuerit
1080 4837 1183 4899 neque
1200 4820 1303 4900 possit
1318 4819 1538 4885 reservacicne
1560 4824 1594 4882 et
1609 4818 1738 4882 decreto

230 4922 458 4988 obsistentibus
488 4923 688 5006 supradictis,
721 4941 779 4988 nos
809 4924 953 4989 volentes
984 4925 1069 4988 dicto
1100 4921 1232 4988 Nicolao
1252 4976 1259 4988 .
1279 4975 1285 4986 .
1308 4975 1339 4988 ..
1372 4923 1708 4988 consideracione...
1732 4973 1736 4983 .

235 5023 338 5092 Karoli
361 5027 573 5091 Romanorum
605 5033 639 5091 et
661 5027 792 5092 Boemie
815 5027 900 5110 regis
923 5028 1069 5105 illustris
1107 5048 1163 5110 pro
1186 5028 1257 5109 ipso
1280 5027 1421 5109 Nicolao,
1450 5026 1567 5091 dilecto
1590 5025 1738 5089 familiari

232 5146 286 5196 suo
303 5184 310 5199 .
329 5182 336 5196 .
357 5183 363 5196 .
383 5181 400 5210 .,
424 5131 643 5214 supplicantis,
673 5132 810 5214 graciam
841 5130 946 5198 tacere
981 5132 1161 5214 specialem,
1192 5131 1380 5196 discrecioni
1403 5136 1510 5195 vestre
1539 5179 1627 5194 ....
1653 5147 1737 5192 mau-

233 5233 348 5318 damus,
379 5241 536 5318 quatenus
559 5255 615 5302 vos
634 5286 641 5299 .
661 5289 668 5301 .
688 5285 721 5300 ..
747 5236 864 5300 dictum
888 5236 1187 5318 archidiaconatum,
1218 5236 1254 5306 si,
1283 5242 1319 5299 ut
1341 5235 1546 5317 premittitur,
1574 5238 1674 5308 vacat,
1704 5239 1738 5294 et

234 5341 371 5422 tenpore
394 5339 469 5405 date
491 5340 691 5422 presencium
714 5358 776 5405 non
799 5340 905 5404 estin
928 5357 967 5404 eo
991 5339 1085 5403 alicui
1109 5339 1294 5421 specialiter
1315 5339 1366 5403 ius
1389 5340 1557 5420 quesitum,
1588 5336 1686 5401 eciam
1709 5335 1736 5398 si
