4358 6204
888 519 955 568 1353
974 515 1049 569 lunii
1069 521 1109 570 10.
1132 548 1159 556 -
1180 516 1257 571 Junii
1278 525 1319 570 11.
1816 519 1857 585 29

352 724 435 789 dicto
458 724 657 791 matrimonio
688 725 787 790 libere
818 731 851 791 et
874 727 960 791 licite
985 728 1114 792 valeant
1136 747 1331 810 permanere,
1364 729 1609 811 impedimentis,
1640 747 1700 810 que
1725 749 1763 794 ex
1788 747 1857 811 prc-

350 830 455 894 missis
470 832 670 913 proveniunt,
686 849 884 912 nequaquam
901 832 1109 914 obstantibus
1126 834 1298 916 dignemini
1317 835 1512 918 dispensare,
1532 834 1653 916 prolem
1676 838 1855 915 susceptam

351 940 385 999 et
407 935 639 1016 suscipiendam
662 936 835 1018 legitimam
861 937 1070 1002 decernendo.

482 1039 554 1103 Fiat
578 1039 613 1104 G.

482 1146 562 1208 Item
585 1145 751 1226 significat,
777 1147 869 1229 quod,
895 1167 964 1210 cum
981 1147 1184 1211 Czamborius
1202 1149 1240 1212 da
1258 1149 1422 1226 Pogorella
1443 1150 1663 1232 subdiaconum
1687 1149 1855 1214 canonicus

350 1248 484 1312 ecclesie
508 1248 790 1332 Wratislauiensis,
814 1252 948 1332 quadam
973 1251 1040 1315 vice
1065 1252 1188 1315 cuidam
1211 1252 1359 1318 familiari
1376 1273 1433 1318 suo
1450 1261 1581 1337 propter
1604 1254 1674 1319 eius
1698 1255 1854 1320 demerita

349 1352 512 1418 licenciam
544 1373 619 1419 ase
651 1355 820 1420 recedendi
850 1357 1001 1434 dedisset,
1033 1363 1067 1421 et
1089 1358 1288 1438 postmodum
1311 1361 1493 1425 sacerdotes
1525 1359 1636 1425 etalii
1660 1360 1752 1423 amici
1775 1359 1851 1424 dicti

349 1458 534 1523 subdiaconi
565 1460 694 1524 nimium
726 1465 759 1524 et
789 1461 937 1525 continue
961 1461 1140 1543 importune
1170 1464 1378 1546 instigassent
1400 1465 1502 1547 ipsum
1527 1464 1567 1528 ad
1590 1465 1849 1529 reassumendum

349 1561 389 1625 ad
404 1562 540 1642 graciam
557 1562 744 1628 familiarem
757 1565 943 1646 predictum,
959 1564 1061 1629 dictus
1078 1567 1289 1632 subdiaconus
1301 1575 1432 1652 propter
1444 1569 1715 1652 importunitatem
1731 1568 1855 1632 illorum

348 1672 537 1747 provocatus
561 1668 734 1750 cultellum,
759 1687 851 1749 quern
876 1676 950 1733 tunc
974 1669 1057 1733 circa
1074 1689 1108 1735 se
1124 1672 1270 1754 habebat,
1293 1674 1412 1739 exemit
1428 1679 1462 1740 et
1477 1674 1612 1756 proiecit
1632 1675 1672 1739 ad
1688 1673 1853 1756 parietem,

348 1771 403 1851 qui
425 1772 574 1836 cultellus
605 1773 644 1836 de
668 1775 791 1856 pariete
821 1775 968 1838 resiliens
999 1777 1156 1857 quendam
1188 1797 1318 1860 puerum
1347 1783 1422 1842 tunc
1445 1783 1583 1843 stantem
1606 1784 1641 1843 et
1663 1777 1854 1842 servientem

348 1893 452 1939 coram
475 1877 666 1943 subdiacono
690 1885 862 1944 nremomto
887 1880 1058 1944 casualiter
1081 1882 1268 1964 vulneravit,
1292 1884 1345 1964 qni
1368 1901 1448 1966 puer
1463 1884 1662 1966 postmodum
1687 1883 1853 1965 expiravit.

348 1978 462 2043 l'erum
489 2000 558 2044 cum
581 1983 743 2064 predictus
767 1984 978 2048 subdiaconus
1002 2004 1063 2050 nou
1087 1987 1274 2053 intendebat
1295 2007 1354 2052 nec
1370 1988 1507 2053 animum
1530 1987 1668 2053 habebat
1691 1987 1854 2053 offendere

348 2085 495 2168 aliquem,
527 2088 602 2166 quin
625 2106 696 2168 ymo
720 2088 759 2151 de
782 2093 883 2153 morte
907 2106 974 2171 sua,
1006 2107 1098 2169 quem
1123 2091 1236 2156 dilexit
1265 2093 1298 2156 in
1324 2093 1391 2156 vita
1414 2093 1592 2175 plurimum,
1625 2093 1733 2158 doleat
1755 2091 1852 2155 vehe-

347 2195 479 2269 menter,
511 2190 669 2272 supplicat
706 2188 746 2255 Sti
774 2192 888 2272 eidem,
921 2193 1069 2272 quatinus
1093 2194 1267 2276 dignemini
1298 2196 1469 2279 declarare,
1500 2197 1603 2278 ipsum
1626 2196 1853 2261 subdiaconum

347 2299 479 2373 propter
501 2296 656 2376 premissa
671 2297 789 2361 nullam
813 2297 1060 2378 irregularitatis
1080 2302 1233 2364 maculam
1251 2301 1430 2384 incurrisse,
1454 2302 1504 2366 vel
1521 2302 1705 2384 dispensare
1729 2300 1850 2364 miseri·

347 2397 486 2462 corditer
508 2418 577 2462 cum
602 2400 722 2483 codem,
747 2402 830 2481 qnod
854 2403 893 2466 ad
918 2402 1098 2483 superiores
1123 2406 1249 2470 ordines
1273 2408 1444 2471 ascendere
1461 2413 1494 2470 et
1517 2407 1548 2468 in
1567 2405 1724 2488 susceptis
1747 2405 1853 2468 valeat

346 2502 525 2567 ministrare
549 2509 581 2569 et
605 2505 823 2572 ecclesiastica
845 2507 999 2572 beneficia
1031 2527 1100 2572 cum
1125 2528 1199 2572 cura
1223 2510 1272 2572 vel
1296 2510 1364 2573 sine
1389 2530 1473 2586 cura,
1498 2510 1596 2574 eciam
1622 2509 1649 2573 si
1672 2509 1853 2590 dignitates

345 2612 544 2687 personatus,
567 2609 671 2674 officia
694 2611 844 2688 existant,
870 2630 984 2694 capere
1009 2613 1096 2678 licite
1121 2620 1154 2676 et
1177 2615 1287 2677 eadem
1312 2616 1450 2678 retinere
1475 2621 1511 2679 ut
1532 2615 1565 2679 in
1588 2613 1696 2677 forma.

476 2713 594 2788 Placet,
626 2715 709 2794 quod
733 2717 836 2796 possit
865 2717 897 2779 in
921 2717 1094 2781 minoribus
1118 2717 1279 2784 ordinibus
1303 2719 1483 2784 ministrare
1516 2724 1550 2783 et
1573 2717 1758 2782 beneficium
1783 2716 1851 2780 siue

348 2833 424 2880 cura
447 2819 601 2896 obtinere,
626 2819 652 2882 si
676 2821 737 2883 sibi
761 2821 910 2886 canonice
935 2821 1125 2887 conferatur.
1151 2823 1188 2885 G.

477 2923 514 2986 D.
539 2923 624 3004 apud
646 2922 877 2989 Villamnouam
901 2925 1126 2991 Aninionensis
1150 2927 1229 2992 dioc.
1253 2927 1300 2991 Ill
1323 2929 1366 2993 id.
1389 2927 1475 2992 Junii
1501 2948 1526 2991 a.
1551 2927 1662 3008 primo.

474 3111 506 3164 R.
526 3111 621 3181 Suppl.
641 3117 674 3166 23
694 3114 740 3168 fol.
760 3120 817 3168 100.
832 3145 858 3154 -
877 3121 900 3178 ³)
920 3123 989 3183 ,que‘
1011 3115 1105 3183 Suppl.
1122 3117 1146 3181 b)
1160 3116 1374 3186 ,apparentibus
1394 3095 1488 3185 Suppl.

994 3275 1199 3284 *ιι--

342 3391 403 3455 66.
441 3391 595 3475 Episcopo
631 3392 875 3458 draeisma-iana?
908 3396 1090 3470 recondatur,
1126 3401 1279 3474 quatenus
1314 3417 1382 3461 cum
1414 3395 1511 3460 nobili
1539 3399 1606 3460 viro
1637 3397 1782 3461 Mirzouo
1812 3395 1851 3458 dc

343 3493 559 3572 Parcdwicz·)
584 3496 685 3560 milite
700 3502 729 3560 cf
745 3497 841 3563 nobili
863 3499 989 3564 mulieri
1007 3496 1245 3565 Capelianum
1262 3501 1418 3582 quondum
1441 3499 1603 3582 Spifltonis
1622 3501 1660 3564 de
1679 3499 1850 3582 farnerol)

342 3597 463 3678 mdes,
496 3597 754 3664 Vrutislooicasis
777 3607 805 3666 at
831 3601 1054 3670 &ocociensis
1071 3605 1158 3684 dioc..
1183 3627 1277 3688 super
1299 3606 1501 3670 arotrimouio
1524 3607 1589 3668 iona
1606 3608 1763 3668 contracto
1786 3605 1850 3668 dis·

338 3707 457 3784 penset.
505 3704 677 3786 ,acubitu
704 3705 809 3771 nobis“
845 3710 961 3792 „Apud
991 3711 1222 3775 Villamnouam
1251 3709 1477 3776 Aulaioneusis
1508 3709 1583 3773 dioc.
1609 3709 1665 3772 III
1691 3708 1734 3773 id.
1757 3708 1852 3774 Junii

1005 3836 1035 3880 a.
1055 3816 1194 3898 primda

1142 3955 1238 4038 Apud
1269 3953 1732 4032 ῐ”1“11661666661,1353]11111“1“
1756 3955 1805 4016 11.

471 4137 502 4190 n.
517 4141 565 4190 llv.
587 4142 635 4191 125
654 4139 702 4193 fol.
723 4146 788 4204 120¹,
809 4141 839 4194 ll.
853 4142 914 4196 l'at.
934 4148 984 4195 2111
1004 4143 1050 4196 fol.
1070 4144 1202 4198 4.-Ε11.
1223 4144 1296 4212 apud
1315 4143 1440 4210 Thelser,
1461 4143 1534 4195 Mon.
1554 4142 1610 4196 Pol,
1631 4142 1642 4195 l
1662 4159 1723 4211 pag.
1743 4147 1801 4194 bib.
1822 4173 1845 4182 -

340 4231 363 4290 ι)
383 4223 488 4286 ,llliran
508 4224 545 4279 do
563 4225 741 4281 Parchouicz‘
759 4229 808 4282 Ar.
833 4229 857 4291 b)
878 4229 1029 4292 ,Tharnou‘
1049 4233 1098 4284 Ar.

995 4394 1194 4404 ———

339 4503 401 4570 67.
431 4505 599 4570 Precaluus
629 4509 791 4590 episcopus
828 4510 1086 4574 Vrafislaor'eusis
1127 4509 1295 4591 supplicat,
1339 4513 1493 4590 pomerius
1523 4529 1592 4573 cum
1621 4507 1847 4592 infrascriptis

682 4612 829 4695 personis
852 4634 946 4696 super
968 4613 1092 4693 desecta
1114 4613 1273 4678 natalium
1296 4613 1503 4696 dispensetur.

1139 4753 1236 4835 Apud
1267 4750 1504 4830 Villamnovam,
1527 4754 1613 4815 1353
1636 4752 1730 4818 dania·
1752 4754 1804 4815 11.

466 4941 630 5024 Supplicat
664 4943 704 5008 sa
741 4944 796 5008 Vre
830 4945 945 5010 devota
987 4951 1133 5010 creatura
1163 4943 1306 5009 eiusdem
1341 4941 1396 5008 Sl·
1438 4943 1490 5006 Vre
1525 4942 1741 5022 Praedlans³)
1781 4943 1847 5024 epi-

336 5061 449 5126 scopus
473 5045 755 5130 lVratislauiensiS,
790 5055 947 5128 qnatenus
978 5050 1017 5113 de
1048 5049 1154 5131 gracia
1185 5048 1316 5132 speciali
1348 5066 1418 5112 cum
1448 5045 1660 5128 infrascriptis
1692 5047 1847 5128 personis,

337 5148 461 5215 clericis
484 5150 655 5232 Pragensis
679 5159 713 5216 et
736 5152 956 5217 Olomucensis
978 5154 1069 5231 dioc,
1094 5171 1191 5235 super
1214 5151 1339 5217 defectu
1363 5151 1525 5230 natalium,
1554 5169 1647 5232 quem
1670 5150 1847 5232 paciuntur,

338 5254 445 5334 genite
469 5255 612 5335 quelibet
635 5258 885 5339 expresbytero
917 5263 950 5321 et
973 5258 1086 5336 soluta,
1118 5263 1154 5321 ut
1178 5257 1217 5321 ad
1241 5275 1350 5322 omnes
1381 5274 1487 5321 sacros
1519 5256 1646 5322 ordines
1670 5255 1847 5337 promoveri

336 5363 370 5421 et
392 5357 609 5423 ecclesiastico
633 5359 794 5442 beneficia,
830 5361 930 5426 eciam
963 5361 991 5425 si
1014 5379 1119 5426 curam
1151 5361 1291 5425 babeant
1324 5361 1507 5444 animarum,
1539 5359 1663 5442 possint
1694 5359 1847 5438 obtinere,

337 5461 509 5545 dignemini
533 5465 781 5530 misericorditer
805 5467 1007 5548 dispensare:
