3944 6060
865 457 928 507 1361
950 451 1053 521 Aprilis
1073 458 1112 506 ao.
1675 429 1736 521 481

233 661 388 743 premissa
421 666 542 725 statuta
571 668 604 725 et
627 660 845 727 ordinationes
876 661 1080 727 racionabilis
1111 663 1301 728 {arroteritae
1326 661 1500 745 apostolica
1523 662 1607 727 idem
1632 663 1734 727 archi·

235 766 402 848 episcopus
425 766 529 831 facere
554 767 659 831 valeat
682 767 895 849 cuiuscunque
926 768 1060 833 licencia
1083 769 1211 833 nrinime
1236 769 1400 849 requisita,
1423 769 1470 832 ita
1492 767 1575 848 quod
1600 768 1735 831 cedente

237 871 286 933 vel
309 871 484 935 decedente
516 870 639 936 rectore
664 872 763 952 ipsius
787 873 922 936 ecclesie
953 873 1003 937 vel
1027 893 1097 938 eam
1121 875 1356 955 quomodolibet
1388 873 1569 937 dimittente
1594 870 1738 954 prefatus

236 975 494 1057 archiepiscopus
518 976 673 1057 premissa
697 977 802 1042 omnia
817 977 917 1041 libere
941 977 1046 1042 iacere
1070 978 1182 1061 possit,
1206 979 1334 1061 proviso
1358 977 1446 1060 prius
1470 995 1527 1059 per
1551 995 1633 1058 eum,
1657 977 1740 1057 quod

235 1079 321 1143 dicta
343 1079 490 1163 ecclesia,
522 1098 592 1144 cum
616 1087 724 1147 erecta
747 1080 851 1163 luerit,
880 1082 998 1146 haheat
1021 1087 1070 1147 tot
1093 1089 1264 1164 perpetuos
1290 1082 1445 1154 redditus,
1477 1082 1559 1162 quod
1583 1081 1660 1145 dicti
1685 1098 1740 1143 sex

236 1184 377 1248 canonici
401 1202 471 1247 cum
506 1184 714 1249 servitoribus
748 1204 885 1267 congrue
920 1187 1048 1251 ualeant
1072 1188 1248 1251 sustentari
1281 1193 1314 1250 et
1344 1187 1407 1250 alia
1441 1185 1488 1249 eis
1523 1183 1741 1250 incumbentia

236 1305 332 1352 onera
355 1295 551 1371 supportare,
575 1309 644 1353 cum
667 1309 728 1354 uon
753 1291 952 1355 obstantibus
976 1297 1009 1355 et
1032 1292 1182 1355 clausulis
1206 1291 1379 1373 oportunis,

366 1411 447 1474 ltem
471 1412 638 1495 supplicat,
663 1419 819 1493 quatenus
844 1413 902 1477 sibi
927 1412 1101 1478 concedere
1126 1413 1307 1494 dignemini,
1343 1418 1378 1475 ut
1401 1411 1562 1476 confessor
1592 1412 1643 1476 vel
1668 1431 1738 1477 con·

236 1513 374 1579 sessores
397 1518 457 1597 sui,
482 1534 559 1596 quos
576 1517 704 1581 duxerit
720 1518 894 1599 eligendae,
918 1518 1165 1598 qrraralocunque
1189 1535 1338 1581 necessse
1354 1516 1459 1594 luerit,
1484 1516 1608 1596 possint
1631 1518 1740 1581 audita

236 1618 305 1681 eius
329 1618 527 1684 confessione
551 1622 654 1703 ipsum
689 1623 854 1686 absolvere
890 1627 922 1685 ot
947 1622 1052 1685 orrnria
1075 1639 1180 1684 secum
1203 1620 1318 1701 iacere,
1348 1641 1410 1700 que
1435 1626 1568 1702 possunt
1591 1622 1737 1702 peniten-

236 1721 325 1785 ciarii
349 1724 448 1787 vestri
472 1743 540 1787 cum
565 1724 789 1790 confitentibus
813 1727 860 1789 eis
883 1726 915 1789 in
940 1727 1065 1790 casibus
1090 1726 1328 1806 quibuscunque
1353 1725 1392 1788 ad
1417 1732 1560 1806 tempora
1582 1726 1647 1789 vite
1672 1743 1738 1790 sue.

365 1846 452 1921 ltem,
487 1853 643 1926 quatenus
679 1848 738 1911 sihi
773 1849 938 1930 indulgere
974 1846 1155 1928 dignemini,
1190 1847 1273 1927 quod
1296 1866 1358 1911 nou
1382 1848 1529 1912 obstante
1560 1847 1738 1913 iuramento

235 1965 292 2030 per
314 1967 385 2012 eum
410 1950 478 2014 sedi
502 1951 675 2031 apostolice
692 1953 826 2033 prestito
843 1953 882 2016 de
899 1970 960 2016 non
977 1951 1144 2015 alienando
1162 1952 1243 2015 bona
1266 1952 1401 2015 ecclesie
1418 1970 1475 2014 sue
1492 1951 1660 2033 Progensis
1677 1951 1739 2015 Ro·

235 2071 326 2117 mano
349 2053 498 2134 pontifice
521 2055 699 2122 inconsulto
734 2057 837 2138 possit
869 2075 969 2137 usque
1005 2057 1044 2120 ad
1069 2055 1229 2119 biennium
1253 2075 1322 2119 cum
1354 2074 1510 2119 consensu
1534 2056 1583 2119 sui
1608 2055 1739 2138 capituli

239 2157 271 2219 in
296 2157 422 2220 casibus
446 2177 464 2220 a
488 2159 556 2221 iure
580 2161 746 2241 permissis
769 2178 825 2224 seu
842 2161 1000 2224 concessis
1018 2160 1157 2223 alienare
1182 2167 1215 2223 61
1238 2159 1317 2224 61166
1334 2177 1536 2239 quoscunque
1559 2165 1740 2224 contractus

236 2260 316 2324 inire
341 2262 380 2324 clo
405 2263 495 2325 bonis
520 2263 603 2326 dicte
627 2264 762 2328 ecclesie
785 2265 886 2346 ipsius
910 2265 1041 2328 Roruani
1067 2263 1224 2343 pontilicis
1258 2264 1390 2328 licencia
1423 2264 1551 2329 minime
1574 2265 1737 2345 requisita.

364 2382 444 2446 Item
469 2384 640 2465 dignemini
665 2387 847 2463 concedere,
872 2385 955 2466 quod
979 2385 1111 2467 triginta
1135 2386 1289 2467 personis,
1311 2403 1389 2465 quas
1413 2386 1540 2451 duxerit
1563 2386 1737 2468 eligendas

235 2490 426 2550 auctoritate
450 2489 624 2569 apostolica
647 2492 705 2554 sub
729 2491 834 2572 sigillo
865 2508 921 2555 suo
945 2491 1069 2571 plenam
1095 2490 1311 2553 remissionem
1344 2491 1375 2553 16
1400 2491 1511 2555 mortis
1535 2491 1737 2555 6611661616-

237 2591 367 2671 dulgere
391 2591 497 2656 valeat
520 2600 555 2657 ut
579 2594 610 2656 16
634 2594 743 2658 foruna.

365 2713 444 2776 ltem
469 2716 635 2796 supplicat,
660 2723 816 2796 quatenus
840 2717 957 2780 dilecto
981 2716 1129 2779 hurriliuri
1145 2734 1201 2779 suo
1226 2723 1259 2778 et
1283 2717 1403 2780 medico
1427 2717 1579 2797 inagistro
1604 2717 1736 2781 Bartho-

235 2814 345 2894 lomco,
362 2819 547 2900 presbytero
564 2821 724 2902 Pragensi,
750 2822 789 2885 cle
807 2821 900 2884 altari
917 2840 940 2884 6.
956 2820 1129 2884 Katherine
1147 2821 1178 2883 16
1195 2820 1332 2884 66616616
1350 2821 1508 2903 Progensi,
1524 2828 1659 2885 vacante
1679 2839 1736 2903 per

235 2919 354 2983 obitum
385 2923 540 3001 quondam
565 2924 709 3006 Gregorii
745 2924 783 2988 de
807 2925 948 2987 lenicu
979 2924 1113 2988 rectoris
1137 2924 1214 2987 dicti
1239 2923 1358 3003 altaria,
1388 2925 1544 3006 capellani
1568 2932 1602 2990 61
1623 2924 1736 2988 famili·

235 3023 370 3087 6616661
395 3027 535 3091 continui
559 3029 843 3103 61666666666116,
869 3029 920 3107 qui
946 3048 1046 3108 nuper
1077 3048 1146 3091 6166
1178 3048 1215 3092 66
1246 3029 1444 3091 1611616666
1474 3029 1561 3093 curia
1584 3030 1737 3106 aristone,

234 3126 266 3189 iu
291 3144 329 3190 66
353 3128 436 3192 diem
461 3148 550 3194 suum
575 3132 690 3196 clausit
712 3138 897 3214 eatrenrum,
923 3133 1096 3214 dignemini
1120 3133 1297 3213 providere,
1321 3152 1382 3197 non
1407 3135 1562 3211 obstante,
1587 3134 1670 3214 quod
1692 3133 1736 3196 al-

234 3237 303 3293 tare
327 3249 349 3293 6.
373 3232 545 3299 Wencislai
569 3237 600 3299 in
624 3238 736 3301 eadem
759 3237 895 3300 ecclesia
919 3237 1069 3319 Prageasi
1094 3243 1191 3317 tenet,
1222 3254 1318 3318 super
1342 3256 1402 3317 quo
1426 3237 1458 3300 in
1482 3238 1623 3303 Romana
1646 3238 1735 3302 curia

235 3334 289 3397 diu
313 3335 452 3419 litigans,
488 3339 566 3402 duas
590 3346 699 3405 contra
722 3360 756 3405 se
782 3340 966 3404 diffinitivas
1001 3342 1182 3406 sentencias
1206 3342 1391 3423 reportarit,
1426 3343 1509 3421 quod
1532 3347 1662 3425 paratus
1686 3347 1736 3407 est

235 3437 396 3503 dimittere
420 3461 489 3505 cum
512 3444 621 3526 vigore
644 3453 716 3528 etc,
742 3465 810 3508 cum
835 3465 896 3509 non
920 3446 1121 3510 obstantibus
1145 3452 1177 3508 et
1200 3445 1350 3508 clausulis
1374 3446 1546 3526 oportunis.
1559 3448 1589 3528 ⁸)

365 3563 445 3627 ltem
469 3571 624 3644 quatenus
659 3567 790 3630 Nicoluo
825 3567 863 3629 dc
891 3566 1053 3631 Valeczou
1077 3567 1199 3630 notario
1231 3571 1265 3630 et
1287 3566 1436 3630 familiari
1460 3584 1525 3648 suo,
1548 3570 1735 3649 presbytero

235 3666 402 3749 Prageasis
425 3669 515 3741 dioc,
553 3670 592 3733 dc
616 3671 807 3751 parrochiali
842 3671 977 3734 ecclesia
1011 3672 1042 3735 in
1067 3668 1242 3752 Voeoroab)
1272 3671 1357 3734 dicte
1382 3671 1469 3752 dioc,
1493 3677 1626 3736 vacante
1651 3673 1734 3754 apud

235 3772 440 3851 apostolicam
472 3774 579 3837 sedem
616 3792 673 3855 per
708 3776 827 3839 obitura
852 3776 928 3838 dicti
958 3776 1112 3856 Gregorii,
1139 3777 1169 3838 iu
1195 3775 1280 3839 dicta
1304 3775 1400 3856 curia,
1432 3780 1468 3838 ut
1489 3774 1657 3856 prefertur,
1682 3776 1736 3840 de·

234 3875 342 3951 t'rurcti,
367 3878 539 3956 dignemini
563 3881 740 3961 prouidere,
766 3900 834 3943 cum
859 3880 1010 3944 clausulis
1034 3887 1066 3944 et
1090 3900 1151 3943 nou
1175 3880 1374 3944 obstantibus
1406 3880 1615 3961 oportunis·)

363 3999 442 4063 itera
466 4000 632 4081 supplicat,
656 4009 812 4081 quatenus
830 4003 967 4083 graciam
991 4003 1108 4065 dudum
1132 4021 1190 4083 per
1213 4001 1282 4065 gam
1308 4001 1386 4066 Vfflm
1411 4001 1450 4065 ad
1467 4001 1734 4083 supplicacionem

235 4102 332 4182 ipsius
355 4102 587 4186 archiepiscopi
611 4105 727 4170 factam
751 4105 950 4187 Wratiuogio
974 4107 1012 4169 de
1038 4106 1220 4184 1111666166,
1245 4106 1362 4169 dilecto
1387 4105 1549 4186 capellano
1573 4123 1629 4171 suo
1653 4124 1733 4170 com-

235 4208 375 4287 mensali,
409 4208 448 4272 de
473 4208 638 4291 dignitate,
675 4216 846 4292 personatu
883 4211 930 4274 vel
966 4210 1078 4293 officio,
1113 4217 1245 4275 vacante
1280 4211 1330 4274 vcl
1364 4216 1513 4274 vacaturo
1544 4212 1576 4274 in
1600 4209 1735 4274 ecclesia

237 4309 429 4392 Pragensi‚¹)
456 4313 494 4376 ad
520 4313 717 4394 dignitatem,
742 4316 896 4396 adquam
922 4316 991 4396 quis
1022 4334 1079 4397 per
1102 4316 1293 4379 eleccionem
1317 4315 1517 4379 consueverit
1539 4315 1666 4393 assumi,
1690 4314 1735 4378 di-

234 4415 371 4495 gnemini
395 4416 434 4479 de
459 4416 602 4481 ulteriori
634 4420 715 4483 dono
738 4420 844 4500 gracie
869 4421 1041 4484 extendere
1072 4425 1106 4485 et
1128 4420 1228 4483 eciam
1252 4419 1413 4499 arnpliare,
1437 4436 1499 4482 non
1523 4417 1732 4495 obstantibus

234 4519 316 4597 quod
340 4520 496 4599 quandam
531 4530 716 4603 perpetuam
742 4523 890 4588 vicariam
925 4523 1226 4605 archiepiscopalem
1251 4522 1442 4604 Pragensem
1465 4527 1676 4603 nuncupatam
1700 4529 1734 4585 61

234 4622 333 4686 altare
358 4641 382 4687 s.
407 4624 543 4688 Dionisii
568 4627 600 4689 16
623 4627 758 4690 66616616
783 4627 934 4709 Pragensi
957 4628 1102 4692 obtinere
1126 4627 1276 4701 nuscitur,
1308 4644 1364 4689 666
1388 4626 1471 4705 quod
1493 4626 1526 4688 in
1549 4626 1659 4690 eadem
1683 4644 1733 4690 ec·

234 4726 331 4791 clesia
355 4729 507 4809 Pragensi
532 4731 563 4792 iu
587 4733 768 4795 canonicum
794 4738 827 4797 et
850 4732 882 4795 16
907 4731 1038 4796 fratrem
1071 4749 1129 4813 per
1163 4731 1334 4812 capitulum
1358 4730 1501 4794 eiusdem
1524 4728 1660 4795 ecclesie
1683 4736 1734 4794 est

234 4837 392 4914 receptus.

363 4937 443 5000 Item
467 4956 535 5000 curu
559 4938 620 5002 8¹⁸⁸
644 4939 669 5002 V
674 4947 700 4977 Μ
728 4940 844 5004 dudrun
868 4940 1061 5004 concesserit
1076 4939 1200 5021 prelato
1224 4939 1471 5021 archiepiscopo,
1497 4945 1532 5002 ut
1555 4939 1593 5002 de
1611 4939 1732 5003 duobus

234 5058 273 5102 66
297 5058 409 5104 uorem
448 5041 757 5108 archidiaconatibus
788 5047 819 5108 iu
843 5045 978 5107 ecclesia
1002 5043 1155 5125 l'ragensi
1180 5044 1218 5106 ad
1248 5043 1452 5108 collacionem
1476 5061 1565 5107 suam
1588 5047 1731 5124 spectan-

234 5144 319 5209 tibus
343 5145 445 5226 possit
468 5147 589 5211 duabus
612 5149 757 5229 personis
780 5149 921 5230 ydoneis
944 5149 1045 5212 eciam
1068 5148 1222 5213 beneficia
1245 5147 1465 5211 ecclesiastica
1487 5165 1521 5211 se
1545 5164 1615 5209 cum
1639 5144 1732 5210 dictis

233 5248 540 5316 archidiaconatibus
564 5254 799 5335 compassibilia
822 5253 1047 5334 obtinentibus,
1070 5252 1284 5336 providere,²)
1314 5252 1445 5333 ipseque
1476 5250 1732 5331 archiepiscopus

234 5372 328 5418 aruum
352 5373 392 5418 66
415 5356 494 5437 ipsis
518 5356 839 5441 archicliaconatibrm,
865 5377 934 5421 cum
958 5362 1095 5441 vacaret,
1120 5358 1236 5422 dilecto
1261 5356 1425 5438 capellano
1449 5373 1505 5418 suo
1529 5353 1730 5418 commensali

1576 5494 1607 5543 31
