3944 6060
228 424 271 490 55
836 419 906 475 Aeta
923 417 1075 475 Innocenti
1094 417 1140 474 vl.

230 647 309 712 alias
330 645 429 711 luerit
451 644 634 728 specialiter
656 645 706 709 vel
730 644 923 728 generaliter
944 651 1127 710 reservatus
1128 695 1242 726 .....
1258 645 1363 710 eidem
1378 643 1510 711 Nicolso
1533 643 1737 727 auctoritate,

229 757 338 815 nostru
368 748 510 815 conferre
541 755 575 812 et
605 749 767 831 assignare
804 749 944 813 curetis.
965 800 971 813 .
991 799 998 813 .
1018 799 1051 831 .,
1084 767 1146 815 non
1170 749 1451 814 obstantibus...
1473 799 1490 828 .‚
1526 749 1610 831 quod
1633 748 1737 813 dictus

229 853 377 919 Nicolaus
400 853 617 918 canonicatum
650 861 683 919 et
705 852 898 936 prebendam
929 853 1013 918 dicte
1037 853 1172 918 ecclesie
1196 852 1392 918 Brunnensis
1423 853 1566 917 noscitur
1588 851 1735 918 obtinere

233 960 379 1024 ....l).
404 957 486 1040 apud
511 957 743 1022 Villamnouam
767 957 989 1021 Aninionensis
1013 957 1092 1022 dioc.
1116 957 1148 1021 II
1170 957 1233 1021 kal.
1257 955 1393 1039 Augusti
1416 976 1444 1020 a.
1467 957 1577 1040 primo.

362 1148 394 1200 R.
415 1147 473 1200 Vat.
494 1146 609 1200 144101.
629 1152 689 1213 217,
709 1146 741 1199 R.
761 1147 821 1200 Vst.
841 1151 891 1200 219
911 1144 956 1199 iol.
978 1149 1044 1200 118¹.
1065 1175 1091 1185 -
1113 1149 1141 1210 sl
1160 1144 1281 1214 ,Nicolao
1302 1187 1308 1200 .
1327 1185 1334 1198 .
1353 1186 1360 1199 .
1379 1185 1386 1198 .
1405 1144 1545 1199 cunonieo‘
1564 1144 1625 1198 Vst

882 1340 1088 1351 ..—

232 1534 321 1598 132.
368 1530 491 1596 Paulus
528 1528 702 1611 Sducdcur's
746 1527 917 1611 supplicat,
962 1533 1117 1608 quatenus
1160 1529 1220 1593 sita·
1264 1526 1444 1609 beneficium
1488 1527 1733 1593 eudesiustteum

894 1636 1076 1696 reservetur.

1001 1760 1097 1845 Apud
1129 1761 1363 1845 Vittumuouum‚
1387 1763 1472 1826 1353
1496 1760 1635 1843 Augusti
1656 1763 1687 1826 5.

360 1972 526 2055 Supplicut
553 1969 594 2036 gu
625 1969 678 2033 Vre
712 1969 840 2035 humilis
858 1975 890 2034 et
906 1969 1040 2034 devotus
1056 1975 1163 2034 vester
1180 1968 1295 2034 Paulus
1311 1968 1487 2052 dechonis
1503 1968 1639 2034 clericus
1656 1969 1731 2034 Pra-

234 2076 341 2159 gsnsis
365 2077 457 2159 dioc,
481 2080 639 2156 quatenus
662 2073 723 2138 sibi
746 2073 917 2155 specialem
941 2073 1078 2155 graciam
1101 2073 1265 2156 iacientes,
1288 2075 1328 2139 de
1344 2072 1498 2139 beneficio
1514 2073 1733 2140 ecclesiastico

233 2199 302 2244 cum
327 2199 402 2245 curs
436 2179 487 2244 vel
511 2179 579 2243 sine
603 2196 687 2260 eura,
720 2183 885 2259 spectante
918 2178 957 2241 ud
992 2177 1194 2243 collacionem
1219 2184 1278 2243 etc.
1303 2177 1533 2260 archiepiscopi
1556 2177 1736 2259 Pragensis,

233 2285 258 2348 si
283 2284 366 2365 quod
388 2289 481 2347 vacat
503 2283 544 2347 ad
566 2300 698 2364 presens
721 2282 772 2346 vel
805 2281 1034 2363 quamprimum
1073 2282 1243 2362 vacaverit,
1296 2281 1399 2346 eidem
1423 2281 1538 2345 clerico
1561 2280 1736 2362 dignemini

232 2387 399 2470 providere
423 2406 492 2451 cum
516 2386 749 2468 acceptacione‚
779 2384 980 2466 inhibitione,
1003 2385 1235 2463 assentacione,
1260 2385 1388 2449 decreto
1413 2391 1447 2450 et
1475 2384 1618 2448 clausula
1642 2391 1731 2450 ante·

233 2492 311 2557 ferri
344 2498 470 2557 etcum
505 2490 648 2555 omnibus
683 2490 968 2554 nonobstantibus
1002 2495 1037 2553 et
1066 2490 1218 2554 clausulis
1253 2490 1417 2571 oportunis
1441 2508 1477 2554 sc
1500 2491 1735 2554 executoribus.

362 2597 435 2661 Fiat
458 2595 496 2659 G.
520 2594 667 2675 nequod
690 2599 834 2658 transeat
857 2595 925 2658 sine
949 2593 1013 2657 alia
1028 2593 1177 2659 leccione.
1202 2593 1274 2658 Fiat
1290 2594 1327 2658 G.
1345 2595 1382 2658 D.
1401 2593 1485 2675 apud
1501 2593 1734 2658 Villamnousm

235 2699 461 2766 Auinionensis
484 2699 563 2763 dioc.
586 2716 658 2761 non.
681 2697 817 2779 Augusti
840 2715 867 2761 u.
892 2698 1003 2778 primo.

364 2905 396 2958 R.
415 2902 511 2973 Suppl.
530 2908 565 2958 24
583 2902 630 2957 fol.
649 2906 701 2955 42¹.

235 3286 324 3351 133.
347 3282 450 3347 Pauto
473 3281 648 3364 Sdpcdouis
671 3281 780 3346 clerico
803 3282 975 3363 Prapeusts
997 3281 1074 3348 dioc.
1098 3286 1277 3347 reseraretur
1300 3279 1477 3363 deuefieium
1493 3279 1738 3347 ecclesiasticum

237 3408 307 3452 eum
329 3386 376 3450 uel
399 3388 466 3451 stuc
488 3406 576 3464 cura,
601 3386 690 3450 cuius
706 3389 838 3464 fruetus
860 3388 902 3450 25
925 3405 1005 3469 resp.
1028 3389 1071 3452 18
1093 3406 1276 3451 marcarum
1300 3387 1424 3468 arpenti
1439 3383 1576 3450 valorem
1592 3407 1736 3452 aunuum

235 3512 296 3556 uon
318 3491 480 3566 excedunt,
504 3490 546 3555 ud
570 3489 767 3554 collationem
791 3488 1019 3573 archiepiscopi
1042 3492 1216 3571 I‘raperssts
1233 3490 1406 3574 pertinens,
1429 3490 1459 3554 si
1480 3489 1562 3571 quod
1582 3496 1676 3556 uacat
1691 3491 1740 3556 uel

235 3616 305 3659 cum
327 3596 494 3659 vacaverit.
521 3592 734 3675 „Luudaditiu
758 3596 907 3657 tuarum“
934 3594 1048 3675 „Apud
1083 3594 1313 3659 Viltumuouum
1327 3594 1553 3660 Auius'oueusis
1568 3594 1647 3658 dioc.
1664 3615 1735 3660 sou.

236 3699 372 3782 Aupusti
395 3720 422 3762 u.
438 3700 572 3782 primo.“
604 3735 634 3743 -
665 3701 701 3762 Ia
724 3720 748 3761 e.
771 3718 810 3760 m.
835 3698 943 3762 udduts'
964 3699 1148 3762 monasterii
1170 3696 1412 3763 Breuuovteusr's
1435 3701 1464 3762 et
1487 3697 1602 3762 decurro
1635 3695 1734 3763 Visae·

234 3804 402 3884 gradensis
429 3802 597 3887 Prupeusts
621 3822 659 3866 uc
681 3804 838 3868 sacristae
860 3801 1084 3868 Autuiuueusr's
1106 3802 1319 3867 ecclesiarum.

886 4009 888 4012 ,
1008 3941 1104 4024 Apud
1136 3941 1372 4024 Vilissimorum,
1394 3941 1481 4004 1353
1503 3939 1641 4022 Augusti
1663 3943 1695 4008 5.

367 4147 1033 4214 smmmmnmmmm

239 4549 329 4614 134.
356 4547 486 4612 Roderto
509 4551 583 4611 ueto
605 4546 741 4612 Amader'
755 4549 780 4628 ⁸)
803 4547 923 4612 comitis
949 4546 1160 4612 Gedeuueusis
1182 4547 1387 4625 conferuntur
1399 4543 1615 4623 canonicatus,
1638 4566 1740 4628 prue-

237 4650 337 4715 beudu
362 4672 399 4714 ue
421 4651 612 4716 cancellaria
636 4651 781 4716 eeclesiae
806 4651 1028 4715 Ambiuuenss's
1050 4654 1124 4713 tuuc
1146 4652 1305 4714 cacanus.
1333 4648 1547 4728 „Luudubdia
1570 4648 1654 4713 done
1676 4649 1740 4714 su'r·

237 4758 357 4819 tutum“
403 4755 518 4839 „Apud
567 4755 796 4820 Vitturuuouam
837 4753 1060 4818 Auiutoueusts
1104 4753 1181 4817 dioc.
1225 4753 1283 4816 III
1308 4752 1352 4816 s'd.
1376 4750 1513 4833 Augusti
1544 4772 1574 4817 u.
1597 4756 1734 4835 primo.“

238 4895 279 4905 -
304 4860 340 4922 Iu
363 4879 387 4921 e.
411 4879 451 4921 ru.
477 4858 585 4922 actori
606 4861 789 4923 monasterti
811 4879 836 4923 s.
860 4858 1018 4923 Jotanuts
1040 4857 1262 4922 Ausdiaueusis
1277 4862 1306 4920 et
1323 4856 1545 4921 archidiacono
1562 4858 1736 4940 Prupeuso‘s

457 4985 493 5028 ac
518 4961 671 5028 Gudetmo
707 4963 830 5043 Coyude
847 4963 1000 5026 ‘canonico
1025 4960 1293 5026 claromontensis
1315 4960 1528 5026 eudesiarum.

284 5118 405 5185 Gratis.
990 5119 1087 5202 Apud
1119 5118 1353 5201 Vittumucvum,
1375 5121 1461 5185 1353
1483 5118 1620 5197 Augusti
1643 5121 1694 5182 ll.

368 5326 399 5380 R.
419 5328 459 5378 Av
490 5331 537 5379 ltl
557 5326 603 5379 tol.
622 5321 691 5384 259¹,
711 5325 741 5378 R.
760 5327 822 5380 Vst.
842 5331 890 5378 221
911 5324 958 5378 fol.
978 5327 1045 5378 300‘.
1065 5355 1097 5364 -
1119 5331 1143 5390 a)
1164 5324 1295 5385 ‚Amedei‘
1314 5331 1363 5380 As.
