3944 6060
232 392 275 455 46
829 395 899 448 Acts
917 394 1070 462 Inpocentfi
1088 395 1137 450 Vl,

233 602 323 667 1⁰5.
357 599 502 668 Iobanni
535 599 666 664 Henrici
699 600 737 664 cie
772 601 1005 685 Danidooiw)
1049 604 1304 687 (Damnosus),
1341 611 1523 671 reservatur
1557 607 1737 691 beneficius»

231 705 477 770 ecclesiasticum
505 726 574 769 cum
604 704 652 769 vel
679 706 747 770 sinc
768 726 856 786 cura,
886 709 975 772 cuius
996 711 1129 788 fructus
1154 712 1199 776 30
1228 732 1310 794 resp.
1334 712 1376 775 18
1399 732 1582 777 marcarum
1613 714 1739 795 arpenti

231 810 368 875 ociorem
391 829 531 874 annuum
555 830 616 874 non
637 811 797 890 excedant,
828 812 871 876 ab
893 812 1090 877 collationem
1112 815 1248 896 episcopi
1280 815 1535 881 Ibatislaoicnsis
1564 818 1740 900 pertinens,

231 916 262 979 si
283 915 364 997 quod
384 917 481 979 cacat
503 913 550 978 oei
572 935 642 979 cum
664 918 832 999 vacaverit,
855 936 917 980 non
942 918 1145 995 obstantibus,
1169 922 1205 980 ut
1224 919 1259 982 in
1274 918 1504 1002 supplicatione
1519 921 1577 984 sub
1600 942 1648 985 nr.
1665 924 1740 988 102.

209 1066 211 1070 ,
237 1018 433 1095 „Laudabile
444 1018 672 1083 testimonium“
692 1019 806 1103 „Apud
826 1017 1055 1086 Vibbamnouam
1068 1020 1292 1086 Aninionensis
1305 1023 1381 1088 dioc.
1398 1024 1441 1089 id.
1454 1024 1548 1091 Iunii
1559 1046 1590 1092 a.
1603 1025 1740 1106 primo‘.

233 1162 276 1171 -
298 1126 381 1188 Ine.
407 1144 447 1189 m.
471 1122 588 1188 mano
610 1128 640 1187 et
661 1123 847 1190 scholastico
879 1126 1135 1191 Vratistaoiensis
1158 1147 1197 1192 ac
1219 1129 1377 1193 sacristae
1398 1126 1622 1194 Acinionensis
1643 1127 1739 1195 eccie-

920 1251 1053 1296 sianum.

282 1333 401 1436 .Ξῖ
1031 1369 1128 1453 Apso
1157 1369 1396 1452 oscannum,
1422 1371 1505 1434 1353
1527 1370 1621 1437 suns
1641 1372 1694 1435 13.

363 1554 681 1624 R.Av.121fol.602,
705 1556 816 1612 svnt.
836 1562 887 1611 224
910 1556 1035 1613 101216.
1074 1588 1107 1598 —
1128 1558 1194 1627 Reg.
1228 1558 1256 1612 in
1282 1559 1379 1612 ZVGA
1403 1558 1558 1615 Schlssiens
1576 1559 1652 1614 XXV
1677 1575 1739 1630 pag.

234 1647 293 1696 2111.
312 1673 345 1682 -
366 1642 679 1711 a),1)anielowiez‘sv.

236 1976 325 2043 106.
349 1976 503 2059 Episcopo
525 1976 702 2040 Lubucensi
723 1976 906 2055 mandatur,
933 1981 1087 2058 quatenus
1110 1977 1269 2060 Stephano
1294 1977 1458 2044 Gromasii
1487 1979 1525 2042 de
1547 1976 1740 2060 fluuios)

235 2083 273 2145 de
295 2083 484 2146 canonicatu
512 2080 658 2146 ecciesiae
688 2082 912 2146 Posnaniensis
940 2083 997 2146 snb
1027 2082 1240 2164 expectatione
1263 2082 1465 2166 praebendae
1481 2082 1645 2166 prouideri
1663 2103 1740 2166 pro·

235 2190 331 2251 curet.
368 2185 529 2270 „Dipnum
558 2185 770 2250 arbitramur“
808 2185 922 2270 „Apud
960 2183 1191 2250 Viltamnouam
1220 2185 1443 2251 Aninioneusis
1474 2185 1553 2253 dioc.
1581 2187 1622 2251 ici.
1646 2187 1742 2254 Junii

895 2311 926 2354 c.
946 2290 1083 2373 primo.

284 2374 351 2514 ..I
1027 2444 1123 2530 Apud
1153 2445 1398 2525 Villamnouam,
1423 2445 1509 2511 1353
1529 2443 1623 2511 Iunii
1646 2449 1696 2513 13.

364 2636 396 2691 R.
415 2638 464 2688 Av.
486 2641 535 2689 121
562 2635 608 2690 fol.
627 2642 687 2703 487,
705 2636 736 2690 R
756 2636 818 2690 Vct.
837 2641 888 2690 120
906 2635 954 2690 fol.
968 2637 1038 2690 sst‘.
1055 2666 1081 2676 -
1097 2635 1163 2705 Reg.
1182 2636 1210 2689 in
1224 2637 1320 2690 ZVGA
1333 2635 1489 2690 Schlesiens
1511 2635 1588 2690 XXV
1605 2651 1667 2706 pag.
1680 2641 1741 2691 190.

237 2754 269 2763 -
284 2724 308 2790 ι)
327 2723 497 2792 ,Bukowicz‘.
1548 2751 1549 2754 ¹

238 3057 324 3122 101.
356 3053 470 3135 Etoero
492 3053 672 3119 Stoscbonis
695 3056 733 3119 de
754 3054 918 3132 Janscorf
935 3059 1115 3119 resersatnr
1137 3074 1235 3119 unum
1264 3054 1303 3118 oe
1325 3053 1480 3136 beneficiis
1510 3054 1675 3137 perpetuis
1706 3054 1743 3118 in

237 3161 367 3225 ecclesia
398 3158 648 3234 Vrctislaciensi‚
685 3180 815 3241 quorum
839 3158 1000 3238 nonnulla,
1024 3158 1149 3223 altaria
1170 3162 1364 3241 nuncupata,
1380 3163 1526 3224 consueta
1547 3160 1644 3222 etiam
1667 3158 1743 3224 abiis

238 3284 333 3344 quam
355 3265 457 3347 ipsius
478 3265 624 3329 ecclesiae
646 3263 805 3327 canonicis
828 3263 999 3343 assianari,
1022 3264 1056 3326 in
1077 3262 1209 3327 ecclesia
1232 3262 1341 3327 eadem
1356 3263 1504 3342 esistunt,
1528 3263 1558 3326 si
1579 3267 1672 3326 occat
1696 3262 1742 3326 vei

239 3389 308 3433 cum
338 3369 506 3432 vacaverit.
535 3366 781 3453 „Suffrcaancia
805 3367 880 3431 tibi“
919 3367 1032 3449 „Apud
1072 3367 1300 3432 Villamnouam
1330 3366 1553 3430 Auinioneusis
1588 3365 1665 3430 dioc.
1697 3366 1740 3430 io.

238 3473 330 3536 Junii
357 3494 386 3536 a.
409 3472 543 3554 primo.“
570 3473 674 3535 —In
704 3493 729 3536 e.
753 3490 793 3536 m.
820 3469 1005 3535 scholastico
1029 3471 1249 3536 nonacris.
1275 3468 1384 3536 Crucis
1415 3468 1673 3534 Vratislaoiensis
1703 3489 1743 3535 ac

674 3576 829 3640 sacristae
851 3573 1074 3639 Asinionensis
1095 3575 1304 3639 ecclesiarum.

287 3683 411 3783 .ἶῖ
1033 3712 1130 3795 Apud
1159 3712 1397 3795 Viliamnooam‚
1422 3713 1508 3776 1353
1529 3712 1622 3777 Junii
1644 3712 1696 3779 13.

372 3904 404 3957 R.
424 3905 473 3956 As.
496 3910 544 3956 123
564 3902 610 3956 fol.
630 3909 690 3968 195,
708 3902 739 3955 11.
759 3900 821 3955 Vct.
842 3906 892 3954 2⁴12
912 3901 958 3955 fol.
979 3902 1045 3955 150'.
1059 3932 1089 3941 -
1102 3901 1167 3970 ng.
1187 3902 1215 3956 in
1233 3902 1334 3956 ZVGA
1353 3900 1508 3956 Schlesiens
1527 3900 1604 3955 XXV
1616 3917 1677 3972 pag.
1690 3907 1742 3956 292

241 4286 331 4354 108.
366 4288 522 4370 Episcopo
554 4284 730 4350 Lubucensi
758 4284 941 4360 mandatu-r,
976 4288 1130 4366 quatenus
1161 4283 1304 4351 Iobanni
1334 4285 1372 4348 de
1403 4284 1490 4348 Nouo
1513 4289 1594 4348 Foro
1623 4284 1746 4350 medico

242 4393 385 4456 Procstai
413 4392 548 4474 episcopi
578 4390 836 4455 Viatislaviensis
865 4388 903 4453 cie
924 4391 1112 4453 canonicatu
1141 4387 1289 4453 ecclesiae
1320 4386 1577 4452 Vratislaoiensis
1608 4388 1665 4451 sub
1690 4409 1743 4453 ec-

236 4496 415 4580 pectatiane
432 4495 633 4576 praebendae
649 4495 813 4579 provideri
830 4499 986 4577 procuret,
1010 4515 1071 4557 non
1091 4492 1289 4557 obstantibus
1321 4497 1357 4556 ut
1380 4492 1413 4555 in
1432 4491 1662 4576 supplicatione
1685 4495 1745 4558 sub

240 4622 289 4665 nr.
315 4604 385 4665 102.
422 4600 581 4680 „Dianum
613 4599 827 4663 arbitramur“
862 4597 976 4680 ,‚Apnc
1005 4597 1235 4661 Villamnbuam
1265 4594 1489 4662 Aninioncnsis
1518 4596 1595 4662 dioc.
1628 4597 1750 4663 XVIII

310 4789 335 4842 X
799 4701 864 4772 bat.
886 4701 972 4769 Iulii
995 4724 1025 4767 a.
1044 4701 1181 4786 primo⁰.

289 4876 356 4928 .x.
1034 4857 1131 4940 Apud
1161 4857 1398 4935 Vibiamncaam,
1421 4859 1508 4921 1353
1530 4855 1624 4924 Junii
1645 4859 1701 4925 14.

369 5047 400 5102 R.
428 5049 477 5100 Av.
509 5055 557 5102 124
585 5048 631 5102 iol.
659 5043 728 5113 186⁴,
762 5048 793 5101 R.
822 5046 881 5101 Vct.
910 5054 961 5103 221)
985 5046 1032 5100 iol.
1061 5053 1119 5101 397.
1139 5076 1170 5086 -
1190 5046 1267 5100 Ocni.
1295 5047 1368 5100 Mon.
1396 5044 1457 5100 Vat.
1486 5046 1497 5098 1
1522 5062 1562 5101 nr.
1591 5052 1652 5114 208,
1681 5054 1748 5117 209,

244 5140 415 5198 10531057.

891 5346 1095 5357 —-‘—-—-
