3944 6060
755 61 822 112 racc
840 55 907 112 Mau
925 61 957 112 ar
978 85 1010 95 --
1028 53 1105 110 luna
1123 60 1146 108 s.
1660 56 1702 122 25

198 269 229 334 id
251 267 334 334 effici
356 266 469 350 nequit
491 267 732 350 dispensacione
765 285 861 349 super
889 266 950 334 hoc
980 265 1153 349 apostolica
1183 283 1246 330 non
1269 266 1410 343 obtenta,
1434 283 1492 330 nos
1516 263 1593 330 dicti
1616 264 1701 346 regis

200 392 236 438 ex
260 373 359 438 certis
382 371 487 437 causis
509 372 601 437 nobis
624 371 779 453 expositis
813 373 846 436 in
879 371 939 436 hac
972 377 1064 454 parte
1099 369 1387 452 supplicacioninus
1410 368 1564 449 inclinati,
1587 367 1699 432 frater-

199 478 291 543 nitati
325 482 381 543 tue
399 528 406 542 .
427 527 435 541 .
454 526 488 540 ..
522 476 728 559 dispensandi
763 477 953 542 auctoritate
985 480 1095 541 nostra
1127 493 1197 539 cum
1232 473 1352 537 eisdem
1388 473 1519 537 Alberto
1558 478 1632 537 nato
1667 477 1702 537 et

199 581 383 663 Katherina,
405 588 453 664 ut,
477 600 546 646 cum
569 581 652 665 ad⁸)
676 588 781 663 aptam
805 585 924 646 etatem
955 600 991 645 ac
1025 578 1198 662 legitimam
1233 578 1446 660 pervenerint,
1479 578 1641 659 sponsalia
1668 585 1702 641 et

198 686 438 768 matrimonium,
460 684 696 768 impedimento,
719 685 803 768 qrrod
825 704 864 750 ex
887 685 974 750 dicta
989 684 1263 765 consanguinitate
1290 682 1445 764 provenit,
1463 683 1700 760 nonobstante,

199 791 338 857 interae
362 789 551 856 contrahere
574 796 609 854 et
631 790 664 854 in
687 791 773 855 dicto
805 789 1013 870 matrimonio,
1033 794 1200 871 postquam
1224 787 1270 851 sic
1293 793 1488 852 contractum
1511 786 1617 869 tuterit
1651 806 1699 852 re-

200 913 325 960 manere
349 895 597 976 licitaualeant,
620 911 764 959 necnon
793 895 915 977 prolem
944 913 984 958 ex
1018 892 1197 958 huiusmodi
1234 893 1433 959 matrimonio
1465 892 1701 973 suscipiendam

200 999 372 1082 legitimam
394 999 565 1064 nunciandi
587 998 715 1081 plenam
737 1006 771 1064 et
793 999 926 1063 liberam
942 998 1143 1064 ccrncedimus
1160 1003 1271 1061 tenore
1287 997 1486 1079 presencium
1507 996 1700 1089 facultatem.

200 1105 233 1169 ll.
257 1104 342 1187 apud
366 1104 598 1170 Villamnouam
622 1103 848 1169 Auinionensis
871 1104 951 1169 dioc.
975 1103 1039 1167 kal.
1063 1101 1150 1167 lunii
1174 1121 1202 1167 a.
1226 1101 1335 1182 primo.

324 1293 355 1347 R.
375 1295 424 1347 Aa.
446 1297 494 1346 tae
512 1293 558 1347 fol
577 1299 637 1358 413,
656 1293 688 1348 R.
707 1292 768 1347 Vat.
787 1298 838 1346 228
857 1291 905 1347 fol.
924 1298 991 1345 344¹.
1015 1323 1041 1332 -
1071 1298 1094 1361 ι)
1114 1291 1156 1355 ‚ad
1175 1291 1211 1347 id‘
1234 1295 1284 1346 Au.

846 1523 904 1530 --.
916 1523 951 1529 --
961 1522 1050 1530 m...-

193 1697 255 1763 57.
279 1694 481 1761 Innocentius
498 1714 591 1778 popa
622 1694 664 1758 Vl
699 1694 810 1760 scribit
844 1689 957 1757 Coreto
986 1695 1054 1776 cepi
1087 1696 1310 1779 Romanorum,
1344 1715 1379 1759 sc
1400 1693 1524 1761 litteras
1551 1715 1610 1778 par
1633 1693 1700 1776 cpi·

277 1819 407 1882 scopam
437 1797 714 1864 Vratislcvicnscm
737 1800 883 1865 nantium
906 1799 1026 1880 rapiam
1044 1802 1271 1882 praesentatas
1295 1799 1424 1880 tentans
1446 1799 1608 1882 recepisse.

1006 1939 1102 2022 Apnd
1133 1938 1369 2017 villamnovam,
1402 1939 1484 2003 1353
1507 1937 1602 2005 Junii
1623 1938 1654 2003 6.

324 2147 495 2212 Carissimo
526 2147 558 2212 in
589 2146 716 2213 Christo
746 2147 811 2213 filio
845 2147 957 2213 Carolo
988 2148 1056 2230 regi
1086 2148 1297 2214 Romanorum
1327 2147 1445 2212 illustri
1476 2147 1612 2213 salutem
1636 2154 1697 2216 etc.

191 2252 385 2320 Serenitatis
408 2262 463 2317 tue
486 2253 612 2318 litteras
636 2258 837 2335 presentatas
860 2253 951 2317 nobis
979 2270 1037 2335 per
1053 2271 1123 2317 ven.
1148 2253 1184 2318 lr.
1208 2260 1352 2319 nostrum
1373 2254 1555 2335 episcopum
1580 2253 1697 2319 Wrati-

192 2356 398 2439 slauiensem,
423 2358 570 2422 nuncium
594 2363 692 2440 tuam,
717 2364 751 2422 et
773 2357 876 2440 ipsum
900 2375 1023 2438 quoque
1041 2359 1188 2423 nuncium
1205 2357 1475 2440 contemplacione
1492 2361 1547 2422 tua
1562 2358 1698 2442 benigne

187 2463 372 2545 recepimus
399 2465 576 2543 ettamen,
601 2481 661 2542 que
685 2462 770 2526 dicte
787 2462 895 2527 littero
913 2462 1127 2544 corrtinebant,
1151 2482 1244 2545 quarn
1261 2480 1321 2545 que
1344 2461 1428 2527 idem
1451 2462 1586 2528 nuncius
1608 2463 1699 2529 nobis

185 2585 250 2648 pro
273 2572 364 2649 parte
388 2565 615 2649 magnitudinis
632 2573 686 2630 tue
702 2567 878 2649 prudenter
893 2573 927 2631 et
942 2567 1074 2649 provide
1092 2569 1258 2653 reseravit,
1282 2567 1454 2651 diligenter
1469 2568 1588 2634 auditis
1604 2569 1645 2634 ad
1660 2588 1699 2634 ea

186 2670 251 2736 tibi
265 2688 323 2752 per
335 2671 469 2736 eundem
480 2671 671 2753 episcopum,
688 2671 741 2752 qui
755 2672 794 2736 ad
806 2672 1057 2755 magnitudinem
1069 2679 1156 2737 tuam
1172 2673 1212 2739 ad
1227 2691 1360 2757 presens
1376 2672 1557 2748 revertitur,
1569 2692 1698 2757 respon-

186 2773 331 2840 dendum
354 2775 534 2863 duximus)
557 2782 592 2840 et
614 2777 789 2858 peticiones
822 2797 880 2860 pro
914 2785 1005 2860 parte
1039 2782 1095 2841 tua
1128 2777 1218 2842 nobis
1252 2777 1420 2861 exhibitas,
1452 2784 1604 2859 quantum
1629 2798 1698 2844 curn

183 2877 254 2944 ‹leo
283 2880 452 2962 potuimus
492 2880 532 2944 ed
565 2880 703 2961 graciam
737 2882 955 2947 exauditionis
990 2881 1182 2965 admisimus,
1216 2882 1299 2948 sicut
1329 2884 1368 2948 ab
1402 2882 1514 2948 eodem
1548 2883 1698 2966 episcopo

183 2982 304 3048 audies
337 2984 463 3066 plenius
495 2985 566 3049 viva
595 3003 680 3050 voce.
719 2987 756 3052 D.
795 2987 879 3069 apud
909 2986 1141 3052 Villamnouam
1181 2987 1404 3053 Aninionensis
1438 2986 1518 3053 dioc.
1551 2988 1628 3052 Vlll
1655 2989 1696 3053 id.

182 3083 281 3151 -lumi
304 3106 331 3152 a.
354 3089 465 3171 primo.

324 3277 357 3333 R.
376 3279 439 3333 Vat.
459 3278 552 3333 2441(
571 3278 705 3346 (Archct.)
726 3297 767 3338 nr.
785 3288 843 3346 ato,
862 3281 894 3336 R.
913 3280 975 3336 Vat.
995 3287 1045 3336 28⁶
1063 3281 1110 3336 fol.
1132 3285 1189 3336 120¹
1212 3310 1241 3320 —
1260 3279 1326 3350 Reg.
1350 3279 1424 3350 apud
1451 3279 1615 3350 Warumky,
1640 3279 1697 3332 Ex·

183 3373 288 3435 carpta
305 3382 345 3420 nr.
365 3371 417 3420 aut
435 3373 463 3421 et
480 3366 582 3429 Haben,
599 3369 666 3436 Bag.
685 3369 754 3438 Imp.
773 3369 837 3424 v111
855 3385 917 3439 pag.
936 3374 986 3422 ‘182
1005 3385 1044 3423 nr.
1070 3375 1129 3423 242.
1167 3399 1193 3408 -
1219 3373 1242 3433 π)
1264 3369 1295 3420 In
1314 3367 1425 3423 Archet.
1450 3365 1589 3435 sequitur:
1617 3366 1698 3431 ‚sicut

181 3452 435 3595 {zuifistfltaudisa
470 3454 578 3523 plenius
608 3456 669 3510 vina
699 3472 772 3511 voce.
806 3455 932 3511 Ceterum
964 3456 1116 3525 peticiones
1149 3473 1198 3526 pro
1229 3461 1307 3525 parte
1337 3455 1483 3525 nragnitu.⁴,
1513 3454 1562 3508 sed
1592 3454 1696 3508 carrcel·

842 3739 1048 3747 *—

183 3923 257 3988 68.
282 3923 413 3990 Rodcrta
443 3924 480 3990 de
512 3926 659 3992 Gebcnno
688 3928 836 3992 canorrico
866 3928 1047 3992 Parisicnsi
1076 3933 1278 3993 reservantur
1302 3950 1363 4011 per
1395 3926 1521 3992 litteras
1550 3930 1696 3992 cassatas

184 4032 395 4095 canonicatus
424 4034 454 4093 ct
478 4030 660 4112 praebenda
683 4052 722 4096 ac
744 4031 937 4096 cancellaria
961 4033 1104 4113 ecclesiae
1127 4032 1360 4115 Ambiancnsis‚
1384 4052 1465 4112 qnae
1486 4051 1602 4096 uacare
1623 4051 1691 4114 spc-

184 4139 316 4198 vcntnr.
353 4135 531 4216 „Nobilitas
551 4137 692 4215 oenotrisu
723 4137 836 4219 „alpad
867 4134 1097 4200 Villamnouam
1120 4133 1342 4200 Aninioncnsis
1364 4135 1440 4199 dioc.
1474 4135 1519 4199 1’1
1536 4135 1580 4199 id.
1603 4135 1697 4202 Jnnii

192 4256 231 4298 a.
246 4239 378 4322 priano.“
411 4276 451 4286 -—
483 4242 522 4304 In
556 4262 580 4304 c.
603 4263 643 4305 na.
676 4241 784 4306 abbati
812 4242 997 4306 monasterii
1025 4262 1050 4306 s.
1080 4240 1240 4307 Johannis
1271 4239 1493 4305 Anrbiancnsis
1523 4245 1552 4303 et
1587 4239 1689 4305 arcti·

249 4343 375 4409 diccono
403 4345 571 4424 Prapcnsis
592 4365 630 4408 oc
655 4343 809 4409 Gccilclmo
834 4341 957 4426 Coyndc
980 4346 1128 4410 canonico
1153 4345 1417 4411 Claromontcnsis
1440 4345 1651 4410 casinianum.

244 4499 359 4566 Gratis.
1006 4501 1103 4585 apoc
1133 4501 1370 4580 Villamaooam‚
1399 4503 1480 4565 1353
1502 4501 1597 4568 Junii
1620 4505 1649 4567 8.

205 4780 237 4840 de
321 4705 353 4762 R
372 4709 420 4761 Ar.
442 4715 486 4762 tal
511 4709 557 4762 lol.
579 4715 644 4762 ltl‘.
674 4739 699 4748 -
731 4709 761 4762 ln
779 4708 900 4777 margine
920 4708 1002 4764 huticis
1021 4709 1139 4776 litterae,
1169 4725 1240 4777 quae
1265 4707 1417 4762 cancellata
1436 4707 1542 4762 existit:
1564 4709 1695 4772 „Cassata

251 4793 401 4849 meamet

843 4971 1048 4985 -.........,...
