3944 6060
231 363 272 430 88
834 363 904 414 Acta
920 359 1074 416 hnoeontii
1090 358 1135 416 Vl.
1236 423 1238 427 ,

231 569 303 635 dem
325 567 478 634 fratribus
501 570 661 634 actoribus
683 589 746 635 non
769 572 983 638 decernantur
1004 586 1145 654 expense
1167 587 1227 635 neo
1249 588 1306 653 pro
1329 587 1365 636 se
1390 588 1451 635 nec
1473 589 1531 654 pro
1545 569 1604 636 lite
1624 589 1734 654 supra·

231 672 327 757 dicta,
362 675 421 739 sed
450 675 533 755 quod
557 675 662 740 dictus
684 675 867 758 prepositus
898 679 934 739 et
965 673 1193 740 monasterium
1227 673 1444 755 supradictum
1467 679 1653 738 remaneant
1676 674 1734 740 im-

230 796 341 843 munes
364 784 399 844 et
419 779 514 845 liberi
538 780 576 844 ab
600 780 761 845 solucione
791 797 849 845 sen
873 772 1073 860 prestatione
1098 796 1307 861 expensarum
1329 797 1387 860 pro
1410 777 1556 859 personis
1579 777 1736 844 dictorum

231 879 364 949 fratrum
388 889 422 949 et
445 885 578 950 aliorum
601 902 658 967 pro
680 884 738 949 lite
763 884 947 967 supradicta
978 901 1034 949 sou
1058 884 1225 950 occasione
1247 882 1484 966 premissum

360 988 496 1054 Auditor
517 988 615 1054 faciat
635 988 795 1055 iusticiam
819 988 857 1054 G.
880 990 918 1053 D.
942 987 1101 1053 Auinioue
1124 988 1166 1054 id.
1190 986 1357 1053 Februarii
1380 1006 1408 1052 a.
1433 987 1580 1055 secundo.

253 1253 255 1256 Ι
360 1177 391 1232 lt
411 1177 506 1248 Suppl.
526 1184 560 1232 25
579 1177 626 1233 fol.
645 1179 696 1231 34¹.
715 1206 748 1219 ·-
768 1181 794 1244 ι)
812 1171 983 1246 ‚deputatus‘
1000 1175 1096 1245 Suppl.

230 1563 321 1630 206.
348 1561 522 1628 Guilelmus
552 1561 590 1625 de
623 1559 947 1643 meleusippum,
980 1563 1136 1644 quolenus
1166 1559 1201 1622 in
1221 1557 1297 1623 locis
1319 1558 1532 1626 ecclesiastico
1553 1559 1729 1643 suppositis

230 1665 397 1732 interdicto
425 1666 544 1730 missas
574 1664 686 1729 audire
715 1668 745 1729 cl
772 1667 911 1749 teuapore
939 1664 1096 1749 pencrolis
1125 1663 1289 1730 interdicti
1310 1664 1428 1729 diuinis
1448 1663 1597 1729 liberasse
1617 1664 1736 1730 valcat

1154 1802 1318 1885 Annum,
1343 1803 1429 1869 rasa
1451 1801 1618 1868 reomaus
1640 1805 1692 1869 13.

361 1994 527 2079 Supplicat
556 1994 595 2060 go
619 1994 673 2059 V¹⁰
698 1994 833 2060 devotus
857 1993 994 2060 servitor
1026 1999 1135 2058 vester
1168 1992 1358 2059 Wilhelmus
1381 1993 1421 2059 do
1443 1992 1579 2077 Ieskau,
1601 1993 1737 2059 nuncius

233 2099 455 2167 ....Karoli
477 2100 687 2164 Romanorum
711 2103 746 2163 et
767 2099 898 2164 Boemie
921 2098 1008 2181 rogis
1032 2098 1072 2162 ad
1106 2097 1176 2163 S¹⁶¹¹¹
1197 2097 1374 2180 predictam
1398 2098 1587 2177 destinatus,
1624 2104 1735 2180 quate·

229 2223 290 2271 nus
313 2205 384 2281 sibi,
419 2204 503 2284 quod
526 2203 559 2268 in
581 2202 661 2268 locis
684 2221 743 2285 per
764 2221 935 2286 processus
968 2203 1160 2285 apostolicos
1183 2208 1295 2268 contra
1316 2203 1475 2267 Baiarum
1497 2208 1533 2268 et
1554 2220 1629 2269 suos
1652 2220 1736 2268 com-

230 2310 330 2393 plices
353 2315 388 2374 et
409 2307 550 2375 fautores
574 2314 631 2374 aut
660 2308 741 2373 alias
763 2307 890 2374 habitos
912 2314 947 2373 et
969 2307 1132 2373 habendos
1155 2324 1213 2372 seu
1235 2324 1294 2389 per
1316 2307 1508 2388 apostolicas
1534 2306 1584 2372 vel
1605 2306 1734 2389 provin·

230 2414 328 2479 ciales
363 2419 419 2478 aut
449 2413 619 2496 synodales
650 2413 898 2479 constitutiones
929 2413 996 2478 sire
1028 2411 1108 2476 alias
1131 2413 1171 2477 do
1194 2411 1264 2476 iure
1289 2411 1444 2477 communi
1468 2411 1518 2476 rel
1543 2410 1638 2476 aliter
1660 2429 1737 2493 quo

231 2519 448 2599 modocunque
479 2517 698 2584 ecclesiastico
732 2518 907 2600 suppositis
929 2518 1111 2600 interdicto,
1146 2534 1208 2598 que
1231 2515 1417 2581 nominatim
1441 2521 1475 2580 et
1498 2533 1650 2597 expresso
1673 2535 1737 2582 non

229 2630 306 2690 suut
329 2624 482 2688 nunciata
504 2623 629 2705 publice
652 2622 833 2702 interdicta,
856 2623 939 2687 etin
955 2623 1068 2704 quibus
1084 2640 1147 2687 uon
1170 2627 1314 2686 cessetur
1330 2621 1437 2685 eciam
1461 2640 1479 2684 a
1510 2620 1636 2704 divinis,
1659 2620 1739 2687 licet

232 2727 340 2794 forsan
356 2729 425 2810 ipse
442 2727 481 2791 de
499 2727 681 2792 huiusmodi
698 2727 870 2793 interdicto
893 2727 1043 2792 noticiam
1067 2732 1123 2791 aut
1145 2726 1358 2807 suspicionem
1374 2724 1425 2790 vel
1441 2724 1665 2789 credulitatem
1681 2724 1738 2790 ha·

230 2834 314 2914 beat,
338 2832 452 2896 missas
474 2838 509 2897 et
531 2832 596 2896 alia
625 2831 732 2895 divina
755 2830 858 2896 officia
881 2831 992 2896 audire
1015 2837 1049 2896 et
1072 2849 1141 2894 cum
1165 2830 1309 2912 personis
1333 2829 1434 2895 eciam
1457 2829 1655 2912 generaliter
1677 2846 1733 2894 ex·

231 2935 478 3014 communicatis,
512 2935 689 3016 dequibus
713 2935 744 2998 ei
773 2953 836 3001 non
868 2940 1002 3017 constat,
1036 2935 1120 3014 quod
1143 2934 1209 2999 sint
1238 2952 1278 2999 en
1307 2934 1434 2999 nomine
1465 2933 1738 2999 excommunicate

231 3040 357 3120 publice
382 3040 540 3118 nunciate,
563 3038 651 3104 licite
675 3045 709 3104 et
730 3039 859 3122 impune
882 3038 982 3104 eciam
1005 3039 1037 3103 in
1062 3038 1178 3104 divinis
1201 3037 1394 3122 participare
1417 3038 1534 3120 valeat,
1559 3037 1737 3120 dignemini

231 3143 484 3209 misericorditer
505 3143 683 3225 indulgere.

361 3265 443 3340 Fiat,
467 3265 541 3329 dum
575 3269 767 3330 tamennon
791 3266 834 3329 sit
855 3265 1024 3348 notorium,
1057 3265 1128 3330 loca
1150 3282 1222 3329 esse
1245 3263 1419 3330 interdicta
1448 3269 1483 3329 et
1505 3280 1660 3347 personas
1683 3282 1739 3330 ex·

233 3369 480 3434 communicatas
506 3370 544 3435 G.

362 3491 443 3556 item
467 3491 635 3574 supplicat,
661 3496 819 3571 quatenus
842 3490 912 3573 sibi,
935 3491 1025 3555 utin
1049 3491 1288 3571 quibuscunque
1311 3490 1390 3555 locis
1413 3495 1557 3570 tempore
1574 3487 1737 3571 generalis

231 3594 395 3659 interdicti
418 3593 521 3677 possit
543 3612 614 3659 cum
637 3594 763 3660 clericis
786 3600 852 3660 tam
875 3593 1072 3659 secularibus
1096 3612 1189 3675 quam
1212 3593 1372 3676 religiosis
1396 3594 1513 3658 clausis
1525 3591 1630 3656 ianuis
1653 3590 1739 3658 cele·

232 3699 398 3764 brantibus
420 3700 577 3764 interesse
601 3699 729 3765 divinis.

362 3820 435 3885 liat
458 3819 494 3884 G.
517 3820 593 3886 Sine
618 3821 681 3886 ulia
704 3819 854 3887 lectione.
877 3820 950 3885 Fiat
973 3819 1010 3885 G.

364 3942 402 4006 D.
425 3941 582 4008 Aninione
604 3941 648 4006 id.
670 3942 837 4008 Februarii
860 3962 888 4007 a.
913 3942 1060 4007 secundo.

364 4129 396 4183 R.
415 4129 511 4200 Suppl.
529 4133 563 4183 25
581 4129 627 4185 fol.
647 4133 700 4187 35⁴.

881 4274 1089 4284 ——--.

235 4445 325 4511 207.
352 4440 543 4528 &allelmi
578 4444 615 4508 de
637 4441 807 4528 Leslltovb)
831 4444 1021 4526 indulpelua
1044 4450 1079 4510 ot
1101 4446 1137 4510 in
1158 4445 1234 4511 loeis
1256 4445 1466 4512 ecclesiastico
1481 4446 1647 4513 ialerdiclo
1661 4467 1736 4532 aup-

228 4549 346 4630 positia
367 4548 485 4612 nausea
507 4551 538 4612 ct
559 4547 628 4613 alia
651 4547 759 4613 diuino
783 4548 896 4614 audire
928 4553 958 4613 el
991 4569 1061 4614 cum
1078 4552 1224 4633 personis
1244 4549 1435 4632 penereliter
1455 4551 1734 4618 eoecommuuicolia

232 4652 267 4714 an
289 4650 405 4717 urano
429 4650 632 4736 pausaniae
664 4652 779 4717 lauat.
818 4653 1020 4733 „naama-e
1054 4657 1122 4719 uua«
1167 4654 1342 4731 „nouom
1364 4654 1407 4722 u.
1433 4655 1602 4721 neumare
1623 4676 1654 4722 a.
1683 4641 1733 4722 ass

325 4841 354 4892 X
918 4756 1049 4822 cuudo.“

297 4912 373 4963 .Χ.
1156 4896 1319 4977 Avidium,
1341 4901 1430 4965 1354
1452 4897 1621 4964 Felmlan‘i
1642 4897 1694 4964 13.

361 5080 393 5134 R.
412 5083 462 5135 Ar.
484 5086 532 5135 126
551 5081 599 5136 iol.
617 5087 678 5151 436,
696 5083 728 5138 st
747 5083 809 5140 Vat
828 5089 880 5138 22⁶
898 5084 945 5138 iol.
966 5087 1034 5140 180⁴.
1059 5117 1085 5125 -
1109 5088 1134 5154 ⁸)
1153 5086 1318 5154 ,Wilhelmo‘
1337 5089 1387 5141 Av.
1409 5088 1435 5156 b)
1452 5084 1571 5142 Loskav‘
1590 5087 1642 5142 Ar.

883 5292 1088 5308 ——2
