3944 6060
728 452 794 501 reos
815 446 939 502 Jauurui
967 455 1005 502 rr·
1019 479 1052 489 -
1071 447 1212 503 Februarii
1231 453 1273 502 ae.
1375 441 1380 448 '
1731 451 1751 515 9

248 656 362 721 mentis
386 655 535 722 affectum
550 656 677 739 plenius
692 658 846 740 nummus,
870 677 940 741 que,
962 659 1036 740 igne
1052 658 1196 722 caritatis
1214 675 1357 735 accensa,
1381 655 1470 721 filiali
1487 658 1623 738 quodam
1645 658 1751 723 studio

249 761 401 825 salutaria
422 760 555 825 consilia
577 760 760 827 destinavit.
792 764 852 829 Pro
876 763 990 843 quibus
1012 763 1200 828 sublimitati
1225 769 1279 826 tue
1303 768 1410 843 grates
1433 762 1549 826 uberes
1573 762 1695 845 agimus
1718 767 1752 827 et

249 862 303 946 illi,
327 865 382 945 qni
406 864 488 929 hunc
511 865 569 931 tibi
592 865 709 930 infudit
731 867 879 944 animum,
902 866 1077 931 exolvimus
1101 867 1213 946 dignas
1235 865 1357 948 laudes,
1380 884 1452 930 enm
1469 866 1658 948 suppliciter
1681 885 1752 931 exo·

249 975 365 1050 santae,
399 975 436 1034 ut
457 970 537 1052 ipse,
570 970 623 1050 qui
652 971 693 1035 ad
724 971 897 1054 apostolice
932 971 1096 1036 servitutis
1131 971 1288 1035 sarcinam
1322 970 1570 1052 supportandam
1604 971 1753 1036 humeros

249 1078 373 1139 nostros
396 1073 536 1139 infirmos
567 1081 601 1138 et
623 1075 788 1140 inbecilles
811 1075 918 1157 elegit,
951 1076 990 1140 de
1015 1076 1121 1158 gracia
1144 1095 1203 1138 sua
1225 1081 1352 1140 nostros
1376 1075 1525 1156 suppleat
1546 1075 1753 1157 imperfectus

248 1183 281 1241 et
302 1177 438 1242 eandem
461 1178 628 1242 ecclesiam
652 1179 692 1243 ad
715 1179 850 1245 nominis
874 1180 923 1243 sui
946 1179 1080 1259 landem,
1095 1185 1130 1243 et
1152 1178 1294 1260 gloriam,
1318 1179 1419 1261 ipsius
1443 1177 1593 1243 horrorem
1617 1179 1753 1244 ecclesie

246 1299 282 1344 ac
314 1282 449 1346 sulutem
481 1283 639 1346 commissi
671 1283 815 1348 custodie
846 1290 955 1348 nostre
986 1283 1101 1365 gregis
1134 1283 1241 1364 populi
1273 1282 1396 1346 scilicet
1430 1282 1606 1356 christiani,
1640 1301 1753 1365 regere

245 1384 383 1468 benigne
406 1387 568 1452 concedat.
594 1387 742 1451 Ceterum
765 1387 847 1451 scire
870 1394 904 1452 te
921 1386 1076 1469 volumus,
1100 1387 1184 1468 quod
1204 1387 1346 1468 dileccio,
1370 1405 1462 1467 quiam
1487 1387 1526 1451 ad
1549 1392 1582 1451 te
1607 1387 1639 1450 in
1654 1387 1753 1452 mino·

241 1489 335 1554 ribus
365 1491 532 1555 constituti
563 1491 740 1574 habuimus,
775 1492 931 1556 hactenns
964 1509 1034 1555 cum
1068 1497 1238 1573 augmento
1273 1496 1377 1556 status
1411 1490 1526 1555 virium
1557 1490 1755 1555 incrementa

240 1594 400 1676 suscepit,
423 1601 458 1658 et
480 1601 554 1658 vota
569 1601 632 1675 tua,
655 1612 716 1677 qne
733 1594 822 1658 velut
843 1595 991 1661 catholici
1015 1602 1049 1659 et
1072 1595 1327 1659 christianissimi
1344 1595 1495 1677 principis
1519 1594 1634 1659 divinis
1657 1596 1753 1660 bene·

238 1697 375 1778 placitis
405 1704 440 1762 et
461 1698 622 1763 honestati
652 1697 824 1765 conformia
846 1699 1013 1771 credimus,
1045 1700 1135 1763 nobis
1159 1699 1343 1781 insignivere
1367 1699 1488 1781 poteris
1515 1697 1630 1763 hulrvcia
1653 1697 1753 1766 tiliali.

243 1803 285 1865 ll.
308 1802 465 1866 Aninione
490 1802 566 1866 Vlll
588 1803 652 1869 kal.
677 1803 788 1867 biarcii
813 1823 840 1867 a.
866 1804 975 1886 primo.

379 1989 411 2043 lt.
426 1991 485 2044 Vat.
504 1997 554 2044 235
568 1990 613 2045 iol.
626 1991 791 2060 tlt-lteg.
804 1991 877 2061 apud
893 1992 1055 2061 Werunslry,
1074 1993 1211 2062 Excerpta
1230 2010 1269 2046 nr.
1288 1998 1339 2046 275
1358 2000 1385 2045 et
1399 1992 1500 2058 Huber,
1519 1990 1586 2060 seg.
1604 1991 1672 2061 Imp.
1686 1991 1749 2045 Vlll

236 2093 310 2145 pag.
330 2080 380 2132 78⁶2
399 2093 439 2131 nr.
458 2084 519 2132 241.

901 2256 1106 2265 ---—--..

547 2496 609 2563 18.
643 2498 787 2561 Visitatio
811 2497 1024 2579 Nepiaabouis
1046 2498 1170 2562 abbatis
1197 2497 1444 2581 Opatovicensis.

1325 2633 1444 2722 [1353]
1468 2636 1637 2701 Februarii
1658 2639 1710 2701 25.

381 2827 441 2891 Die
475 2825 561 2891 XXV
596 2828 714 2891 mensis
749 2827 913 2892 Februarii
949 2827 1093 2893 dominus
1127 2825 1227 2890 frater
1261 2826 1406 2909 Neplaho
1441 2828 1537 2893 abbas
1570 2828 1756 2894 monasterii

241 2928 516 3012 Opathovicensis
533 2930 652 2995 ordinis
669 2950 693 2996 s.
709 2931 877 2996 Benedicti
899 2931 1069 3013 Progensis
1092 2930 1171 2995 dioc.
1196 2949 1253 3012 pro
1277 2950 1338 2996 uno
1363 2931 1490 2996 biennio
1507 2933 1649 3015 proxime
1672 2951 1755 2996 nunc

239 3037 412 3099 trausacto
435 3035 647 3117 personaliter
670 3055 738 3099 cum
764 3036 936 3100 devocione
961 3036 1069 3100 debita
1092 3035 1244 3100 visitavit.

381 3224 469 3294 Oblig.
489 3231 517 3277 et
535 3224 585 3278 sol.
604 3229 638 3277 28
657 3224 704 3279 sol.
726 3226 793 3279 143'.
816 3254 842 3264 -
865 3223 895 3277 In
914 3223 1036 3292 margine
1056 3223 1179 3278 dextero:
1201 3223 1276 3291 ,Phit

247 3627 314 3694 19.
347 3622 480 3691 Carolus
506 3625 717 3689 Romanorum
739 3629 769 3689 et
791 3625 962 3691 Bobemiae
984 3645 1040 3689 rea
1062 3625 1231 3709 supplicat,
1262 3629 1417 3708 quatenus
1440 3628 1475 3691 iu
1497 3626 1606 3706 altari,
1633 3625 1687 3690 abi
1708 3647 1755 3690 re·

241 3726 372 3812 liqwiae
391 3729 574 3813 imperiales
589 3731 725 3810 fuerint,
749 3730 867 3795 missae
888 3732 922 3795 iu
939 3729 1177 3812 pontificalibus
1199 3734 1229 3794 ei
1248 3730 1426 3797 solman-iter
1441 3731 1593 3796 celebrari
1612 3730 1755 3812 possem

241 3835 325 3899 &em
347 3834 517 3917 supplicat,
548 3838 701 3914 quatenus
731 3836 765 3899 ia
786 3836 976 3899 monasteria
1004 3856 1030 3899 s.
1058 3833 1216 3898 Ambrosii
1244 3835 1279 3898 in
1309 3837 1434 3900 civitate
1459 3836 1613 3919 Praqeusi
1641 3836 1757 3899 missae

236 3938 419 4004 secuudum
440 3940 537 4003 ritum
559 3938 803 4004 Ambrosianum
824 3939 886 4024 leqi
907 3943 937 4005 ei
952 3941 1089 4017 cantari,
1114 3939 1299 4021 abbatesque
1323 3941 1425 4022 ipsius
1448 3939 1632 4003 uvovmsterii
1648 3940 1756 4022 ponti-

223 4042 394 4117 ficalibus
416 4045 465 4106 aii
487 4044 631 4123 caiacum
660 4045 735 4108 dem
763 4044 933 4128 simplicat,
960 4047 1115 4125 quatenus
1136 4044 1170 4107 in
1203 4045 1313 4107 mariis
1345 4043 1480 4108 articulo
1499 4043 1596 4126 plena
1619 4044 1756 4107 omnium

635 4153 838 4232 peccatorum
859 4148 1002 4212 remissio
1024 4147 1085 4210 sibi
1106 4147 1231 4212 concedi
1250 4148 1363 4230 possit.

1169 4285 1332 4369 Aetnaeae,
1360 4286 1445 4350 1353
1468 4284 1635 4349 Febmuarii
1658 4287 1710 4349 26.

381 4496 546 4580 Supplicat
569 4495 608 4562 su
628 4497 681 4563 Vre
706 4497 840 4562 devotus
864 4496 946 4561 tilius
969 4502 1078 4561 vester
1104 4495 1241 4559 Karolus
1268 4496 1476 4561 Romanorum
1497 4498 1531 4557 et
1546 4493 1754 4572 Boemierex,

236 4607 346 4679 prout
376 4601 475 4664 eciam
507 4600 587 4665 alias
610 4601 809 4683 supplicavit,
843 4599 999 4681 quatinus
1031 4617 1100 4663 cnm
1130 4600 1215 4663 inter
1245 4617 1351 4663 sacrus
1381 4598 1564 4680 imperiales
1594 4597 1755 4678 reliquias,

232 4718 329 4784 quas
341 4723 442 4787 penes
454 4722 488 4768 se
500 4703 607 4786 babet,
624 4705 666 4770 sit
678 4711 765 4770 certa
776 4722 850 4786 pars
867 4704 905 4767 de
922 4704 1007 4785 ligno
1024 4704 1222 4767 sanctissime
1239 4704 1349 4783 crucis,
1365 4703 1397 4765 in
1413 4722 1475 4782 qna
1490 4702 1631 4766 salvator
1647 4694 1756 4766 noster

231 4809 413 4890 pependit
431 4814 471 4871 et
486 4827 567 4872 unus
590 4827 628 4872 ex
653 4809 758 4888 clavis,
782 4826 850 4871 cum
874 4807 987 4888 quibus
1018 4807 1121 4871 eidem
1144 4807 1233 4871 cruci
1252 4806 1313 4871 luit
1335 4805 1457 4883 affixus
1490 4823 1611 4869 necnon
1635 4804 1755 4887 lancea,

233 4925 323 4976 enm
345 4932 408 4994 qua
438 4912 509 4976 eins
531 4911 615 4977 latus
639 4912 871 4976 sanctissimum
903 4911 1011 4975 extitit
1042 4910 1244 4993 perforatum,
1276 4911 1448 4993 dignemini
1477 4914 1515 4974 ob
1538 4909 1754 4973 reverenciam

235 5007 353 5094 ipsius
375 5016 585 5098 redemptoris
607 5016 708 5080 nostri
730 5022 885 5101 perpetuo
909 5016 1091 5097 concedere,
1114 5016 1197 5097 qnod
1214 5016 1347 5095 quilibet
1363 5015 1520 5094 sacerdos,
1544 5013 1644 5093 quiin
1662 5012 1755 5075 ultori

238 5118 397 5199 velloco,
421 5120 475 5184 ubi
497 5120 678 5203 supradicte
701 5119 835 5200 reliquie
859 5119 984 5198 fuerint,
1008 5119 1135 5182 vrvissnm
1158 5119 1208 5181 vel
1233 5120 1295 5182 ruliu
1319 5119 1424 5182 divina
1447 5118 1550 5182 officia
1573 5116 1754 5196 celebrabit,

247 5223 357 5296 passu
377 5243 446 5288 eam
471 5224 520 5288 vel
551 5243 590 5288 ea
621 5225 651 5289 in
675 5223 907 5307 pontificalibus
931 5223 1100 5304 celebrare,
1133 5242 1201 5286 curru
1234 5243 1293 5287 narr
1327 5223 1526 5286 obstantibus
1550 5229 1583 5286 et
1605 5221 1756 5285 clausulis

255 5328 428 5404 oportunis
