3944 6060
231 433 294 498 122
824 428 895 484 ecta
915 426 1069 486 Innocentii
1088 427 1135 483 VI.

228 641 361 705 latorem
374 639 581 721 presencium,
605 639 645 702 ad
657 639 686 702 d.
699 637 720 702 t.
737 639 909 703 Amaldum
922 639 962 702 de
975 639 1152 703 Lacaucinu
1168 638 1369 703 scolasticum
1385 637 1640 717 Cracouiensem
1657 655 1730 719 apo·

231 745 343 809 stolice
376 743 463 808 sedis
498 743 655 823 rruncinm,
689 762 746 824 pro
780 741 960 807 huiusmodi
990 743 1130 825 negociis
1161 742 1365 819 destinemus,
1401 742 1606 806 serenitatem
1645 747 1732 806 tuam

230 854 354 913 attente
385 865 541 930 rogamus,
578 847 726 927 quatinus
758 846 894 909 eundem
930 847 1149 928 Raymundum
1184 853 1291 912 nostre
1322 846 1568 911 interventionis
1598 847 1731 910 obtentu

230 951 408 1034 suscipiens
431 951 692 1022 commendatum,
716 950 777 1014 sibi
801 950 851 1015 vel
874 950 979 1015 eidem
1002 951 1117 1015 nuncio
1147 950 1274 1015 litteras
1296 951 1412 1032 regias
1445 951 1558 1031 quibus
1592 950 1732 1014 median·

231 1055 316 1120 tibus
339 1055 410 1137 ipsa
432 1054 638 1119 favorabilius
660 1055 793 1137 negocia
815 1053 908 1117 finem
931 1055 1096 1136 recipiant,
1129 1074 1198 1119 cum
1228 1072 1325 1137 super
1346 1054 1404 1120 hoc
1428 1053 1527 1118 fueris
1549 1053 1731 1134 requisitus,

230 1159 366 1241 benigne
390 1160 554 1224 concedas.
579 1158 616 1222 D.
640 1158 798 1224 Aninioue
821 1158 864 1221 VI
887 1157 929 1221 id.
954 1157 1142 1223 Novembris
1165 1177 1193 1222 a.
1218 1157 1366 1222 secundo.

359 1346 390 1401 R.
403 1347 465 1401 Vat.
477 1353 528 1402 836
541 1347 586 1402 fol.
606 1341 674 1400 189¹.

230 1732 318 1799 297.
341 1729 581 1814 Archiepiseopo
606 1729 781 1796 Gnennensi
808 1735 838 1794 et
859 1729 1012 1812 episcopis
1042 1725 1240 1794 Cracaviensi
1262 1749 1299 1794 ac
1331 1728 1570 1795 Vrotislaviensi
1594 1730 1728 1794 manda·

229 1842 291 1914 tar,
315 1840 467 1916 quatenns
488 1835 523 1899 in
546 1835 706 1913 Potaniae,
743 1836 903 1916 Unqariae
932 1838 961 1897 et
992 1831 1163 1898 Balremiae
1192 1833 1297 1916 regnis
1328 1839 1437 1899 eontra
1471 1837 1682 1899 Tartararnm
1704 1839 1732 1896 et

230 1939 441 2003 Litaanannm
462 1945 578 2020 ¹centes,
602 1958 731 2020 reginem
756 1938 904 2003 Potaniae
926 1937 1118 2015 invadentes,
1139 1936 1264 2002 verbam
1287 1940 1390 2005 crans
1408 1944 1600 2023 proponant.
1629 1937 1732 2020 „Ape

394 2043 500 2109 statice
521 2041 750 2108 solicitudinis“
780 2042 953 2121 „Aniniane
976 2042 1051 2105 IIII
1068 2041 1112 2108 id.
1139 2042 1321 2107 Novembris
1343 2065 1373 2110 a.
1398 2043 1558 2109 secando.“
1701 2038 1707 2049 '

272 2199 336 2252 .L.
1132 2179 1295 2256 Aninione,
1319 2182 1406 2244 1354
1428 2179 1613 2245 Novembris
1639 2182 1688 2248 10.

361 2372 392 2425 R.
406 2373 456 2426 Ar.
476 2375 524 2426 127
545 2372 589 2426 tol.
604 2377 672 2440 569⁴,
691 2370 715 2425 R
745 2371 806 2425 Vat.
826 2377 875 2425 227
897 2369 943 2424 tol.
958 2374 1028 2423 ³92⁴.
1052 2400 1077 2408 -
1100 2368 1150 2421 Ed.
1165 2368 1238 2438 apud
1251 2368 1379 2431 Thainer,
1391 2369 1466 2422 Mon.
1480 2369 1570 2437 Hung.
1584 2369 1611 2422 11
1624 2385 1686 2439 pag.
1702 2376 1735 2426 10

232 2754 322 2822 298.
348 2752 606 2836 Arctiepiscopns
630 2754 803 2836 &agensis
825 2758 855 2817 et
877 2754 1013 2836 episcopi
1035 2752 1292 2818 Vratislaciensis
1316 2773 1353 2818 ac
1379 2751 1592 2818 olomucencis
1613 2773 1735 2819 mmer-

230 2863 355 2923 natores
379 2858 502 2923 adimis
526 2864 555 2922 ct
577 2864 740 2924 conventas
762 2856 947 2922 nwnasterii
968 2857 1119 2923 sinemo
1148 2858 1471 2923 Praemonstratensis
1499 2854 1622 2922 ordinis
1650 2858 1736 2922 Pra-

229 2963 336 3044 gensis
359 2962 436 3025 dioc.
461 2962 504 3026 ad
529 2963 699 3027 trienninm
723 2962 941 3027 instituuntur.
968 2961 1146 3041 „Militanti
1167 2961 1309 3027 emas&
1340 2963 1517 3045 ‚Aninione
1534 2962 1566 3024 X
1571 2961 1648 3043 ΠΙ)
1670 2959 1734 3025 leat.

302 3136 329 3186 X
774 3065 956 3128 Decembris
979 3088 1008 3130 a.
1032 3065 1197 3131 semnion

281 3206 330 3325 ἑ
1131 3206 1293 3284 Asiniane,
1317 3206 1406 3270 1354
1428 3205 1614 3269 Novembris
1636 3208 1691 3271 17.

363 3392 394 3445 R.
415 3396 465 3445 nv.
488 3398 534 3446 ras
553 3392 599 3446 for.
620 3399 679 3459 aaa,
698 3393 730 3446 n.
749 3395 811 3448 Vct.
830 3400 880 3448 nar
900 3393 945 3448 fol.
966 3400 1024 3448 ara.

235 3775 328 3842 299.
351 3776 537 3840 Bernartius
561 3776 657 3841 abdas
679 3778 863 3842 monasterii
885 3776 1038 3842 Saloensis
1060 3776 1228 3860 supplicat,
1252 3781 1406 3858 qnatenus
1428 3776 1490 3842 siti·
1511 3781 1542 3840 et
1563 3780 1607 3842 10
1623 3797 1736 3861 perso·

235 3880 284 3946 nis
306 3879 505 3963 indulgentia
525 3879 673 3959 plenaria
696 3880 731 3944 in
752 3881 863 3944 monis
885 3881 1018 3946 artiento
1041 3886 1071 3946 et
1092 3883 1282 3946 monasterio
1304 3901 1359 3946 seso
1376 3884 1607 3946 mercatores
1630 3899 1739 3947 conee-

920 3984 1046 4049 dantia.

1137 4106 1299 4188 Asiniane,
1325 4104 1409 4171 1354
1430 4103 1616 4172 Novembris
1639 4109 1695 4174 18.

364 4292 527 4376 Supplicat
551 4293 589 4358 gu
608 4294 662 4359 V¹⁰
683 4296 799 4359 devota
821 4302 968 4360 creatura
990 4303 1098 4361 vestra
1121 4296 1324 4361 Bernhardus
1348 4296 1445 4360 abbas
1468 4296 1655 4362 monasterii
1668 4295 1738 4380 Syl·

234 4399 367 4472 tensis·)
392 4399 694 4464 Premonstratensis
718 4399 837 4465 ordinis
860 4400 1029 4483 Pragensis
1045 4401 1135 4482 dioc,
1153 4401 1302 4480 quatinus
1325 4400 1385 4464 sibi
1408 4406 1442 4464 et
1465 4400 1574 4464 decem
1590 4402 1740 4483 personis

233 4502 434 4567 nominandis
457 4521 515 4585 per
537 4521 609 4568 euin
632 4504 864 4587 indulgenciam
889 4506 1063 4588 plenariam
1088 4506 1261 4570 concedere
1285 4505 1458 4587 dignemini
1482 4504 1582 4568 semel
1613 4512 1739 4570 tantum

235 4606 266 4669 in
290 4606 402 4671 mortis
427 4607 561 4671 articulo
583 4608 674 4671 utin
697 4607 806 4673 forma

364 4727 437 4791 Fiat
459 4728 499 4792 de
524 4728 661 4809 qulnque
685 4729 722 4794 G.

365 4830 444 4895 Item
468 4832 618 4912 quatinus
641 4852 697 4914 pro
721 4833 806 4898 dicto
829 4834 1030 4914 monasterio,
1064 4833 1148 4913 quod
1171 4852 1188 4895 a
1208 4833 1348 4896 llomaua
1370 4835 1457 4898 curia
1491 4833 1665 4916 plurimum
1689 4841 1739 4899 est

235 4941 398 5017 remotum,
422 4941 661 5001 conservatores
684 4937 856 5019 dignemini
880 4937 1053 5002 concedere
1076 4938 1108 5002 in
1131 4935 1232 5001 tonna
1254 4937 1380 5001 concilii
1404 4935 1596 5002 Viennensis

365 5040 438 5103 Fiet
460 5040 500 5102 ad
524 5040 693 5103 trienninm
718 5040 754 5104 G.
778 5041 821 5104 Et
844 5041 912 5105 sine
936 5041 1000 5106 alia
1021 5041 1170 5106 leccione.
1196 5039 1329 5105 Ficta.

367 5144 404 5207 D.
428 5143 585 5208 Aninione
608 5143 701 5208 XIIII
725 5145 761 5223 (l)
784 5144 847 5207 kal.
874 5145 1057 5210 Decembris
1080 5164 1108 5209 a.
1132 5145 1279 5210 secundo.

366 5330 398 5385 R
417 5329 513 5401 Suppl.
532 5336 565 5385 m
583 5347 648 5402 pars
667 5331 693 5385 11
711 5331 757 5385 tol.
777 5337 820 5386 95¹
838 5362 872 5370 —
893 5344 916 5398 ι)
936 5333 1060 5404 (lor-rige:
1080 5332 1244 5404 ,Syloenais‘.
