3944 6060
795 423 903 481 Petrus
923 455 963 464 -

197 637 305 694 Petrus
339 637 375 692 de
404 633 567 690 Hornbaeh
594 652 632 689 ν,
650 631 823 687 Hornbach.

196 724 290 780 -de
313 722 457 794 Janoviez
484 741 511 776 v.
536 719 688 791 Ja·n0viez.

197 810 290 866 —de
314 809 422 865 Ilbavo
444 827 471 862 ν.
497 806 609 864 libano,

198 896 292 952 —de
316 892 484 968 johnsdorf
512 913 538 949 v.
566 889 741 963 Johnsdori.

198 1014 237 1023 —
256 981 382 1038 Henriei
404 981 439 1036 de
460 979 635 1052 Landsberg
655 997 681 1034 v.
704 976 886 1048 Landsberg.

199 1100 237 1109 —
257 1067 413 1125 Laurentii
442 1088 470 1124 v.
502 1065 666 1122 Lanrenstii.

198 1187 237 1195 —
256 1154 368 1226 Jenlini·
392 1154 430 1209 d'e
456 1152 644 1208 Lanterbaeh
672 1171 699 1210 v.
728 1149 924 1206 Lauterbach.

202 1240 317 1307 Pennis,
344 1240 426 1296 elect.
454 1238 649 1305 Lavaniinns
677 1247 767 1294 antea
791 1254 855 1295 can.
881 1253 924 1308 pr.

258 1327 362 1385 ecclae.
396 1324 593 1381 Tridentinae·
622 1337 685 1395 247.

158 1405 163 1422 '
199 1444 237 1453 -
256 1412 401 1484 Johannis
432 1410 670 1467 Leuihomerbzri
701 1409 737 1466 de
767 1410 866 1482 Braga
897 1426 924 1464 v.

256 1496 503 1554 Lemhonaertzri.

200 1614 238 1623 —
256 1583 366 1655 Jeniini
409 1584 445 1639 (le
487 1581 854 1654 Litrbaehy-Laanerbach
896 1600 923 1636 v.

256 1671 426 1742 Litrbachy.

198 1790 237 1798 —
257 1757 374 1813 Nicolai
399 1758 435 1813 (le
459 1756 599 1812 Lointn‘ez
625 1776 651 1813 v.
676 1756 826 1814 Lonnnicz.

198 1876 236 1883 —
256 1844 290 1899 de
315 1844 400 1899 Luna
425 1863 451 1898 v.
477 1843 570 1901 Luna.

198 1961 236 1969 —
256 1929 515 1985 Luthsnnuslensis
542 1949 567 1985 v,
596 1929 780 1985 Luthomnsli.

197 2044 237 2053 —
256 2015 400 2087 Marghat
422 2034 449 2072 v.
476 2015 626 2086 Marghat.

198 2103 291 2158 —de
320 2102 348 2158 S.
377 2102 510 2158 Martiali
541 2121 566 2158 v.
595 2102 745 2158 Martialis
775 2102 803 2159 S.

198 2189 291 2244 —de
314 2188 470 2243 Menizibor
494 2208 520 2243 v.
545 2188 708 2244 Medzibor.

197 2304 236 2313 —
256 2273 410 2330 Radkonis
429 2274 464 2330 de
485 2273 600 2330 Melnik
620 2296 647 2332 v.
670 2272 793 2332 Meinik.

197 2393 236 2401 —
256 2361 290 2417 (ie
313 2360 512 2416 Michaiovicz
534 2382 560 2420 v.
583 2361 791 2419 Michalovicz.

199 2477 235 2486 -
256 2446 385 2502 Conradi
414 2448 448 2504 de
477 2447 610 2502 Modiicz
640 2468 666 2503 v.
696 2447 840 2505 Modiicz.

200 2533 314 2600 Pennis,
343 2532 406 2588 abb.
434 2544 559 2590 nimiast.
589 2534 702 2590 Monnis
732 2534 806 2590 Sion
830 2553 922 2607 prope

256 2619 387 2691 Pnagann
417 2635 480 2691 317,
511 2619 575 2691 348.

197 2704 281 2761 -d'e
309 2706 457 2761 Mornvan
486 2726 512 2762 v.
542 2707 719 2780 Moravany.

197 2823 236 2830 —
256 2791 472 2848 Werkmeis‘een
494 2796 531 2850 de
554 2793 628 2849 Nisa
652 2814 678 2849 v.
704 2793 787 2850 Nisa.

199 2876 315 2946 Petrus,
338 2878 476 2935 scholast.
497 2879 604 2936 eeclae.
628 2880 838 2938 Olomucensis
858 2895 922 2952 270.

197 2995 235 3003 —
255 2963 379 3021 Henrici
404 2965 439 3020 de
462 2965 556 3022 Olsna
578 2986 604 3025 v.
628 2966 731 3024 Olsna.

196 3050 289 3106 -de
316 3051 396 3122 Opni
421 3071 447 3106 v.
475 3052 561 3123 Oppi.

197 3167 236 3204 -,
255 3136 377 3193 Kusche
402 3138 438 3193 de
464 3138 607 3210 (bringew
635 3159 660 3196 v.
689 3140 842 3213 Oringew.

198 3220 314 3290 Petrus
342 3224 423 3279 earci.
454 3225 559 3295 presb„
590 3243 648 3296 eps.
679 3226 829 3284 Ostiensis
861 3242 922 3300 153,

253 3308 316 3375 218,
336 3325 399 3380 311.
418 3343 456 3350 —
477 3310 616 3368 familiar.
638 3312 716 3367 eins:
741 3312 923 3370 Raniuoldns

254 3395 291 3450 de
317 3394 426 3451 Polenz
452 3414 515 3466 444.

197 3513 235 3520 -
255 3480 335 3537 Petri
365 3503 391 3538 v.
421 3483 511 3540 Petri.

197 3598 234 3606 —-
255 3567 347 3623 Biseti
375 3569 410 3625 de
438 3570 532 3626 Podio
556 3591 582 3629 v.
610 3571 760 3630 Anicium.

199 3653 313 3714 Petnns.
329 3673 390 3726 eps.
410 3656 631 3718 Praenestinns,
649 3659 744 3728 presb.
762 3660 840 3717 card.
857 3674 921 3734 209,

253 3740 316 3800 218.

196 3858 234 3866 —
255 3826 333 3883 Prus
364 3828 502 3902 (Prussi)
535 3851 561 3887 v.
591 3831 675 3888 Prns.

196 3913 332 3969 —Galli
358 3917 395 3971 de
421 3905 517 3987 Repin
541 3937 568 3972 v.
595 3907 698 3991 Repin..

197 3999 290 4054 -de
322 4001 496 4075 Rosenberg
527 4025 552 4062 v.
587 4005 768 4079 Rosenberg.

196 4116 234 4124 —
254 4085 384 4143 Conradi
415 4089 570 4147 Rnsenerii
599 4112 625 4148 v.
655 4093 820 4150 Rusenerii.

196 4202 234 4210 —
254 4171 363 4229 Zdislai
392 4176 426 4230 de
455 4175 593 4232 Slaviboi
620 4198 645 4233 v,
674 4178 821 4236 Slavibni.

196 4288 234 4296 —
254 4257 379 4314 Divissii
397 4262 436 4317 <ie
454 4261 615 4335 Tainnberg
633 4284 659 4320 v.
680 4264 848 4339 Talmberg,

196 4373 234 4381 —
254 4342 430 4405 'Phoenissae
454 4349 489 4404 de
513 4349 646 4406 Tansina
670 4372 695 4408 v.
719 4351 861 4411 Tansina.

197 4433 289 4488 —de
311 4432 512 4507 Wartenberg
533 4456 558 4493 v.
581 4437 789 4511 Wantenberg.

196 4546 235 4556 —
255 4516 470 4576 Werknieisner
502 4542 528 4577 v.
563 4523 662 4581 Nissa.

196 4634 234 4642 —
254 4603 349 4660 Visne
375 4626 398 4662 v.
424 4607 526 4664 Visne

195 4720 233 4728 —
254 4688 430 4747 Theoderici
454 4695 590 4752 advocati
613 4698 649 4755 de
673 4697 869 4757 Wladislavia
885 4686 920 4760 ’ν.

256 4776 460 4835 Wladislavia.

195 4891 233 4900 —
253 4861 368 4920 Tilonbs
396 4866 431 4921 de
459 4866 644 4926 Vratislavia
672 4891 696 4927 v.
726 4871 920 4933 Vranslavia.

198 4945 456 5023 Peuivoi-nsnnrpn
490 4974 515 5009 v.
550 4955 833 5018 Beuthniannsdbrf.

198 5031 306 5106 Pinnyr
330 5037 482 5106 Nicolans
507 5041 599 5097 laicus
622 5053 649 5099 et
671 5062 749 5102 uxor
772 5048 835 5106 eius
859 5049 920 5104 Eli·

253 5122 355 5179 sabeth
383 5124 630 5185 Viatislaviensis
657 5130 731 5188 dioc.
758 5133 820 5205 328.

197 5219 327 5294 Philippi
372 5226 558 5300 (phylippi),
598 5249 644 5302 qn.
684 5233 858 5306 bunggravii
890 5235 921 5290 in

253 5309 443 5376 Ottinaehan,
481 5314 645 5388 Philippus,
681 5322 920 5393 consanguineus

982 421 1139 497 ,Pingaua’
1644 413 1708 479 607

1038 629 1174 696 Hennici,
1207 628 1262 700 epi.
1294 627 1487 695 Lnbueensis,
1532 634 1601 682 rect.
1645 643 1708 697 par.

1037 718 1142 773 ecclae.
1161 717 1191 773 in
1210 716 1339 771 Protzan
1358 712 1604 771 Vratislaviansis
1621 714 1708 782 dioc.,

1037 822 1100 859 can.
1124 821 1167 874 pr.
1192 804 1297 858 ecclae.
1323 799 1573 860 Vratislaviensis
1597 799 1638 866 18,
1665 815 1707 872 19.

981 890 1145 961 Philippus,
1175 907 1234 960 eps,
1266 888 1490 955 Cavallieensis,
1518 905 1606 943 nnnc.
1637 904 1708 960 apo*

1037 976 1102 1032 stol.
1130 977 1208 1033 sedis
1236 976 1273 1032 ad
1300 975 1441 1032 Canolnin
1470 974 1523 1032 IV.
1550 985 1581 1031 et
1608 974 1708 1029 Arne-

1037 1072 1114 1119 snunn
1145 1060 1305 1133 archiepm.
1336 1062 1520 1134 pragensem
1548 1077 1612 1132 249,
1643 1076 1707 1133 250,

1036 1163 1099 1221 254,
1124 1148 1188 1221 361,
1213 1148 1275 1221 362.

979 1234 1192 1292 —Laurentii
1225 1255 1251 1293 v.
1283 1235 1447 1291 Lanreinii.

978 1355 1016 1362 -
1037 1322 1119 1378 Pebri
1148 1342 1174 1381 v.
1204 1322 1294 1378 Petni.

978 1441 1016 1449 -
1037 1408 1166 1480 Phiiippi
1191 1429 1219 1466 v.
1246 1408 1385 1480 Philippi.

979 1495 1128 1551 Piacenaa
1152 1516 1178 1551 v.
1205 1496 1367 1551 Placen-tia.

979 1581 1168 1638 Pietauensis
1194 1601 1220 1638 v.
1249 1582 1426 1643 Pictavium.

979 1667 1156 1736 Pictaviunn,
1198 1669 1336 1737 Poitiers,
1367 1669 1496 1725 Francia
1530 1668 1707 1741 (Picaauen-

1037 1753 1114 1825 sis):
1148 1765 1320 1811 monast.
1355 1774 1376 1812 s.
1410 1755 1527 1811 Mariae
1560 1755 1705 1812 Maioris:

1037 1840 1116 1896 abb:
1144 1841 1296 1914 Johannes
1325 1844 1360 1898 de
1389 1841 1512 1914 Lyoniis
1539 1858 1602 1900 210.

979 1927 1116 2000 Pyeezyn
1138 1947 1164 1984 v.
1187 1927 1287 1985 Peein.

978 2013 1099 2084 ,Pyest'‚
1122 2013 1246 2070 Slavata
1266 2014 1430 2071 Zdinkmiis
1449 2015 1494 2082 de,
1515 2016 1611 2086 presb.
1632 2013 1705 2072 Olo-

1035 2099 1185 2156 mueensis
1215 2101 1299 2167 dioc.,
1328 2102 1452 2157 studens
1484 2102 1515 2156 in.
1544 2102 1607 2158 inre
1638 2120 1705 2160 can.

1035 2187 1064 2241 in
1094 2188 1198 2247 Monte
1227 2188 1399 2254 Pessulann,
1427 2187 1492 2249 ben.
1521 2208 1545 2246 c„
1573 2209 1600 2244 v.
1629 2208 1651 2245 s.
1680 2207 1705 2244 e.

1035 2273 1072 2328 ad
1123 2273 1220 2329 collat.
1272 2273 1393 2345 capituli
1446 2274 1704 2343 innatislavifflnsis

1035 2358 1096 2415 dec.
1123 2361 1229 2416 ecclae.
1257 2360 1430 2431 Opoliensis
1456 2362 1708 2420 Vraeislaviensis

1035 2446 1109 2503 dioc.
1139 2446 1202 2517 276,
1231 2447 1294 2519 296,
1323 2447 1387 2519 298,
1417 2465 1480 2521 304.

979 2532 1145 2604 Piiagreins
1177 2554 1203 2591 v.
1238 2534 1393 2606 Pngrems.

979 2619 1113 2689 Pilgrann
1144 2641 1170 2677 v.
1203 2619 1359 2692 Piigrems

978 2705 1134 2776 Pilgrenns‚
1160 2707 1186 2762 b.
1212 2707 1392 2775 Pelihiirnov,
1418 2727 1446 2780 g.
1473 2709 1608 2781 Piignann
1637 2710 1705 2783 (Pi-

1034 2792 1172 2864 lagnems,
1206 2794 1382 2866 Pilgrens):
1414 2795 1568 2868 Johannes
1598 2796 1703 2869 Jacobi

1034 2878 1078 2946 de,
1110 2881 1178 2935 cler.
1213 2880 1374 2952 Pragcnsis
1407 2882 1491 2948 dioc.,
1525 2901 1603 2954 panp.
1636 2883 1704 2941 ben.

1036 2965 1121 3022 alban.
1158 2984 1179 3021 s
1214 2967 1314 3023 Lunae
1357 2969 1386 3023 in
1421 2970 1509 3026 eccla.
1555 2971 1702 3043 Pragensi

1032 3067 1096 3124 443,
1121 3068 1185 3125 449·

976 3169 1014 3177 -
1034 3138 1178 3196 Nicolaus
1203 3140 1325 3212 Dipobdi
1349 3143 1394 3211 de,
1419 3143 1514 3213 presb.
1540 3144 1704 3216 pragensis

1030 3223 1117 3292 'dioc.,
1146 3226 1177 3281 inv
1201 3227 1317 3284 artibus
1343 3239 1371 3285 et
1398 3230 1463 3286 inne
1487 3248 1552 3288 ean.
1579 3231 1703 3303 peritus,

1032 3310 1088 3368 off.
1114 3313 1215 3375 curiae
1239 3314 1434 3385 Luthonnnsl„
1460 3317 1597 3376 obtinens
1622 3337 1703 3392 perp.

1034 3396 1108 3464 ben,
1139 3399 1336 3458 ministerium
1368 3402 1549 3473 appennini
1578 3415 1606 3461 et
1638 3424 1703 3462 can.

1034 3501 1099 3554 exp.
1131 3502 1173 3555 pr.
1205 3487 1311 3542 eeclae.
1344 3488 1599 3562 vissegradensis,
1632 3500 1703 3551 rect.

1033 3588 1094 3640 par.
1125 3572 1231 3631 ecclae,
1262 3574 1297 3629 de
1327 3574 1416 3631 Novo
1446 3575 1526 3633 Foro¹
1555 3577 1704 3634 Vratisia-

1033 3656 1144 3711 vionsis
1173 3659 1257 3725 dioc.,
1287 3672 1464 3730 procuraton
1491 3663 1639 3734 Johannis
1667 3666 1704 3722 de

1035 3742 1123 3799 Novo
1158 3744 1243 3811 Fara,
1277 3746 1331 3817 epi.
1364 3748 1624 3808 Lubhomusien‘sis
1656 3752 1702 3821 62,

1032 3827 1076 3897 64.

976 3912 1347 3992 Pilgrensv.Pi=lgre1ns.
1396 3938 1399 3944 ⁴

975 3999 1059 4068 pins,
1085 4001 1223 4074 Ungaria
1254 4006 1307 4076 (de
1334 4006 1493 4080 Pellisi‘0):
1522 4022 1647 4070 monast.
1675 4011 1702 4068 b.

1032 4088 1150 4145 Mariae
1171 4090 1404 4162 Vesptriniiensis
1421 4094 1514 4152 dine:
1534 4097 1598 4154 abb.
1619 4111 1644 4169 7.

976 4172 1077 4230 Pilsen
1097 4195 1124 4231 v.
1144 4176 1256 4236 Pii-sna.

975 4259 1124 4317 Pilsenetz
1149 4283 1175 4318 v.
1202 4263 1304 4321 Pilsna
1327 4267 1468 4339 Antiqua.

976 4345 1086 4415 Pilsna,
1106 4348 1131 4405 b.
1153 4349 1253 4416 Pizen,
1273 4370 1300 4422 g.
1322 4352 1432 4422 Pilsen,
1453 4354 1599 4412 Bohemia
1615 4356 1702 4416 distr.

1032 4434 1163 4491 eiusdem
1196 4438 1324 4492 nominis
1351 4437 1510 4512 (Pi¹lzna):
1542 4441 1702 4502 Bartholo-

1031 4538 1114 4577 meus
1137 4522 1240 4593 Jacobi
1265 4524 1310 4592 de,
1334 4525 1403 4581 eier.
1430 4526 1593 4598 Pragensis
1615 4528 1701 4599 dioc.,

1031 4606 1095 4664 ben.
1124 4629 1148 4665 c.
1176 4629 1203 4665 v.
1233 4628 1254 4665 s.
1283 4629 1307 4670 c.
1336 4612 1375 4667 ad¹
1400 4612 1497 4669 collat.
1527 4615 1701 4673 monasterii

1032 4694 1068 4748 de
1090 4694 1200 4751 Doxan
1222 4696 1384 4768 Pragensis
1406 4698 1481 4755 dioc.
1503 4700 1566 4772 236.

975 4776 1078 4834 Pilsna
1103 4780 1245 4853 Antiqua.
1272 4785 1296 4843 b.
1324 4783 1459 4853 Plzenec,
1486 4805 1513 4859 g.
1542 4787 1703 4859 Pilsenetz,

1032 4863 1176 4922 Bohemia
1202 4866 1285 4925 distr.
1314 4868 1537 4929 Plzefi-Pilsen:
1565 4890 1626 4945 par.
1653 4893 1701 4932 ee·

1031 4950 1085 5006 eia.
1108 4952 1269 5025 Pragensis
1291 4956 1382 5013 dina:
1402 4967 1491 5016 neca:
1516 4959 1644 5018 Rivinus
1664 4961 1703 5023 de

1032 5038 1160 5094 Radotin
1181 5055 1244 5112 295.

975 5138 1079 5196 Pilzna
1103 5161 1130 5197 v.
1156 5142 1267 5201 Pilsna

974 5240 1138 5312 ‚Pingana’,
1160 5244 1274 5316 Ra-polo
1295 5247 1339 5315 de,
1360 5247 1428 5304 cler.
1449 5259 1477 5305 et
1498 5249 1631 5306 familiar
1648 5251 1701 5324 Jo-

1028 5326 1147 5397 ‘hannis
1175 5333 1232 5402 epi.
1263 5331 1529 5404 Luthomnslensis‚
1560 5354 1624 5394 can.
1656 5354 1700 5408 pr.
