<?xml version="1.0" encoding="UTF-8"?>
<!DOCTYPE html PUBLIC "-//W3C//DTD XHTML 1.0 Transitional//EN"
    "http://www.w3.org/TR/xhtml1/DTD/xhtml1-transitional.dtd">
<html xmlns="http://www.w3.org/1999/xhtml" xml:lang="en" lang="en">
 <head>
  <title>
</title>
<meta http-equiv="Content-Type" content="text/html;charset=utf-8" />
  <meta name='ocr-system' content='tesseract 3.04.00' />
  <meta name='ocr-capabilities' content='ocr_page ocr_carea ocr_par ocr_line ocrx_word'/>
</head>
<body>
  <div class='ocr_page' id='page_1' title='image "./monumentavatica00vatigoog_0475.png"; bbox 0 0 3944 6060; ppageno 0'>
   <div class='ocr_carea' id='block_1_1' title="bbox 232 425 1141 504">
    <p class='ocr_par' dir='ltr' id='par_1_1' title="bbox 232 425 1141 504">
     <span class='ocr_line' id='line_1_1' title="bbox 232 425 1141 504; baseline -0.022 -1"><span class='ocrx_word' id='word_1_1' title='bbox 232 439 299 504; x_wconf 77' lang='grc'><strong><em>422</em></strong></span> <span class='ocrx_word' id='word_1_2' title='bbox 838 437 906 488; x_wconf 79' lang='lat' dir='ltr'><strong><em>Aeta</em></strong></span> <span class='ocrx_word' id='word_1_3' title='bbox 923 425 1076 487; x_wconf 79' lang='lat' dir='ltr'><strong><em>innocentii</em></strong></span> <span class='ocrx_word' id='word_1_4' title='bbox 1094 425 1141 484; x_wconf 86' lang='lat' dir='ltr'><strong><em>vl.</em></strong></span> 
     </span>
    </p>
   </div>
   <div class='ocr_carea' id='block_1_2' title="bbox 233 635 1749 814">
    <p class='ocr_par' dir='ltr' id='par_1_2' title="bbox 233 635 1749 814">
     <span class='ocr_line' id='line_1_2' title="bbox 233 635 1749 726; baseline -0.007 -16"><span class='ocrx_word' id='word_1_5' title='bbox 233 663 304 710; x_wconf 88' lang='lat' dir='ltr'><strong><em>esse</em></strong></span> <span class='ocrx_word' id='word_1_6' title='bbox 335 644 559 726; x_wconf 76' lang='lat' dir='ltr'><strong><em>marrqaillitas‚</em></strong></span> <span class='ocrx_word' id='word_1_7' title='bbox 583 662 644 723; x_wconf 87' lang='lat' dir='ltr'><strong><em>que</em></strong></span> <span class='ocrx_word' id='word_1_8' title='bbox 668 640 771 724; x_wconf 89' lang='lat' dir='ltr'><strong><em>longis</em></strong></span> <span class='ocrx_word' id='word_1_9' title='bbox 795 647 869 706; x_wconf 89' lang='lat' dir='ltr'><strong><em>ante</em></strong></span> <span class='ocrx_word' id='word_1_10' title='bbox 892 641 1087 723; x_wconf 83' lang='lat' dir='ltr'>temporibus</span> <span class='ocrx_word' id='word_1_11' title='bbox 1110 640 1306 722; x_wconf 77' lang='lat' dir='ltr'><strong>sperabatur.</strong></span> <span class='ocrx_word' id='word_1_12' title='bbox 1332 640 1369 703; x_wconf 89' lang='lat' dir='ltr'><strong><em>D.</em></strong></span> <span class='ocrx_word' id='word_1_13' title='bbox 1397 639 1554 705; x_wconf 83' lang='lat' dir='ltr'><strong><em>Aninione</em></strong></span> <span class='ocrx_word' id='word_1_14' title='bbox 1578 636 1657 704; x_wconf 81' lang='lat' dir='ltr'><strong><em>XVI</em></strong></span> <span class='ocrx_word' id='word_1_15' title='bbox 1680 635 1749 701; x_wconf 86' lang='lat' dir='ltr'><strong><em>kal.</em></strong></span> 
     </span>
     <span class='ocr_line' id='line_1_3' title="bbox 234 750 545 814; baseline -0.006 -1"><span class='ocrx_word' id='word_1_16' title='bbox 234 750 347 813; x_wconf 84' lang='lat' dir='ltr'><strong><em>llarcii</em></strong></span> <span class='ocrx_word' id='word_1_17' title='bbox 371 769 398 813; x_wconf 89' lang='lat' dir='ltr'><strong><em>a.</em></strong></span> <span class='ocrx_word' id='word_1_18' title='bbox 423 754 545 814; x_wconf 88' lang='lat' dir='ltr'><strong><em>octavo.</em></strong></span> 
     </span>
    </p>
   </div>
   <div class='ocr_carea' id='block_1_3' title="bbox 233 902 1749 1092">
    <p class='ocr_par' dir='ltr' id='par_1_3' title="bbox 233 902 1749 1092">
     <span class='ocr_line' id='line_1_4' title="bbox 363 902 1749 1006; baseline -0.004 -17"><span class='ocrx_word' id='word_1_19' title='bbox 363 937 392 989; x_wconf 83' lang='lat' dir='ltr'><strong><em>ll.</em></strong></span> <span class='ocrx_word' id='word_1_20' title='bbox 413 937 474 990; x_wconf 83' lang='lat' dir='ltr'><strong><em>Vat.</em></strong></span> <span class='ocrx_word' id='word_1_21' title='bbox 493 943 544 990; x_wconf 78' lang='lat'><strong><em>240</em></strong></span> <span class='ocrx_word' id='word_1_22' title='bbox 569 936 615 989; x_wconf 87' lang='lat' dir='ltr'><strong><em>fol.</em></strong></span> <span class='ocrx_word' id='word_1_23' title='bbox 638 943 675 989; x_wconf 79' lang='lat'><strong><em>12.</em></strong></span> <span class='ocrx_word' id='word_1_24' title='bbox 698 966 717 974; x_wconf 80' lang='lat'>—</span> <span class='ocrx_word' id='word_1_25' title='bbox 750 936 813 1003; x_wconf 83' lang='lat' dir='ltr'><strong><em>lleg.</em></strong></span> <span class='ocrx_word' id='word_1_26' title='bbox 833 936 907 1006; x_wconf 90' lang='lat' dir='ltr'><strong><em>apud</em></strong></span> <span class='ocrx_word' id='word_1_27' title='bbox 929 935 1093 1004; x_wconf 79' lang='lat' dir='ltr'><strong><em>lllerurnsky,</em></strong></span> <span class='ocrx_word' id='word_1_28' title='bbox 1123 934 1259 1003; x_wconf 81' lang='lat' dir='ltr'><strong><em>Excerpta</em></strong></span> <span class='ocrx_word' id='word_1_29' title='bbox 1277 950 1318 986; x_wconf 91' lang='lat' dir='ltr'><strong><em>nr.</em></strong></span> <span class='ocrx_word' id='word_1_30' title='bbox 1337 938 1388 986; x_wconf 80' lang='lat'><strong><em>516</em></strong></span> <span class='ocrx_word' id='word_1_31' title='bbox 1407 902 1434 988; x_wconf 80' lang='lat' dir='ltr'><strong><em>et</em></strong></span> <span class='ocrx_word' id='word_1_32' title='bbox 1455 932 1557 998; x_wconf 80' lang='lat' dir='ltr'><strong><em>lIabes,</em></strong></span> <span class='ocrx_word' id='word_1_33' title='bbox 1586 931 1655 1000; x_wconf 85' lang='lat' dir='ltr'><strong><em>Reg.</em></strong></span> <span class='ocrx_word' id='word_1_34' title='bbox 1678 933 1749 1000; x_wconf 88' lang='lat' dir='ltr'><strong><em>Imp.</em></strong></span> 
     </span>
     <span class='ocr_line' id='line_1_5' title="bbox 233 1017 1461 1092; baseline 0 -16"><span class='ocrx_word' id='word_1_35' title='bbox 233 1024 297 1078; x_wconf 85' lang='lat' dir='ltr'><strong><em>Vlll</em></strong></span> <span class='ocrx_word' id='word_1_36' title='bbox 315 1040 375 1092; x_wconf 87' lang='lat' dir='ltr'><strong><em>pag.</em></strong></span> <span class='ocrx_word' id='word_1_37' title='bbox 396 1029 445 1077; x_wconf 74' lang='lat'><strong><em>792</em></strong></span> <span class='ocrx_word' id='word_1_38' title='bbox 465 1039 504 1074; x_wconf 88' lang='lat' dir='ltr'><strong><em>ur.</em></strong></span> <span class='ocrx_word' id='word_1_39' title='bbox 525 1029 583 1075; x_wconf 68' lang='lat'>372.</span> <span class='ocrx_word' id='word_1_40' title='bbox 607 1053 632 1061; x_wconf 93' lang='lat'><strong><em>·-</em></strong></span> <span class='ocrx_word' id='word_1_41' title='bbox 669 1028 693 1085; x_wconf 81' lang='lat' dir='ltr'><strong><em>a)</em></strong></span> <span class='ocrx_word' id='word_1_42' title='bbox 713 1022 910 1087; x_wconf 84' lang='lat' dir='ltr'><strong><em>,ministerinm‘</em></strong></span> <span class='ocrx_word' id='word_1_43' title='bbox 930 1024 978 1073; x_wconf 82' lang='lat' dir='ltr'><strong><em>Ar.</em></strong></span> <span class='ocrx_word' id='word_1_44' title='bbox 1003 1051 1026 1059; x_wconf 93' lang='lat'>-</span> <span class='ocrx_word' id='word_1_45' title='bbox 1052 1022 1070 1086; x_wconf 76' lang='lat'><strong><em>¹)</em></strong></span> <span class='ocrx_word' id='word_1_46' title='bbox 1091 1019 1167 1074; x_wconf 74' lang='lat' dir='ltr'><strong><em>tlonf.</em></strong></span> <span class='ocrx_word' id='word_1_47' title='bbox 1187 1038 1226 1075; x_wconf 91' lang='lat' dir='ltr'><strong><em>nr.</em></strong></span> <span class='ocrx_word' id='word_1_48' title='bbox 1247 1029 1313 1077; x_wconf 78' lang='lat'><strong>1033</strong></span> <span class='ocrx_word' id='word_1_49' title='bbox 1331 1029 1359 1075; x_wconf 84' lang='lat' dir='ltr'><strong><em>ct</em></strong></span> <span class='ocrx_word' id='word_1_50' title='bbox 1378 1017 1461 1076; x_wconf 58' lang='lat'><strong>1034!</strong></span> 
     </span>
    </p>
   </div>
   <div class='ocr_carea' id='block_1_4' title="bbox 232 1351 1748 1647">
    <p class='ocr_par' dir='ltr' id='par_1_4' title="bbox 232 1351 1748 1647">
     <span class='ocr_line' id='line_1_6' title="bbox 233 1351 1748 1438; baseline -0.005 -14"><span class='ocrx_word' id='word_1_51' title='bbox 233 1358 351 1424; x_wconf 82' lang='lat'><em>1058.</em></span> <span class='ocrx_word' id='word_1_52' title='bbox 380 1354 584 1420; x_wconf 67' lang='lat' dir='ltr'><em>Theodericus</em></span> <span class='ocrx_word' id='word_1_53' title='bbox 617 1355 777 1438; x_wconf 82' lang='lat' dir='ltr'><strong><em>episcopas</em></strong></span> <span class='ocrx_word' id='word_1_54' title='bbox 810 1353 986 1418; x_wconf 72' lang='lat' dir='ltr'><strong><em>illiadcasr&#39;s</em></strong></span> <span class='ocrx_word' id='word_1_55' title='bbox 1023 1357 1053 1415; x_wconf 87' lang='lat' dir='ltr'><strong><em>et</em></strong></span> <span class='ocrx_word' id='word_1_56' title='bbox 1074 1351 1237 1418; x_wconf 75' lang='lat' dir='ltr'><strong><em>dolianaes</em></strong></span> <span class='ocrx_word' id='word_1_57' title='bbox 1271 1354 1432 1435; x_wconf 83' lang='lat' dir='ltr'><strong><em>episcopas</em></strong></span> <span class='ocrx_word' id='word_1_58' title='bbox 1465 1353 1748 1418; x_wconf 79' lang='lat' dir='ltr'><strong><em>Latlromaslcnsis</em></strong></span> 
     </span>
     <span class='ocr_line' id='line_1_7' title="bbox 232 1456 1748 1542; baseline -0.002 -19"><span class='ocrx_word' id='word_1_59' title='bbox 232 1461 409 1535; x_wconf 77' lang='lat' dir='ltr'><em>hortantur,</em></span> <span class='ocrx_word' id='word_1_60' title='bbox 455 1464 608 1542; x_wconf 79' lang='lat' dir='ltr'><strong><em>preclaras</em></strong></span> <span class='ocrx_word' id='word_1_61' title='bbox 632 1458 720 1540; x_wconf 80' lang='lat' dir='ltr'><strong><em>apud</em></strong></span> <span class='ocrx_word' id='word_1_62' title='bbox 744 1456 890 1522; x_wconf 85' lang='lat' dir='ltr'><strong><em>Carolaor</em></strong></span> <span class='ocrx_word' id='word_1_63' title='bbox 913 1459 1126 1522; x_wconf 78' lang='lat' dir='ltr'><strong><em>Rornanorum</em></strong></span> <span class='ocrx_word' id='word_1_64' title='bbox 1148 1456 1368 1537; x_wconf 78' lang='lat' dir='ltr'><strong><em>imperatorem</em></strong></span> <span class='ocrx_word' id='word_1_65' title='bbox 1394 1478 1427 1522; x_wconf 86' lang='lat' dir='ltr'><strong><em>se</em></strong></span> <span class='ocrx_word' id='word_1_66' title='bbox 1448 1458 1665 1541; x_wconf 71' lang='lat' dir='ltr'><strong><em>interponant,</em></strong></span> <span class='ocrx_word' id='word_1_67' title='bbox 1712 1471 1748 1522; x_wconf 84' lang='lat' dir='ltr'><strong><em>at</em></strong></span> 
     </span>
     <span class='ocr_line' id='line_1_8' title="bbox 307 1560 1662 1647; baseline -0.001 -19"><span class='ocrx_word' id='word_1_68' title='bbox 307 1566 342 1628; x_wconf 85' lang='lat' dir='ltr'><strong><em>ia</em></strong></span> <span class='ocrx_word' id='word_1_69' title='bbox 364 1566 483 1647; x_wconf 79' lang='lat' dir='ltr'><strong><em>rrcpotio</em></strong></span> <span class='ocrx_word' id='word_1_70' title='bbox 500 1563 595 1646; x_wconf 85' lang='lat' dir='ltr'><strong><em>pacis</em></strong></span> <span class='ocrx_word' id='word_1_71' title='bbox 618 1565 700 1626; x_wconf 83' lang='lat' dir='ltr'><strong><em>later</em></strong></span> <span class='ocrx_word' id='word_1_72' title='bbox 723 1562 880 1626; x_wconf 76' lang='lat' dir='ltr'><strong><em>Francius</em></strong></span> <span class='ocrx_word' id='word_1_73' title='bbox 903 1565 932 1625; x_wconf 83' lang='lat' dir='ltr'><strong><em>et</em></strong></span> <span class='ocrx_word' id='word_1_74' title='bbox 954 1561 1090 1642; x_wconf 78' lang='lat' dir='ltr'><strong><em>Araplr&#39;ae</em></strong></span> <span class='ocrx_word' id='word_1_75' title='bbox 1113 1579 1196 1645; x_wconf 80' lang='lat' dir='ltr'><strong><em>repes</em></strong></span> <span class='ocrx_word' id='word_1_76' title='bbox 1218 1560 1429 1645; x_wconf 83' lang='lat' dir='ltr'><strong><em>favorabilem</em></strong></span> <span class='ocrx_word' id='word_1_77' title='bbox 1451 1582 1484 1627; x_wconf 87' lang='lat' dir='ltr'><strong><em>se</em></strong></span> <span class='ocrx_word' id='word_1_78' title='bbox 1505 1561 1662 1628; x_wconf 74' lang='lat' dir='ltr'><strong><em>exhibeat.</em></strong></span> 
     </span>
    </p>
   </div>
   <div class='ocr_carea' id='block_1_5' title="bbox 1158 1700 1699 1781">
    <p class='ocr_par' dir='ltr' id='par_1_5' title="bbox 1158 1700 1699 1781">
     <span class='ocr_line' id='line_1_9' title="bbox 1158 1700 1699 1781; baseline 0.006 -17"><span class='ocrx_word' id='word_1_79' title='bbox 1158 1700 1320 1780; x_wconf 83' lang='lat' dir='ltr'><strong><em>Aciniorre,</em></strong></span> <span class='ocrx_word' id='word_1_80' title='bbox 1344 1702 1430 1768; x_wconf 81' lang='lat'><strong><em>1360</em></strong></span> <span class='ocrx_word' id='word_1_81' title='bbox 1453 1701 1622 1781; x_wconf 79' lang='lat' dir='ltr'><strong><em>Februarii</em></strong></span> <span class='ocrx_word' id='word_1_82' title='bbox 1646 1705 1699 1767; x_wconf 82' lang='lat'><strong><em>14.</em></strong></span> 
     </span>
    </p>
   </div>
   <div class='ocr_carea' id='block_1_6' title="bbox 230 1909 1745 3960">
    <p class='ocr_par' dir='ltr' id='par_1_6' title="bbox 230 1909 1745 3646">
     <span class='ocr_line' id='line_1_10' title="bbox 363 1909 1743 1993; baseline 0.001 -16"><span class='ocrx_word' id='word_1_83' title='bbox 363 1913 441 1977; x_wconf 90' lang='lat' dir='ltr'><strong><em>Ven.</em></strong></span> <span class='ocrx_word' id='word_1_84' title='bbox 465 1912 502 1977; x_wconf 86' lang='lat' dir='ltr'><strong><em>fr.</em></strong></span> <span class='ocrx_word' id='word_1_85' title='bbox 527 1911 722 1976; x_wconf 89' lang='lat' dir='ltr'><strong><em>Theoderico</em></strong></span> <span class='ocrx_word' id='word_1_86' title='bbox 746 1911 894 1993; x_wconf 88' lang='lat' dir='ltr'><strong><em>episcopo</em></strong></span> <span class='ocrx_word' id='word_1_87' title='bbox 918 1911 1077 1975; x_wconf 89' lang='lat' dir='ltr'><strong><em>Mindensi</em></strong></span> <span class='ocrx_word' id='word_1_88' title='bbox 1101 1910 1237 1975; x_wconf 88' lang='lat' dir='ltr'><strong><em>salutem</em></strong></span> <span class='ocrx_word' id='word_1_89' title='bbox 1260 1916 1320 1974; x_wconf 92' lang='lat' dir='ltr'><strong><em>etc.</em></strong></span> <span class='ocrx_word' id='word_1_90' title='bbox 1357 1909 1435 1974; x_wconf 82' lang='grc' dir='ltr'>Οιιιιι</span> <span class='ocrx_word' id='word_1_91' title='bbox 1457 1928 1516 1975; x_wconf 92' lang='lat' dir='ltr'><strong><em>nos</em></strong></span> <span class='ocrx_word' id='word_1_92' title='bbox 1540 1911 1743 1978; x_wconf 87' lang='lat' dir='ltr'><strong><em>carissimum</em></strong></span> 
     </span>
     <span class='ocr_line' id='line_1_11' title="bbox 232 2016 1744 2099; baseline -0.002 -16"><span class='ocrx_word' id='word_1_93' title='bbox 232 2020 264 2083; x_wconf 92' lang='lat' dir='ltr'><strong><em>iu</em></strong></span> <span class='ocrx_word' id='word_1_94' title='bbox 288 2019 415 2082; x_wconf 82' lang='lat' dir='ltr'><strong><em>Christo</em></strong></span> <span class='ocrx_word' id='word_1_95' title='bbox 446 2016 544 2081; x_wconf 89' lang='lat' dir='ltr'><strong><em>filium</em></strong></span> <span class='ocrx_word' id='word_1_96' title='bbox 568 2023 709 2082; x_wconf 88' lang='lat' dir='ltr'><strong><em>nostrum</em></strong></span> <span class='ocrx_word' id='word_1_97' title='bbox 741 2016 886 2081; x_wconf 84' lang='lat' dir='ltr'><strong><em>Carolum</em></strong></span> <span class='ocrx_word' id='word_1_98' title='bbox 919 2017 1128 2080; x_wconf 88' lang='lat' dir='ltr'><strong><em>Romanorum</em></strong></span> <span class='ocrx_word' id='word_1_99' title='bbox 1159 2016 1382 2097; x_wconf 85' lang='lat' dir='ltr'><strong><em>imperatorem</em></strong></span> <span class='ocrx_word' id='word_1_100' title='bbox 1413 2032 1539 2097; x_wconf 90' lang='lat' dir='ltr'><strong><em>semper</em></strong></span> <span class='ocrx_word' id='word_1_101' title='bbox 1570 2023 1744 2099; x_wconf 88' lang='lat' dir='ltr'><strong><em>augustum</em></strong></span> 
     </span>
     <span class='ocr_line' id='line_1_12' title="bbox 232 2114 1743 2202; baseline 0.001 -16"><span class='ocrx_word' id='word_1_102' title='bbox 232 2143 268 2187; x_wconf 91' lang='lat' dir='ltr'><strong><em>ac</em></strong></span> <span class='ocrx_word' id='word_1_103' title='bbox 291 2123 422 2187; x_wconf 91' lang='lat' dir='ltr'><strong><em>Boemie</em></strong></span> <span class='ocrx_word' id='word_1_104' title='bbox 456 2139 564 2202; x_wconf 87' lang='lat' dir='ltr'><strong><em>regem</em></strong></span> <span class='ocrx_word' id='word_1_105' title='bbox 594 2114 760 2202; x_wconf 80' lang='lat' dir='ltr'><strong><em>illustrem,</em></strong></span> <span class='ocrx_word' id='word_1_106' title='bbox 806 2120 888 2199; x_wconf 86' lang='lat' dir='ltr'><strong><em>quod</em></strong></span> <span class='ocrx_word' id='word_1_107' title='bbox 920 2121 1003 2184; x_wconf 85' lang='lat' dir='ltr'><strong><em>circa</em></strong></span> <span class='ocrx_word' id='word_1_108' title='bbox 1033 2120 1257 2184; x_wconf 77' lang='lat' dir='ltr'><strong><em>liberationem</em></strong></span> <span class='ocrx_word' id='word_1_109' title='bbox 1288 2118 1442 2183; x_wconf 90' lang='lat' dir='ltr'><strong><em>carissimi</em></strong></span> <span class='ocrx_word' id='word_1_110' title='bbox 1465 2120 1497 2183; x_wconf 90' lang='lat' dir='ltr'><strong><em>iu</em></strong></span> <span class='ocrx_word' id='word_1_111' title='bbox 1522 2119 1652 2186; x_wconf 88' lang='lat' dir='ltr'><strong><em>Christo</em></strong></span> <span class='ocrx_word' id='word_1_112' title='bbox 1683 2121 1743 2187; x_wconf 88' lang='lat' dir='ltr'><strong><em>filii</em></strong></span> 
     </span>
     <span class='ocr_line' id='line_1_13' title="bbox 232 2223 1743 2305; baseline 0.001 -15"><span class='ocrx_word' id='word_1_113' title='bbox 232 2226 332 2290; x_wconf 92' lang='lat' dir='ltr'><strong><em>nostri</em></strong></span> <span class='ocrx_word' id='word_1_114' title='bbox 362 2224 516 2288; x_wconf 88' lang='lat' dir='ltr'><strong><em>Johannis</em></strong></span> <span class='ocrx_word' id='word_1_115' title='bbox 549 2224 633 2305; x_wconf 86' lang='lat' dir='ltr'><strong><em>regis</em></strong></span> <span class='ocrx_word' id='word_1_116' title='bbox 658 2224 847 2287; x_wconf 77' lang='lat' dir='ltr'><strong><em>Francorum</em></strong></span> <span class='ocrx_word' id='word_1_117' title='bbox 878 2223 1012 2287; x_wconf 88' lang='lat' dir='ltr'><strong><em>illustris</em></strong></span> <span class='ocrx_word' id='word_1_118' title='bbox 1047 2229 1080 2286; x_wconf 92' lang='lat' dir='ltr'><strong><em>et</em></strong></span> <span class='ocrx_word' id='word_1_119' title='bbox 1103 2223 1360 2288; x_wconf 87' lang='lat' dir='ltr'><strong><em>relormaclonorn</em></strong></span> <span class='ocrx_word' id='word_1_120' title='bbox 1392 2223 1479 2305; x_wconf 83' lang='lat' dir='ltr'><strong><em>pacis</em></strong></span> <span class='ocrx_word' id='word_1_121' title='bbox 1513 2229 1548 2289; x_wconf 90' lang='lat' dir='ltr'><strong><em>et</em></strong></span> <span class='ocrx_word' id='word_1_122' title='bbox 1571 2228 1743 2292; x_wconf 79' lang='lat' dir='ltr'><strong><em>concordie</em></strong></span> 
     </span>
     <span class='ocr_line' id='line_1_14' title="bbox 230 2326 1743 2412; baseline 0.001 -19"><span class='ocrx_word' id='word_1_123' title='bbox 230 2330 440 2410; x_wconf 88' lang='lat' dir='ltr'><strong><em>interipsum</em></strong></span> <span class='ocrx_word' id='word_1_124' title='bbox 464 2335 498 2392; x_wconf 91' lang='lat' dir='ltr'><strong><em>et</em></strong></span> <span class='ocrx_word' id='word_1_125' title='bbox 521 2327 717 2391; x_wconf 87' lang='lat' dir='ltr'><strong><em>carissimum</em></strong></span> <span class='ocrx_word' id='word_1_126' title='bbox 762 2328 795 2391; x_wconf 92' lang='lat' dir='ltr'><strong><em>in</em></strong></span> <span class='ocrx_word' id='word_1_127' title='bbox 819 2327 944 2392; x_wconf 86' lang='lat' dir='ltr'><strong><em>Christo</em></strong></span> <span class='ocrx_word' id='word_1_128' title='bbox 976 2326 1074 2391; x_wconf 90' lang='lat' dir='ltr'><strong><em>filium</em></strong></span> <span class='ocrx_word' id='word_1_129' title='bbox 1097 2333 1240 2391; x_wconf 91' lang='lat' dir='ltr'><strong><em>nostrum</em></strong></span> <span class='ocrx_word' id='word_1_130' title='bbox 1276 2327 1458 2392; x_wconf 83' lang='lat' dir='ltr'><strong><em>Eduardnm</em></strong></span> <span class='ocrx_word' id='word_1_131' title='bbox 1490 2347 1599 2411; x_wconf 87' lang='lat' dir='ltr'><strong><em>regern</em></strong></span> <span class='ocrx_word' id='word_1_132' title='bbox 1623 2330 1743 2412; x_wconf 85' lang='lat' dir='ltr'><strong><em>Anglie</em></strong></span> 
     </span>
     <span class='ocr_line' id='line_1_15' title="bbox 230 2430 1738 2516; baseline 0.001 -18"><span class='ocrx_word' id='word_1_133' title='bbox 230 2433 396 2513; x_wconf 83' lang='lat' dir='ltr'><strong><em>illustrem,</em></strong></span> <span class='ocrx_word' id='word_1_134' title='bbox 420 2438 571 2511; x_wconf 88' lang='lat' dir='ltr'><strong><em>quantum</em></strong></span> <span class='ocrx_word' id='word_1_135' title='bbox 594 2448 651 2494; x_wconf 89' lang='lat' dir='ltr'><strong><em>sne</em></strong></span> <span class='ocrx_word' id='word_1_136' title='bbox 674 2431 883 2512; x_wconf 79' lang='lat' dir='ltr'><strong><em>magnitudini</em></strong></span> <span class='ocrx_word' id='word_1_137' title='bbox 906 2430 1002 2496; x_wconf 88' lang='lat' dir='ltr'><strong><em>fuerit</em></strong></span> <span class='ocrx_word' id='word_1_138' title='bbox 1025 2451 1065 2495; x_wconf 84' lang='lat' dir='ltr'><strong><em>ex</em></strong></span> <span class='ocrx_word' id='word_1_139' title='bbox 1088 2432 1358 2511; x_wconf 88' lang='lat' dir='ltr'><strong><em>altocoocessum‚</em></strong></span> <span class='ocrx_word' id='word_1_140' title='bbox 1382 2434 1552 2516; x_wconf 84' lang='lat' dir='ltr'><strong><em>vigilanter</em></strong></span> <span class='ocrx_word' id='word_1_141' title='bbox 1575 2435 1738 2515; x_wconf 84' lang='lat' dir='ltr'><strong><em>intendat,</em></strong></span> 
     </span>
     <span class='ocr_line' id='line_1_16' title="bbox 230 2536 1741 2622; baseline 0.003 -22"><span class='ocrx_word' id='word_1_142' title='bbox 230 2538 376 2617; x_wconf 79' lang='lat' dir='ltr'><strong><em>qrrodqne</em></strong></span> <span class='ocrx_word' id='word_1_143' title='bbox 400 2537 543 2599; x_wconf 89' lang='lat' dir='ltr'><strong><em>eiusdem</em></strong></span> <span class='ocrx_word' id='word_1_144' title='bbox 566 2536 655 2617; x_wconf 87' lang='lat' dir='ltr'><strong><em>regni</em></strong></span> <span class='ocrx_word' id='word_1_145' title='bbox 679 2536 810 2599; x_wconf 85' lang='lat' dir='ltr'><strong><em>Francia</em></strong></span> <span class='ocrx_word' id='word_1_146' title='bbox 835 2542 869 2599; x_wconf 92' lang='lat' dir='ltr'><strong><em>et</em></strong></span> <span class='ocrx_word' id='word_1_147' title='bbox 887 2542 1037 2617; x_wconf 91' lang='lat' dir='ltr'><strong><em>nepotum</em></strong></span> <span class='ocrx_word' id='word_1_148' title='bbox 1060 2554 1187 2600; x_wconf 90' lang='lat' dir='ltr'><strong><em>suornm</em></strong></span> <span class='ocrx_word' id='word_1_149' title='bbox 1210 2537 1342 2618; x_wconf 89' lang='lat' dir='ltr'><strong><em>negocia</em></strong></span> <span class='ocrx_word' id='word_1_150' title='bbox 1358 2539 1576 2602; x_wconf 87' lang='lat' dir='ltr'><strong><em>commendata</em></strong></span> <span class='ocrx_word' id='word_1_151' title='bbox 1599 2540 1741 2622; x_wconf 87' lang='lat' dir='ltr'><strong><em>benigue</em></strong></span> 
     </span>
     <span class='ocr_line' id='line_1_17' title="bbox 231 2640 1741 2724; baseline 0.003 -19"><span class='ocrx_word' id='word_1_152' title='bbox 231 2641 394 2723; x_wconf 88' lang='lat' dir='ltr'><strong><em>suscipiat,</em></strong></span> <span class='ocrx_word' id='word_1_153' title='bbox 440 2659 499 2722; x_wconf 92' lang='lat' dir='ltr'><strong><em>per</em></strong></span> <span class='ocrx_word' id='word_1_154' title='bbox 522 2640 601 2704; x_wconf 87' lang='lat' dir='ltr'><strong><em>alias</em></strong></span> <span class='ocrx_word' id='word_1_155' title='bbox 635 2646 760 2705; x_wconf 87' lang='lat' dir='ltr'><strong><em>nostras</em></strong></span> <span class='ocrx_word' id='word_1_156' title='bbox 785 2640 908 2704; x_wconf 88' lang='lat' dir='ltr'><strong><em>litteras</em></strong></span> <span class='ocrx_word' id='word_1_157' title='bbox 939 2641 1121 2704; x_wconf 89' lang='lat' dir='ltr'><strong><em>duxerinms</em></strong></span> <span class='ocrx_word' id='word_1_158' title='bbox 1152 2642 1310 2705; x_wconf 80' lang='lat' dir='ltr'><strong><em>attoarios</em></strong></span> <span class='ocrx_word' id='word_1_159' title='bbox 1342 2649 1375 2705; x_wconf 92' lang='lat' dir='ltr'><strong><em>et</em></strong></span> <span class='ocrx_word' id='word_1_160' title='bbox 1398 2643 1540 2724; x_wconf 86' lang='lat' dir='ltr'><strong><em>paternis</em></strong></span> <span class='ocrx_word' id='word_1_161' title='bbox 1565 2642 1741 2709; x_wconf 88' lang='lat' dir='ltr'><strong><em>affectibus</em></strong></span> 
     </span>
     <span class='ocr_line' id='line_1_18' title="bbox 233 2744 1743 2828; baseline 0.003 -18"><span class='ocrx_word' id='word_1_162' title='bbox 233 2746 468 2828; x_wconf 88' lang='lat' dir='ltr'><strong><em>deprecandum</em></strong></span> <span class='ocrx_word' id='word_1_163' title='bbox 480 2745 514 2826; x_wconf 87' lang='lat'><strong><em>¹),</em></strong></span> <span class='ocrx_word' id='word_1_164' title='bbox 531 2744 765 2810; x_wconf 85' lang='lat' dir='ltr'><strong><em>fraternitatem</em></strong></span> <span class='ocrx_word' id='word_1_165' title='bbox 781 2751 878 2822; x_wconf 87' lang='lat' dir='ltr'><strong><em>taam,</em></strong></span> <span class='ocrx_word' id='word_1_166' title='bbox 895 2763 987 2826; x_wconf 88' lang='lat' dir='ltr'><strong><em>quam</em></strong></span> <span class='ocrx_word' id='word_1_167' title='bbox 1011 2745 1050 2808; x_wconf 89' lang='lat' dir='ltr'><strong><em>ad</em></strong></span> <span class='ocrx_word' id='word_1_168' title='bbox 1067 2745 1211 2826; x_wconf 91' lang='lat' dir='ltr'><strong><em>predicta</em></strong></span> <span class='ocrx_word' id='word_1_169' title='bbox 1233 2744 1370 2810; x_wconf 86' lang='lat' dir='ltr'><strong><em>ferventi</em></strong></span> <span class='ocrx_word' id='word_1_170' title='bbox 1403 2745 1552 2811; x_wconf 90' lang='lat' dir='ltr'><strong><em>anhelare</em></strong></span> <span class='ocrx_word' id='word_1_171' title='bbox 1577 2748 1743 2815; x_wconf 85' lang='lat' dir='ltr'><strong><em>desiderio</em></strong></span> 
     </span>
     <span class='ocr_line' id='line_1_19' title="bbox 231 2848 1742 2937; baseline 0.003 -23"><span class='ocrx_word' id='word_1_172' title='bbox 231 2851 359 2914; x_wconf 90' lang='lat' dir='ltr'><strong><em>minime</em></strong></span> <span class='ocrx_word' id='word_1_173' title='bbox 383 2850 573 2922; x_wconf 86' lang='lat' dir='ltr'><strong><em>dubitamus,</em></strong></span> <span class='ocrx_word' id='word_1_174' title='bbox 608 2850 797 2929; x_wconf 85' lang='lat' dir='ltr'><strong><em>requirimus</em></strong></span> <span class='ocrx_word' id='word_1_175' title='bbox 821 2855 855 2912; x_wconf 91' lang='lat' dir='ltr'><strong><em>et</em></strong></span> <span class='ocrx_word' id='word_1_176' title='bbox 877 2848 1039 2914; x_wconf 88' lang='lat' dir='ltr'><strong><em>hortamur</em></strong></span> <span class='ocrx_word' id='word_1_177' title='bbox 1061 2853 1195 2933; x_wconf 84' lang='lat' dir='ltr'><strong><em>attente,</em></strong></span> <span class='ocrx_word' id='word_1_178' title='bbox 1229 2851 1378 2930; x_wconf 87' lang='lat' dir='ltr'><strong><em>quatinus</em></strong></span> <span class='ocrx_word' id='word_1_179' title='bbox 1408 2850 1442 2915; x_wconf 91' lang='lat' dir='ltr'><strong><em>in</em></strong></span> <span class='ocrx_word' id='word_1_180' title='bbox 1464 2852 1631 2933; x_wconf 87' lang='lat' dir='ltr'><strong><em>premissis</em></strong></span> <span class='ocrx_word' id='word_1_181' title='bbox 1655 2854 1742 2937; x_wconf 90' lang='lat' dir='ltr'><strong><em>apud</em></strong></span> 
     </span>
     <span class='ocr_line' id='line_1_20' title="bbox 232 2952 1741 3035; baseline 0.004 -18"><span class='ocrx_word' id='word_1_182' title='bbox 232 2955 454 3035; x_wconf 82' lang='lat' dir='ltr'><strong><em>irnperatorem</em></strong></span> <span class='ocrx_word' id='word_1_183' title='bbox 478 2953 667 3035; x_wconf 86' lang='lat' dir='ltr'><strong><em>predictam,</em></strong></span> <span class='ocrx_word' id='word_1_184' title='bbox 691 2958 726 3017; x_wconf 93' lang='lat' dir='ltr'><strong><em>ut</em></strong></span> <span class='ocrx_word' id='word_1_185' title='bbox 748 2952 952 3018; x_wconf 84' lang='lat' dir='ltr'><strong><em>favorabilem</em></strong></span> <span class='ocrx_word' id='word_1_186' title='bbox 991 2973 1025 3017; x_wconf 89' lang='lat' dir='ltr'><strong><em>se</em></strong></span> <span class='ocrx_word' id='word_1_187' title='bbox 1049 2953 1199 3019; x_wconf 86' lang='lat' dir='ltr'><strong><em>exhibeat</em></strong></span> <span class='ocrx_word' id='word_1_188' title='bbox 1230 2960 1321 3019; x_wconf 91' lang='lat' dir='ltr'><strong><em>etse</em></strong></span> <span class='ocrx_word' id='word_1_189' title='bbox 1345 2956 1386 3018; x_wconf 92' lang='lat' dir='ltr'><strong><em>ad</em></strong></span> <span class='ocrx_word' id='word_1_190' title='bbox 1409 2955 1589 3020; x_wconf 88' lang='lat' dir='ltr'><strong><em>huiusmodi</em></strong></span> <span class='ocrx_word' id='word_1_191' title='bbox 1621 2957 1741 3023; x_wconf 89' lang='lat' dir='ltr'><strong><em>salutis</em></strong></span> 
     </span>
     <span class='ocr_line' id='line_1_21' title="bbox 232 3057 1744 3139; baseline 0.005 -18"><span class='ocrx_word' id='word_1_192' title='bbox 232 3064 266 3122; x_wconf 92' lang='lat' dir='ltr'><strong><em>et</em></strong></span> <span class='ocrx_word' id='word_1_193' title='bbox 288 3057 425 3139; x_wconf 78' lang='lat' dir='ltr'><strong><em>gloriose</em></strong></span> <span class='ocrx_word' id='word_1_194' title='bbox 450 3058 496 3119; x_wconf 90' lang='lat' dir='ltr'><strong><em>rei</em></strong></span> <span class='ocrx_word' id='word_1_195' title='bbox 520 3057 693 3138; x_wconf 86' lang='lat' dir='ltr'><strong><em>negocium,</em></strong></span> <span class='ocrx_word' id='word_1_196' title='bbox 711 3074 768 3138; x_wconf 93' lang='lat' dir='ltr'><strong><em>per</em></strong></span> <span class='ocrx_word' id='word_1_197' title='bbox 791 3058 1015 3138; x_wconf 90' lang='lat' dir='ltr'><strong><em>imperatorem</em></strong></span> <span class='ocrx_word' id='word_1_198' title='bbox 1047 3058 1182 3122; x_wconf 91' lang='lat' dir='ltr'><strong><em>eundem</em></strong></span> <span class='ocrx_word' id='word_1_199' title='bbox 1214 3058 1253 3122; x_wconf 88' lang='lat' dir='ltr'><strong><em>ad</em></strong></span> <span class='ocrx_word' id='word_1_200' title='bbox 1277 3057 1401 3122; x_wconf 81' lang='lat' dir='ltr'><strong><em>felicem</em></strong></span> <span class='ocrx_word' id='word_1_201' title='bbox 1425 3059 1545 3123; x_wconf 83' lang='lat' dir='ltr'><strong><em>exitum</em></strong></span> <span class='ocrx_word' id='word_1_202' title='bbox 1580 3060 1662 3125; x_wconf 90' lang='lat' dir='ltr'><strong><em>duce</em></strong></span> <span class='ocrx_word' id='word_1_203' title='bbox 1686 3063 1744 3128; x_wconf 90' lang='lat' dir='ltr'><strong><em>do·</em></strong></span> 
     </span>
     <span class='ocr_line' id='line_1_22' title="bbox 234 3160 1745 3244; baseline 0.004 -19"><span class='ocrx_word' id='word_1_204' title='bbox 234 3163 318 3226; x_wconf 83' lang='lat' dir='ltr'><strong><em>urino</em></strong></span> <span class='ocrx_word' id='word_1_205' title='bbox 342 3162 606 3244; x_wconf 85' lang='lat' dir='ltr'><strong><em>prosequendum,</em></strong></span> <span class='ocrx_word' id='word_1_206' title='bbox 631 3162 732 3242; x_wconf 85' lang='lat' dir='ltr'><strong><em>partis</em></strong></span> <span class='ocrx_word' id='word_1_207' title='bbox 756 3179 812 3224; x_wconf 88' lang='lat' dir='ltr'><strong><em>sue</em></strong></span> <span class='ocrx_word' id='word_1_208' title='bbox 837 3160 961 3226; x_wconf 90' lang='lat' dir='ltr'><strong><em>favores</em></strong></span> <span class='ocrx_word' id='word_1_209' title='bbox 984 3181 1041 3243; x_wconf 92' lang='lat' dir='ltr'><strong><em>pro</em></strong></span> <span class='ocrx_word' id='word_1_210' title='bbox 1065 3169 1174 3226; x_wconf 86' lang='lat' dir='ltr'><strong><em>nostra</em></strong></span> <span class='ocrx_word' id='word_1_211' title='bbox 1197 3169 1230 3225; x_wconf 89' lang='lat' dir='ltr'><strong><em>et</em></strong></span> <span class='ocrx_word' id='word_1_212' title='bbox 1253 3163 1427 3243; x_wconf 90' lang='lat' dir='ltr'><strong><em>apostolice</em></strong></span> <span class='ocrx_word' id='word_1_213' title='bbox 1451 3164 1537 3229; x_wconf 90' lang='lat' dir='ltr'><strong><em>sedis</em></strong></span> <span class='ocrx_word' id='word_1_214' title='bbox 1553 3168 1745 3231; x_wconf 85' lang='lat' dir='ltr'><strong><em>reverencia</em></strong></span> 
     </span>
     <span class='ocr_line' id='line_1_23' title="bbox 235 3262 1743 3347; baseline 0.005 -18"><span class='ocrx_word' id='word_1_215' title='bbox 235 3274 299 3329; x_wconf 90' lang='lat' dir='ltr'><strong><em>tam</em></strong></span> <span class='ocrx_word' id='word_1_216' title='bbox 323 3265 446 3331; x_wconf 87' lang='lat' dir='ltr'><strong><em>solicite</em></strong></span> <span class='ocrx_word' id='word_1_217' title='bbox 470 3284 562 3345; x_wconf 90' lang='lat' dir='ltr'><strong><em>quam</em></strong></span> <span class='ocrx_word' id='word_1_218' title='bbox 586 3264 760 3329; x_wconf 86' lang='lat' dir='ltr'><strong><em>efficaciter</em></strong></span> <span class='ocrx_word' id='word_1_219' title='bbox 782 3266 974 3347; x_wconf 89' lang='lat' dir='ltr'><strong><em>interponat.</em></strong></span> <span class='ocrx_word' id='word_1_220' title='bbox 996 3262 1154 3342; x_wconf 80' lang='lat' dir='ltr'><strong><em>Ceterum,</em></strong></span> <span class='ocrx_word' id='word_1_221' title='bbox 1178 3271 1272 3346; x_wconf 90' lang='lat' dir='ltr'><strong><em>prout</em></strong></span> <span class='ocrx_word' id='word_1_222' title='bbox 1295 3286 1353 3347; x_wconf 88' lang='lat' dir='ltr'><strong><em>per</em></strong></span> <span class='ocrx_word' id='word_1_223' title='bbox 1375 3267 1455 3331; x_wconf 88' lang='lat' dir='ltr'><strong><em>alias</em></strong></span> <span class='ocrx_word' id='word_1_224' title='bbox 1477 3275 1586 3333; x_wconf 89' lang='lat' dir='ltr'><strong><em>nostre</em></strong></span> <span class='ocrx_word' id='word_1_225' title='bbox 1609 3289 1743 3336; x_wconf 89' lang='lat' dir='ltr'><strong><em>conces·</em></strong></span> 
     </span>
     <span class='ocr_line' id='line_1_24' title="bbox 237 3369 1743 3453; baseline 0.005 -19"><span class='ocrx_word' id='word_1_226' title='bbox 237 3371 335 3435; x_wconf 89' lang='lat' dir='ltr'><strong><em>sionis</em></strong></span> <span class='ocrx_word' id='word_1_227' title='bbox 351 3371 477 3434; x_wconf 89' lang='lat' dir='ltr'><strong><em>litteras</em></strong></span> <span class='ocrx_word' id='word_1_228' title='bbox 494 3370 688 3434; x_wconf 84' lang='lat' dir='ltr'><strong><em>fraternitati</em></strong></span> <span class='ocrx_word' id='word_1_229' title='bbox 706 3377 760 3433; x_wconf 90' lang='lat' dir='ltr'><strong><em>tue</em></strong></span> <span class='ocrx_word' id='word_1_230' title='bbox 784 3369 908 3450; x_wconf 89' lang='lat' dir='ltr'><strong><em>plenius</em></strong></span> <span class='ocrx_word' id='word_1_231' title='bbox 925 3370 1105 3433; x_wconf 88' lang='lat' dir='ltr'><strong><em>innotescet</em></strong></span> <span class='ocrx_word' id='word_1_232' title='bbox 1114 3369 1149 3449; x_wconf 76' lang='lat'><strong><em>²),</em></strong></span> <span class='ocrx_word' id='word_1_233' title='bbox 1172 3388 1229 3433; x_wconf 91' lang='lat' dir='ltr'><strong><em>uos</em></strong></span> <span class='ocrx_word' id='word_1_234' title='bbox 1246 3371 1395 3451; x_wconf 89' lang='lat' dir='ltr'><strong><em>peticioni</em></strong></span> <span class='ocrx_word' id='word_1_235' title='bbox 1419 3392 1457 3436; x_wconf 88' lang='lat' dir='ltr'><strong><em>ex</em></strong></span> <span class='ocrx_word' id='word_1_236' title='bbox 1479 3380 1570 3453; x_wconf 87' lang='lat' dir='ltr'><strong><em>parte</em></strong></span> <span class='ocrx_word' id='word_1_237' title='bbox 1594 3375 1743 3441; x_wconf 88' lang='lat' dir='ltr'><strong><em>eiusdem</em></strong></span> 
     </span>
     <span class='ocr_line' id='line_1_25' title="bbox 236 3473 1743 3556; baseline 0.005 -18"><span class='ocrx_word' id='word_1_238' title='bbox 236 3476 437 3556; x_wconf 88' lang='lat' dir='ltr'><strong><em>imperatoris</em></strong></span> <span class='ocrx_word' id='word_1_239' title='bbox 460 3494 517 3556; x_wconf 88' lang='lat' dir='ltr'><strong><em>pro</em></strong></span> <span class='ocrx_word' id='word_1_240' title='bbox 541 3493 676 3556; x_wconf 88' lang='lat' dir='ltr'><strong><em>persona</em></strong></span> <span class='ocrx_word' id='word_1_241' title='bbox 701 3480 756 3537; x_wconf 89' lang='lat' dir='ltr'><strong><em>tua</em></strong></span> <span class='ocrx_word' id='word_1_242' title='bbox 779 3474 869 3537; x_wconf 91' lang='lat' dir='ltr'><strong><em>nobis</em></strong></span> <span class='ocrx_word' id='word_1_243' title='bbox 892 3473 1032 3538; x_wconf 80' lang='lat' dir='ltr'><strong><em>exhibite</em></strong></span> <span class='ocrx_word' id='word_1_244' title='bbox 1050 3474 1191 3554; x_wconf 80' lang='lat' dir='ltr'><strong><em>graciose</em></strong></span> <span class='ocrx_word' id='word_1_245' title='bbox 1209 3475 1354 3538; x_wconf 78' lang='lat' dir='ltr'><strong><em>clurinum</em></strong></span> <span class='ocrx_word' id='word_1_246' title='bbox 1371 3478 1580 3543; x_wconf 79' lang='lat' dir='ltr'><strong><em>arraruendum.</em></strong></span> <span class='ocrx_word' id='word_1_247' title='bbox 1609 3478 1651 3547; x_wconf 88' lang='lat' dir='ltr'><strong><em>D.</em></strong></span> <span class='ocrx_word' id='word_1_248' title='bbox 1671 3482 1743 3545; x_wconf 77' lang='lat' dir='ltr'><strong><em>Ari·</em></strong></span> 
     </span>
     <span class='ocr_line' id='line_1_26' title="bbox 233 3578 852 3646; baseline -0.005 -3"><span class='ocrx_word' id='word_1_249' title='bbox 233 3581 337 3645; x_wconf 91' lang='lat' dir='ltr'><strong><em>uioue</em></strong></span> <span class='ocrx_word' id='word_1_250' title='bbox 360 3578 434 3646; x_wconf 78' lang='lat' dir='ltr'><strong><em>xvi</em></strong></span> <span class='ocrx_word' id='word_1_251' title='bbox 456 3580 518 3644; x_wconf 88' lang='lat' dir='ltr'><strong><em>kal.</em></strong></span> <span class='ocrx_word' id='word_1_252' title='bbox 543 3580 656 3643; x_wconf 90' lang='lat' dir='ltr'><strong><em>lllarcii</em></strong></span> <span class='ocrx_word' id='word_1_253' title='bbox 680 3598 707 3642; x_wconf 91' lang='lat' dir='ltr'><strong><em>a.</em></strong></span> <span class='ocrx_word' id='word_1_254' title='bbox 733 3586 852 3642; x_wconf 75' lang='lat' dir='ltr'><strong><em>octavo</em></strong></span> 
     </span>
    </p>

    <p class='ocr_par' dir='ltr' id='par_1_7' title="bbox 233 3683 1743 3960">
     <span class='ocr_line' id='line_1_27' title="bbox 362 3683 1743 3768; baseline 0.008 -21"><span class='ocrx_word' id='word_1_255' title='bbox 362 3685 397 3747; x_wconf 94' lang='lat' dir='ltr'><strong><em>ln</em></strong></span> <span class='ocrx_word' id='word_1_256' title='bbox 429 3702 456 3749; x_wconf 84' lang='lat' dir='ltr'><strong><em>e.</em></strong></span> <span class='ocrx_word' id='word_1_257' title='bbox 488 3704 527 3748; x_wconf 92' lang='lat' dir='ltr'><strong><em>m.</em></strong></span> <span class='ocrx_word' id='word_1_258' title='bbox 563 3702 632 3748; x_wconf 90' lang='lat' dir='ltr'><strong><em>ven.</em></strong></span> <span class='ocrx_word' id='word_1_259' title='bbox 665 3683 701 3747; x_wconf 91' lang='lat' dir='ltr'><strong><em>fr.</em></strong></span> <span class='ocrx_word' id='word_1_260' title='bbox 726 3683 863 3747; x_wconf 87' lang='lat' dir='ltr'><strong><em>Johauui</em></strong></span> <span class='ocrx_word' id='word_1_261' title='bbox 893 3683 1042 3764; x_wconf 89' lang='lat' dir='ltr'><strong><em>episeopo</em></strong></span> <span class='ocrx_word' id='word_1_262' title='bbox 1066 3684 1350 3768; x_wconf 84' lang='lat' dir='ltr'><strong><em>Lucthomuslensi‚</em></strong></span> <span class='ocrx_word' id='word_1_263' title='bbox 1374 3687 1528 3750; x_wconf 89' lang='lat' dir='ltr'><strong><em>carissimi</em></strong></span> <span class='ocrx_word' id='word_1_264' title='bbox 1551 3688 1585 3752; x_wconf 92' lang='lat' dir='ltr'><strong><em>in</em></strong></span> <span class='ocrx_word' id='word_1_265' title='bbox 1609 3688 1743 3757; x_wconf 87' lang='lat' dir='ltr'><strong><em>Christo</em></strong></span> 
     </span>
     <span class='ocr_line' id='line_1_28' title="bbox 233 3788 1742 3872; baseline 0.004 -17"><span class='ocrx_word' id='word_1_266' title='bbox 233 3792 289 3855; x_wconf 90' lang='lat' dir='ltr'><strong><em>filii</em></strong></span> <span class='ocrx_word' id='word_1_267' title='bbox 324 3789 429 3854; x_wconf 88' lang='lat' dir='ltr'><strong><em>Caroli</em></strong></span> <span class='ocrx_word' id='word_1_268' title='bbox 461 3790 671 3854; x_wconf 86' lang='lat' dir='ltr'><strong><em>Rornanorum</em></strong></span> <span class='ocrx_word' id='word_1_269' title='bbox 706 3788 907 3868; x_wconf 89' lang='lat' dir='ltr'><strong><em>imperatoris</em></strong></span> <span class='ocrx_word' id='word_1_270' title='bbox 953 3805 1078 3868; x_wconf 87' lang='lat' dir='ltr'><strong><em>semper</em></strong></span> <span class='ocrx_word' id='word_1_271' title='bbox 1108 3789 1233 3869; x_wconf 84' lang='lat' dir='ltr'><strong><em>augusti</em></strong></span> <span class='ocrx_word' id='word_1_272' title='bbox 1267 3795 1301 3852; x_wconf 94' lang='lat' dir='ltr'><strong><em>et</em></strong></span> <span class='ocrx_word' id='word_1_273' title='bbox 1324 3790 1453 3854; x_wconf 90' lang='lat' dir='ltr'><strong><em>Boemie</em></strong></span> <span class='ocrx_word' id='word_1_274' title='bbox 1484 3792 1569 3872; x_wconf 87' lang='lat' dir='ltr'><strong><em>regis</em></strong></span> <span class='ocrx_word' id='word_1_275' title='bbox 1601 3793 1742 3862; x_wconf 86' lang='lat' dir='ltr'><strong><em>illustris</em></strong></span> 
     </span>
     <span class='ocr_line' id='line_1_29' title="bbox 235 3894 434 3960; baseline -0.02 -1"><span class='ocrx_word' id='word_1_276' title='bbox 235 3894 434 3960; x_wconf 83' lang='lat' dir='ltr'><strong><em>cancellario.</em></strong></span> 
     </span>
    </p>
   </div>
   <div class='ocr_carea' id='block_1_7' title="bbox 235 4075 1743 4237">
    <p class='ocr_par' dir='ltr' id='par_1_8' title="bbox 235 4075 1743 4237">
     <span class='ocr_line' id='line_1_30' title="bbox 363 4075 1743 4158; baseline 0.007 -25"><span class='ocrx_word' id='word_1_277' title='bbox 363 4082 394 4134; x_wconf 82' lang='lat' dir='ltr'><strong><em>lt.</em></strong></span> <span class='ocrx_word' id='word_1_278' title='bbox 414 4083 473 4134; x_wconf 86' lang='lat' dir='ltr'><strong><em>Vat.</em></strong></span> <span class='ocrx_word' id='word_1_279' title='bbox 493 4087 544 4133; x_wconf 78' lang='lat' dir='ltr'><strong><em>alo</em></strong></span> <span class='ocrx_word' id='word_1_280' title='bbox 563 4080 609 4132; x_wconf 92' lang='lat' dir='ltr'><strong><em>l&#39;ol.</em></strong></span> <span class='ocrx_word' id='word_1_281' title='bbox 630 4075 677 4131; x_wconf 74' lang='lat'>1⁸2¹.</span> <span class='ocrx_word' id='word_1_282' title='bbox 698 4109 729 4116; x_wconf 94' lang='lat'><em>-</em></span> <span class='ocrx_word' id='word_1_283' title='bbox 750 4079 814 4146; x_wconf 87' lang='lat' dir='ltr'><strong><em>lteg.</em></strong></span> <span class='ocrx_word' id='word_1_284' title='bbox 834 4080 906 4148; x_wconf 91' lang='lat' dir='ltr'><strong><em>apud</em></strong></span> <span class='ocrx_word' id='word_1_285' title='bbox 929 4079 1092 4148; x_wconf 76' lang='lat' dir='ltr'><strong><em>Werunsky,</em></strong></span> <span class='ocrx_word' id='word_1_286' title='bbox 1119 4081 1257 4149; x_wconf 75' lang='lat' dir='ltr'><strong><em>llxcerpta</em></strong></span> <span class='ocrx_word' id='word_1_287' title='bbox 1276 4098 1314 4133; x_wconf 92' lang='lat' dir='ltr'><strong><em>nr.</em></strong></span> <span class='ocrx_word' id='word_1_288' title='bbox 1334 4087 1384 4134; x_wconf 81' lang='lat'><strong><em>516</em></strong></span> <span class='ocrx_word' id='word_1_289' title='bbox 1403 4090 1430 4136; x_wconf 86' lang='lat' dir='ltr'><strong><em>et</em></strong></span> <span class='ocrx_word' id='word_1_290' title='bbox 1449 4083 1551 4151; x_wconf 76' lang='lat' dir='ltr'><strong><em>Habeo,</em></strong></span> <span class='ocrx_word' id='word_1_291' title='bbox 1582 4085 1650 4155; x_wconf 86' lang='lat' dir='ltr'><strong><em>Reg.</em></strong></span> <span class='ocrx_word' id='word_1_292' title='bbox 1671 4088 1743 4158; x_wconf 89' lang='lat' dir='ltr'><strong><em>Imp.</em></strong></span> 
     </span>
     <span class='ocr_line' id='line_1_31' title="bbox 235 4166 1223 4237; baseline -0.005 -14"><span class='ocrx_word' id='word_1_293' title='bbox 235 4171 297 4223; x_wconf 83' lang='lat' dir='ltr'><strong><em>l&#39;lll</em></strong></span> <span class='ocrx_word' id='word_1_294' title='bbox 318 4186 377 4237; x_wconf 89' lang='lat' dir='ltr'><strong><em>pag.</em></strong></span> <span class='ocrx_word' id='word_1_295' title='bbox 398 4175 448 4222; x_wconf 74' lang='lat'><strong><em>79‘2</em></strong></span> <span class='ocrx_word' id='word_1_296' title='bbox 471 4185 510 4219; x_wconf 88' lang='lat' dir='ltr'><strong><em>nr.</em></strong></span> <span class='ocrx_word' id='word_1_297' title='bbox 530 4173 588 4219; x_wconf 79' lang='lat'><strong>373.</strong></span> <span class='ocrx_word' id='word_1_298' title='bbox 610 4198 640 4204; x_wconf 95' lang='lat'><em>-</em></span> <span class='ocrx_word' id='word_1_299' title='bbox 663 4169 667 4196; x_wconf 90' lang='lat'>¹</span> <span class='ocrx_word' id='word_1_300' title='bbox 673 4191 680 4230; x_wconf 63' lang='lat' dir='ltr'><strong><em>p</em></strong></span> <span class='ocrx_word' id='word_1_301' title='bbox 701 4167 775 4218; x_wconf 75' lang='lat' dir='ltr'><strong><em>l&#39;ouf.</em></strong></span> <span class='ocrx_word' id='word_1_302' title='bbox 797 4182 835 4218; x_wconf 91' lang='lat' dir='ltr'><strong><em>ur.</em></strong></span> <span class='ocrx_word' id='word_1_303' title='bbox 857 4173 931 4219; x_wconf 71' lang='lat' dir='ltr'><strong><em>luel.</em></strong></span> <span class='ocrx_word' id='word_1_304' title='bbox 953 4167 973 4232; x_wconf 75' lang='lat'><strong><em>²)</em></strong></span> <span class='ocrx_word' id='word_1_305' title='bbox 993 4166 1069 4219; x_wconf 83' lang='lat' dir='ltr'><strong><em>Conf.</em></strong></span> <span class='ocrx_word' id='word_1_306' title='bbox 1089 4183 1128 4219; x_wconf 90' lang='lat' dir='ltr'><strong><em>nr.</em></strong></span> <span class='ocrx_word' id='word_1_307' title='bbox 1151 4173 1223 4220; x_wconf 80' lang='grc'>1034.</span> 
     </span>
    </p>
   </div>
   <div class='ocr_carea' id='block_1_8' title="bbox 228 4498 1743 4879">
    <p class='ocr_par' dir='ltr' id='par_1_9' title="bbox 234 4498 1743 4590">
     <span class='ocr_line' id='line_1_32' title="bbox 234 4498 1743 4590; baseline 0.004 -23"><span class='ocrx_word' id='word_1_308' title='bbox 234 4502 351 4568; x_wconf 80' lang='grc'><em>1069.</em></span> <span class='ocrx_word' id='word_1_309' title='bbox 389 4499 533 4567; x_wconf 78' lang='lat' dir='ltr'><strong><em>dolraara&#39;</em></strong></span> <span class='ocrx_word' id='word_1_310' title='bbox 562 4500 599 4563; x_wconf 82' lang='lat' dir='ltr'><strong><em>dc</em></strong></span> <span class='ocrx_word' id='word_1_311' title='bbox 639 4500 785 4580; x_wconf 62' lang='lat' dir='ltr'><strong><em>ll‘alcocd)</em></strong></span> <span class='ocrx_word' id='word_1_312' title='bbox 809 4500 922 4563; x_wconf 80' lang='lat' dir='ltr'><strong><em>rectori</em></strong></span> <span class='ocrx_word' id='word_1_313' title='bbox 941 4498 1139 4582; x_wconf 73' lang='lat' dir='ltr'><strong><em>parochialis</em></strong></span> <span class='ocrx_word' id='word_1_314' title='bbox 1168 4499 1311 4566; x_wconf 84' lang='lat' dir='ltr'><strong><em>ecclesiae</em></strong></span> <span class='ocrx_word' id='word_1_315' title='bbox 1341 4503 1373 4564; x_wconf 82' lang='lat' dir='ltr'><strong><em>ia</em></strong></span> <span class='ocrx_word' id='word_1_316' title='bbox 1404 4503 1523 4566; x_wconf 83' lang='lat' dir='ltr'><strong><em>Mirwri</em></strong></span> <span class='ocrx_word' id='word_1_317' title='bbox 1543 4503 1743 4590; x_wconf 58' lang='lat' dir='ltr'><strong><em>Bakooekd)</em></strong></span> 
     </span>
    </p>

    <p class='ocr_par' dir='ltr' id='par_1_10' title="bbox 235 4605 1742 4691">
     <span class='ocr_line' id='line_1_33' title="bbox 235 4605 1742 4691; baseline 0.007 -24"><span class='ocrx_word' id='word_1_318' title='bbox 235 4605 406 4685; x_wconf 83' lang='lat' dir='ltr'><strong><em>Propensis</em></strong></span> <span class='ocrx_word' id='word_1_319' title='bbox 429 4605 506 4668; x_wconf 83' lang='lat' dir='ltr'><strong><em>dioc.</em></strong></span> <span class='ocrx_word' id='word_1_320' title='bbox 538 4605 727 4685; x_wconf 82' lang='lat' dir='ltr'><strong><em>indalpetar‚</em></strong></span> <span class='ocrx_word' id='word_1_321' title='bbox 761 4609 797 4667; x_wconf 86' lang='lat' dir='ltr'><strong><em>at</em></strong></span> <span class='ocrx_word' id='word_1_322' title='bbox 818 4610 979 4685; x_wconf 85' lang='lat' dir='ltr'><strong><em>confessor</em></strong></span> <span class='ocrx_word' id='word_1_323' title='bbox 1013 4605 1079 4668; x_wconf 81' lang='lat' dir='ltr'><strong><em>cias</em></strong></span> <span class='ocrx_word' id='word_1_324' title='bbox 1105 4606 1140 4669; x_wconf 85' lang='lat' dir='ltr'><strong><em>ia</em></strong></span> <span class='ocrx_word' id='word_1_325' title='bbox 1162 4607 1271 4668; x_wconf 81' lang='lat' dir='ltr'><strong><em>mortis</em></strong></span> <span class='ocrx_word' id='word_1_326' title='bbox 1293 4607 1428 4671; x_wconf 69' lang='lat' dir='ltr'><strong><em>odanto</em></strong></span> <span class='ocrx_word' id='word_1_327' title='bbox 1445 4608 1577 4691; x_wconf 87' lang='lat' dir='ltr'><strong><em>plenam</em></strong></span> <span class='ocrx_word' id='word_1_328' title='bbox 1600 4614 1742 4677; x_wconf 78' lang='lat' dir='ltr'><strong><em>omniane</em></strong></span> 
     </span>
    </p>

    <p class='ocr_par' dir='ltr' id='par_1_11' title="bbox 228 4709 1742 4879">
     <span class='ocr_line' id='line_1_34' title="bbox 228 4709 1742 4793; baseline 0.005 -20"><span class='ocrx_word' id='word_1_329' title='bbox 228 4715 429 4791; x_wconf 84' lang='lat' dir='ltr'><strong><em>peccatoram</em></strong></span> <span class='ocrx_word' id='word_1_330' title='bbox 461 4709 677 4774; x_wconf 83' lang='lat' dir='ltr'><strong><em>rerrassioacm</em></strong></span> <span class='ocrx_word' id='word_1_331' title='bbox 707 4710 736 4772; x_wconf 85' lang='lat' dir='ltr'><strong><em>ei</em></strong></span> <span class='ocrx_word' id='word_1_332' title='bbox 757 4709 920 4773; x_wconf 80' lang='lat' dir='ltr'><strong><em>concedere</em></strong></span> <span class='ocrx_word' id='word_1_333' title='bbox 939 4710 1049 4790; x_wconf 83' lang='lat' dir='ltr'><strong><em>possit.</em></strong></span> <span class='ocrx_word' id='word_1_334' title='bbox 1099 4711 1281 4791; x_wconf 81' lang='lat' dir='ltr'><strong><em>„Prooeait“</em></strong></span> <span class='ocrx_word' id='word_1_335' title='bbox 1324 4710 1495 4793; x_wconf 79' lang='lat' dir='ltr'><strong><em>„Aulaiorre</em></strong></span> <span class='ocrx_word' id='word_1_336' title='bbox 1531 4733 1601 4778; x_wconf 84' lang='lat' dir='ltr'><strong><em>aon.</em></strong></span> <span class='ocrx_word' id='word_1_337' title='bbox 1635 4718 1742 4782; x_wconf 86' lang='lat' dir='ltr'><strong><em>Marci</em></strong></span> 
     </span>
     <span class='ocr_line' id='line_1_35' title="bbox 891 4816 1079 4879; baseline 0 -3"><span class='ocrx_word' id='word_1_338' title='bbox 891 4834 920 4879; x_wconf 90' lang='lat' dir='ltr'><strong><em>a.</em></strong></span> <span class='ocrx_word' id='word_1_339' title='bbox 945 4816 1079 4878; x_wconf 67' lang='lat' dir='ltr'><strong><em>estavar</em></strong></span> 
     </span>
    </p>
   </div>
   <div class='ocr_carea' id='block_1_9' title="bbox 1228 4955 1698 5039">
    <p class='ocr_par' dir='ltr' id='par_1_12' title="bbox 1228 4955 1698 5039">
     <span class='ocr_line' id='line_1_36' title="bbox 1228 4955 1698 5039; baseline 0.011 -20"><span class='ocrx_word' id='word_1_340' title='bbox 1228 4955 1390 5039; x_wconf 77' lang='lat' dir='ltr'><strong><em>rloiaiorre,</em></strong></span> <span class='ocrx_word' id='word_1_341' title='bbox 1415 4958 1501 5022; x_wconf 81' lang='lat'><strong><em>1360</em></strong></span> <span class='ocrx_word' id='word_1_342' title='bbox 1526 4960 1646 5022; x_wconf 85' lang='lat' dir='ltr'><strong><em>Martii</em></strong></span> <span class='ocrx_word' id='word_1_343' title='bbox 1669 4963 1698 5025; x_wconf 82' lang='lat'><strong><em>7.</em></strong></span> 
     </span>
    </p>
   </div>
   <div class='ocr_carea' id='block_1_10' title="bbox 234 5161 1738 5320">
    <p class='ocr_par' dir='ltr' id='par_1_13' title="bbox 234 5161 1738 5320">
     <span class='ocr_line' id='line_1_37' title="bbox 364 5161 1738 5228; baseline 0.004 -12"><span class='ocrx_word' id='word_1_344' title='bbox 364 5162 395 5216; x_wconf 87' lang='lat' dir='ltr'><strong><em>R.</em></strong></span> <span class='ocrx_word' id='word_1_345' title='bbox 414 5165 464 5219; x_wconf 81' lang='grc' dir='ltr'><strong><em>Αι.</em></strong></span> <span class='ocrx_word' id='word_1_346' title='bbox 479 5170 529 5216; x_wconf 75' lang='grc'><strong><em>144</em></strong></span> <span class='ocrx_word' id='word_1_347' title='bbox 547 5164 594 5216; x_wconf 91' lang='lat' dir='ltr'><strong><em>fol.</em></strong></span> <span class='ocrx_word' id='word_1_348' title='bbox 610 5170 669 5216; x_wconf 71' lang='lat'><strong><em>485.</em></strong></span> <span class='ocrx_word' id='word_1_349' title='bbox 688 5193 711 5201; x_wconf 92' lang='lat'>-</span> <span class='ocrx_word' id='word_1_350' title='bbox 737 5164 762 5228; x_wconf 69' lang='grc' dir='ltr'><strong><em>υ)</em></strong></span> <span class='ocrx_word' id='word_1_351' title='bbox 782 5161 946 5227; x_wconf 84' lang='lat' dir='ltr'><strong><em>,Bucowsco‘</em></strong></span> <span class='ocrx_word' id='word_1_352' title='bbox 965 5163 1014 5214; x_wconf 79' lang='lat' dir='ltr'><strong><em>Ar.</em></strong></span> <span class='ocrx_word' id='word_1_353' title='bbox 1039 5191 1064 5201; x_wconf 78' lang='lat'>-</span> <span class='ocrx_word' id='word_1_354' title='bbox 1089 5162 1108 5228; x_wconf 86' lang='lat'><strong><em>¹)</em></strong></span> <span class='ocrx_word' id='word_1_355' title='bbox 1128 5161 1269 5216; x_wconf 80' lang='lat' dir='ltr'><strong><em>lohannes</em></strong></span> <span class='ocrx_word' id='word_1_356' title='bbox 1288 5161 1321 5215; x_wconf 85' lang='lat' dir='ltr'><strong><em>de</em></strong></span> <span class='ocrx_word' id='word_1_357' title='bbox 1341 5162 1453 5217; x_wconf 81' lang='lat' dir='ltr'><strong><em>Wucow</em></strong></span> <span class='ocrx_word' id='word_1_358' title='bbox 1473 5164 1644 5220; x_wconf 83' lang='lat' dir='ltr'><strong><em>Gnaznensis</em></strong></span> <span class='ocrx_word' id='word_1_359' title='bbox 1663 5165 1738 5222; x_wconf 86' lang='lat' dir='ltr'><strong><em>dioc.</em></strong></span> 
     </span>
     <span class='ocr_line' id='line_1_38' title="bbox 234 5249 1100 5320; baseline -0.003 -15"><span class='ocrx_word' id='word_1_360' title='bbox 234 5249 355 5308; x_wconf 74' lang='lat' dir='ltr'><strong><em>confur.</em></strong></span> <span class='ocrx_word' id='word_1_361' title='bbox 375 5255 425 5306; x_wconf 79' lang='lat'><strong><em>918</em></strong></span> <span class='ocrx_word' id='word_1_362' title='bbox 445 5257 472 5306; x_wconf 87' lang='lat' dir='ltr'><strong><em>et</em></strong></span> <span class='ocrx_word' id='word_1_363' title='bbox 490 5250 576 5320; x_wconf 82' lang='lat' dir='ltr'><strong><em>l&#39;ingl,</em></strong></span> <span class='ocrx_word' id='word_1_364' title='bbox 597 5249 837 5304; x_wconf 86' lang='lat' dir='ltr'><strong><em>Confirmationum</em></strong></span> <span class='ocrx_word' id='word_1_365' title='bbox 856 5249 901 5303; x_wconf 92' lang='lat' dir='ltr'><strong><em>lib.</em></strong></span> <span class='ocrx_word' id='word_1_366' title='bbox 922 5250 940 5304; x_wconf 93' lang='lat' dir='ltr'><strong><em>l.</em></strong></span> <span class='ocrx_word' id='word_1_367' title='bbox 961 5267 1022 5319; x_wconf 88' lang='lat' dir='ltr'><strong><em>pag.</em></strong></span> <span class='ocrx_word' id='word_1_368' title='bbox 1045 5254 1100 5304; x_wconf 88' lang='lat'>110.</span> 
     </span>
    </p>
   </div>
   <div class='ocr_carea' id='block_1_11' title="bbox 883 5444 1085 5457">
    <p class='ocr_par' dir='ltr' id='par_1_14' title="bbox 883 5444 1085 5457">
     <span class='ocr_line' id='line_1_39' title="bbox 883 5444 1085 5457; baseline 0 0"><span class='ocrx_word' id='word_1_369' title='bbox 883 5444 1085 5457; x_wconf 61' lang='lat' dir='ltr'><strong><em>m</em></strong></span> 
     </span>
    </p>
   </div>
   <div class='ocr_carea' id='block_1_12' title="bbox 0 0 1978 6052">
    <p class='ocr_par' dir='ltr' id='par_1_15' title="bbox 0 0 1978 6052">
     <span class='ocr_line' id='line_1_40' title="bbox 0 0 1978 6052; baseline 0 0"><span class='ocrx_word' id='word_1_370' title='bbox 0 0 1978 6052; x_wconf 95' lang='lat' dir='ltr'><strong><em> </em></strong></span> 
     </span>
    </p>
   </div>
  </div>
 </body>
</html>
