3944 6060
243 418 304 482 132
846 415 916 468 Acta
938 411 1090 469 Innocentii
1110 411 1157 466 vt

239 622 324 687 modi
348 643 367 686 a
389 623 419 687 d.
443 621 463 688 1.
488 622 619 688 Nicolno
643 623 806 704 preposito
823 621 1024 702 Cbunicensi,
1041 640 1099 704 per
1113 622 1310 705 prepositum
1329 621 1415 686 soliti
1431 619 1611 703 gubernari,
1636 639 1741 686 mona·

239 725 408 791 steriorum
432 726 588 791 dictorum
612 726 733 791 ordinis
756 732 790 790 61
813 725 984 807 Pragensis
1007 743 1043 788 ac
1067 724 1287 808 Olomucensis
1310 723 1399 802 dioc,
1423 723 1624 800 habentibus,
1648 730 1744 806 prout

239 830 452 913 asserebatur,
487 830 558 895 ad.
582 830 602 895 1.
628 830 772 896 Μ6161116
797 832 911 895 abbate
946 829 1131 894 monasterii
1155 827 1409 893 Steinueldensis
1443 826 1587 892 eiusdem
1622 827 1743 892 ordinis

242 932 442 1000 coloniensis
466 935 554 1016 dioc,
587 941 678 1017 patre
714 935 827 999 abbate
862 932 978 1016 prefati
1001 933 1186 998 monasterii
1217 931 1389 1016 Syloensis,
1425 931 1465 995 ad
1499 948 1592 1011 quem
1615 931 1743 1012 quidem

240 1045 365 1120 patrem
389 1039 536 1103 abbatem
559 1037 757 1104 confirmacio
785 1037 955 1102 eleccionis
978 1037 1102 1102 abbatis
1124 1037 1225 1118 ipsius
1248 1035 1433 1102 monasterii
1449 1033 1688 1116 Syloensistam
1705 1053 1744 1100 61

238 1142 397 1208 institutis
421 1143 498 1208 dicti
522 1142 643 1209 ordinis
665 1160 723 1223 per
746 1141 855 1207 sedem
878 1141 1083 1223 apostolicam
1113 1140 1315 1223 confirmatis,
1348 1158 1441 1221 quam
1472 1139 1636 1204 66161116
1661 1139 1741 1204 anti·

239 1264 301 1327 qua
323 1252 359 1311 et
380 1248 555 1328 approbata
589 1251 624 1310 61
645 1245 799 1310 hactenus
822 1243 953 1327 66611166
988 1246 1157 1309 observata
1179 1244 1409 1310 consuetudine
1444 1242 1596 1324 pertinet,
1631 1242 1741 1309 confir-

238 1350 345 1414 mandi
368 1348 546 1416 elecciones
569 1348 751 1414 huiusmodi
773 1347 812 1412 16
836 1346 1358 1430 661661Η6666661616166166,
1382 1345 1616 1429 116161161111,
1640 1347 1740 1428 66661-

239 1453 319 1518 alem
342 1458 546 1536 potestatem,
581 1451 758 1518 confirmari
782 1451 976 1533 obtinuistis,
1010 1451 1178 1532 dictusque
1202 1451 1313 1535 Hynco
1336 1456 1485 1532 pretextu
1515 1449 1686 1516 eleccionis
1708 1457 1743 1515 et

238 1557 487 1624 confirmacionis
510 1557 690 1622 huiusmodi
707 1556 747 1620 de
763 1556 832 1638 ipso
848 1554 1002 1620 factarum
1019 1555 1329 1623 administracionem
1345 1558 1496 1622 bonorum
1517 1555 1619 1637 ipsius
1634 1573 1740 1621 mona·

238 1661 329 1727 sterii
352 1660 514 1744 Syloensis
537 1660 645 1726 extitit
668 1667 842 1742 assecutus,
865 1666 963 1740 tuque
986 1678 1005 1723 a
1028 1660 1122 1726 dictis
1145 1660 1304 1727 eleccione
1328 1666 1362 1725 61
1385 1657 1625 1725 confirmacione
1655 1659 1739 1724 eins-

238 1766 310 1829 dom
333 1764 496 1849 Hynconis
519 1776 554 1830 61
576 1765 780 1830 assecucione
804 1764 844 1828 ad
867 1764 976 1829 sedem
1000 1763 1170 1846 appellasti
1182 1764 1368 1847 predictam,
1393 1782 1429 1828 ac
1445 1762 1548 1828 felicis
1564 1762 1738 1828 recordaci-

238 1869 307 1934 onis
342 1868 490 1934 Clemens
521 1889 604 1952 papa
626 1869 670 1932 Vl
701 1868 909 1950 predecessor
942 1872 1051 1932 noster
1084 1885 1211 1932 causam
1246 1868 1473 1951 appellacionis
1496 1866 1677 1932 huiusmodi
1707 1872 1740 1931 61

237 1973 362 2056 negocii
394 1974 578 2056 principalis
609 1975 689 2038 bone
719 1973 871 2037 memorie
895 1971 1073 2037 Bertrando
1107 1972 1257 2055 episcopo
1282 1971 1424 2038 Ostiensi
1457 1972 1557 2053 primo
1592 1989 1629 2036 ao
1652 1976 1738 2054 post·

237 2076 909 2144 1661616111.66611166166116111111
944 2075 1076 2142 681111
1110 2082 1144 2141 61
1167 2077 1352 2159 Raymundo
1387 2076 1474 2141 111111
1508 2094 1533 2140 6.
1565 2074 1677 2141 Crucis
1707 2076 1740 2140 in

236 2180 414 2247 Jerusalem
438 2201 474 2247 ac
497 2181 628 2247 Nicolao
652 2181 739 2246 tituli
762 2199 790 2246 s.
806 2180 921 2245 Vitalis
944 2181 1140 2263 presbyteris
1156 2180 1370 2246 cardinalibus
1397 2179 1533 2245 diversis
1559 2180 1739 2244 successive

237 2286 358 2351 vicibus
381 2287 570 2352 audiendam
594 2285 751 2352 commisit
774 2290 807 2350 et
829 2284 893 2349 fine
918 2284 1026 2350 debito
1049 2284 1299 2361 terminandam
1335 2303 1439 2350 coram
1473 2284 1588 2365 quibus
1611 2284 1739 2364 quidem

237 2390 385 2473 episcopo
416 2396 450 2455 61
480 2390 703 2468 cardinalibus,
739 2408 809 2454 cum
840 2389 925 2454 inter
955 2394 987 2453 16
1018 2388 1195 2454 aedictum
1219 2388 1403 2471 Hynconom
1428 2388 1614 2468 adaliquos
1638 2394 1739 2470 actus,

236 2494 317 2558 citra
339 2500 445 2559 tamon
469 2495 714 2572 conclusionem,
738 2494 771 2558 in
794 2493 880 2559 dicta
903 2510 999 2558 causa
1014 2510 1197 2575 processum
1213 2492 1337 2573 luisset,
1360 2491 1504 2574 prefatus
1520 2491 1740 2574 predecessor,

237 2598 319 2663 sicut
342 2599 468 2664 domino
491 2598 620 2681 placuit,
644 2600 739 2663 rebus
762 2597 824 2662 1611
845 2597 992 2662 humanis
1016 2603 1189 2679 exemptus,
1225 2604 1259 2661 et
1282 2597 1514 2677 subsequenter
1547 2595 1638 2661 nobis
1661 2596 1741 2662 11661

235 2702 403 2768 1616611116
427 2703 533 2768 divina
556 2702 684 2767 favente
708 2702 882 2767 clemencia
905 2701 944 2765 ad
958 2700 1079 2783 apicem
1098 2701 1210 2766 summi
1227 2702 1424 2783 apostolatus
1440 2701 1621 2783 assumptis,
1639 2701 1738 2767 dicto-

236 2825 296 2887 que
320 2807 472 2889 Hyncone
495 2814 588 2872 61116
610 2808 728 2871 6611661
751 2805 908 2888 prefatam
931 2807 1056 2871 sublato
1080 2807 1120 2870 de
1143 2806 1257 2887 medio,
1282 2811 1317 2870 tu
1340 2800 1494 2887 fatigatus
1517 2805 1681 2871 laboribus
1704 2813 1739 2871 61

236 2911 395 2994 expensis,
420 2912 504 2977 omni
527 2912 598 2994 iuri,
631 2911 713 2992 quod
744 2910 805 2975 tibi
829 2915 1008 2992 6661661616
1032 2915 1159 2991 6616161
1181 2910 1214 2974 16
1238 2909 1398 2975 eleccione
1423 2929 1459 2983 66
1483 2909 1739 2994 66611116661666,

235 3020 271 3079 61
293 3015 477 3098 predicitur,
511 3017 551 3081 de
574 3021 606 3080 te
629 3014 732 3096 factis,
756 3014 789 3078 16
812 3014 956 3078 manibus
993 3013 1070 3078 dicti
1094 3013 1271 3096 Raymundi
1304 3014 1474 3080 cardinalis
1506 3014 1590 3096 apud
1628 3015 1739 3080 sedem

235 3118 367 3183 eundem
390 3118 491 3184 libere
515 3138 551 3183 ac
574 3125 687 3202 sponte
710 3119 845 3201 cessisti,
868 3118 1014 3198 idemque
1031 3119 1234 3201 boymundus
1251 3118 1420 3184 cardinalis
1436 3120 1612 3186 cessionem
1628 3118 1739 3184 buius·

235 3221 319 3287 modi
341 3222 381 3287 16
403 3223 552 3288 61661616
574 3229 692 3305 666116,
714 3240 810 3304 66661
838 3222 897 3287 hoc
928 3222 988 3286 sibi
1018 3220 1102 3287 facto
1127 3223 1254 3288 oraculo
1278 3224 1349 3288 vivo
1374 3224 1470 3307 vocis,
1494 3225 1578 3307 apud
1601 3226 1740 3290 eandem

235 3327 343 3390 sedern
366 3326 504 3391 admisit.
529 3327 594 3393 Nos
617 3327 715 3410 igitur
737 3326 777 3391 ad
800 3326 1012 3408 provisionem
1035 3326 1136 3408 ipsius
1159 3329 1341 3392 monasterii
1367 3327 1538 3412 Syloensis,
1562 3346 1602 3393 ne
1625 3330 1740 3395 ulteri-

236 3429 300 3496 oris
324 3431 502 3496 vacacionis
525 3432 708 3497 subiaceret
737 3431 951 3512 incommodis,
986 3432 1127 3511 paternis
1150 3437 1183 3496 61
1216 3433 1350 3498 solicitis
1373 3435 1489 3499 studiis
1518 3435 1739 3516 intendentes,

234 3541 308 3616 post
330 3535 604 3615 deliberacionem,
640 3556 732 3618 quam
765 3536 805 3601 de
838 3534 1033 3617 preficiendo
1057 3536 1160 3601 eidem
1183 3537 1376 3604 monasterio
1400 3537 1544 3621 Syloensi
1567 3558 1740 3622 personam

234 3640 343 3705 utilem
378 3658 415 3704 66
437 3642 537 3705 661661
559 3639 753 3706 fructuosam
775 3640 942 3703 habuimus
965 3658 1036 3703 cum
1058 3641 1176 3704 nostris
1200 3640 1351 3706 1161111166
1376 3642 1573 3725 diligentem,
1608 3646 1738 3714 domurn

234 3745 274 3809 ad
297 3750 340 3820 te,
364 3745 414 3809 cui
437 3746 476 3810 (16
500 3746 662 3827 religionis
685 3746 763 3827 zelo,
787 3745 966 3810 litterarum
983 3745 1128 3823 sciencia,
1154 3747 1218 3809 vite
1237 3747 1644 3817 661661661116666161666
1662 3755 1738 3820 aliis

233 3849 402 3930 probitatis
425 3856 458 3914 61
480 3849 631 3913 virtutum
654 3849 777 3913 16611116
800 3851 884 3932 6611
907 3868 964 3914 666
987 3848 1052 3914 1616
1066 3850 1161 3932 digna
1177 3851 1360 3914 testimonia
1375 3851 1591 3937 perhibentur,
1617 3856 1737 3925 direxi-

233 3970 304 4017 mus
327 3952 435 4018 oculos
458 3959 567 4018 nostre
590 3953 715 4018 mentis.
751 3953 873 4030 Quibus
896 3954 1039 4018 omnibus
1063 3954 1172 4019 debita
1193 3954 1401 4020 meditatione
1432 3959 1574 4038 pensatis
1599 3960 1639 4024 de
1664 3980 1738 4045 per-

233 4075 311 4121 sona
343 4062 398 4121 166
426 4056 550 4138 6161616
580 4057 772 4121 monasterio
803 4056 948 4140 Syloensi
983 4059 1022 4122 de
1053 4059 1207 4123 dictorum
1231 4059 1363 4123 fratrum
1386 4060 1518 4127 consilio
1541 4066 1739 4134 66616111616

233 4161 406 4242 6666161166
427 4161 621 4243 providimus
637 4166 732 4241 teque
756 4162 802 4226 illi
826 4161 1007 4243 preficimus
1027 4165 1059 4226 in
1075 4164 1232 4238 abbatem,
1250 4182 1357 4228 curam
1373 4170 1407 4229 et
1422 4166 1738 4239 administracionem

233 4264 334 4346 ipsius
357 4265 544 4330 monasterii
567 4264 729 4348 Syloensis
752 4266 810 4330 tibi
834 4266 866 4329 in
890 4266 1108 4347 spiritualibus
1132 4273 1166 4331 et
1189 4269 1416 4349 temporalibus
1432 4270 1574 4352 61666116
1591 4278 1737 4344 commit·

171 4395 173 4398 ⁴
232 4370 328 4434 tendo
352 4388 388 4433 ac
411 4387 524 4433 munus
547 4369 782 4434 benediccionis
806 4388 864 4452 per·
887 4389 946 4434 ven
982 4371 1017 4433 11.
1042 4377 1182 4434 6661111111
1216 4372 1391 4436 Guidonem
1415 4375 1598 4457 episcopum
1621 4377 1738 4446 Portu-

232 4490 403 4537 66666161
428 4474 524 4537 661116
548 4472 652 4537 causis
677 4474 759 4555 apud
784 4474 891 4537 sedem
916 4476 1090 4556 predictam
1114 4476 1235 4540 1111116
1259 4479 1407 4543 mandato
1431 4485 1539 4544 666116
1555 4480 1736 4563 impensum

233 4577 424 4643 auctoritate
448 4577 714 4658 61611616661616
738 4579 949 4660 approbamus
973 4581 1005 4642 in
1028 4579 1093 4661 illo,
1116 4581 1169 4660 qui
1194 4581 1738 4673 (161616616661161611616161616

232 4680 440 4759 confidentes,
463 4681 546 4761 quod
570 4681 689 4745 dictum
712 4682 937 4745 monasterinm
962 4681 1114 4764 Syloense
1139 4690 1265 4764 661166
1283 4684 1453 4767 diligencie
1470 4688 1608 4753 studium
1625 4695 1738 4772 gracia

231 4784 290 4848 tibi
313 4784 485 4848 assistente
510 4783 625 4866 divina,
649 4803 801 4867 prospere
826 4784 983 4867 dirigetur
1005 4793 1039 4850 61
1062 4787 1201 4851 salubria
1231 4790 1385 4871 suscipiet
1407 4790 1611 4857 incrementa.
1650 4796 1735 4874 Quo-

231 4887 315 4952 circa
338 4888 526 4953 discrecioni
560 4894 615 4952 166
639 4906 696 4969 661
719 4889 894 4970 apostolica
917 4891 1036 4971 scripta
1059 4892 1252 4964 6166166116,
1284 4895 1434 4974 quatinus
1466 4914 1544 4961 6666
1567 4901 1736 4981 regiminis

231 4992 308 5057 dicti
330 4992 515 5057 monasterii
538 4991 700 5074 Syloensis
725 4994 903 5075 suscipiens
926 5002 1118 5074 reverenter,
1153 4997 1253 5060 61616
1278 4997 1308 5059 16
1332 5016 1370 5062 66
1399 5001 1532 5082 66116116,
1556 5004 1737 5084 prudenter

231 5094 629 5161 61111611161616166616
653 5096 805 5161 exhibeas
829 5099 1016 5176 studiosum,
1040 5101 1123 5179 quod
1146 5101 1304 5181 prefatum
1327 5105 1555 5171 rnonasterium
1578 5106 1736 5192 Syloense

230 5218 288 5282 661
310 5199 470 5264 laudabile
494 5206 548 5265 tue
572 5200 741 5284 diligencie
765 5201 973 5266 ministerium
998 5204 1201 5284 gubernatori
1224 5207 1735 5285 6161116661166166666116161-

231 5303 361 5368 stratori
383 5303 524 5387 gaudeat
546 5322 581 5369 66
604 5305 814 5387 6616616616,
837 5311 934 5386 tuque
958 5311 1066 5388 616161
1096 5312 1207 5373 616166
1231 5311 1457 5378 retribucionis
1479 5314 1637 5396 premium
1660 5338 1734 5388 nos·
