3944 6060
231 397 293 461 198
835 398 906 450 Acta
923 395 1078 450 Innocentii
1097 396 1143 450 Vl.

234 603 387 678 obstante,
410 604 491 684 quod
512 603 594 669 idem
616 603 764 669 Albertus
785 606 866 670 inter
888 605 956 669 alia
985 625 1080 688 super
1109 605 1268 670 decanatu
1299 607 1558 674 Vratislaoiensis
1592 608 1738 676 ecclcsiae

234 714 298 773 tres
329 707 509 790 definiticas
538 710 710 774 sententias
731 711 912 791 reportavit.
947 708 1165 793 „Laudabitia
1186 713 1317 774 tuarum
1333 711 1529 794 probitatis“
1560 711 1741 792 „Auinione

714 813 782 876 XV
797 813 861 878 bale
887 812 1029 877 Octobris
1053 834 1084 880 a.
1108 817 1254 893 quarto.“

278 919 388 1019 ff}
927 1031 931 1043 1
1133 950 1296 1033 Aritium,
1319 955 1406 1018 1356
1429 953 1621 1037 sarcum
1643 959 1694 1022 17.

361 1139 393 1191 R.
412 1140 462 1192 As.
484 1145 531 1192 132
551 1138 597 1193 tol.
617 1144 684 1193 304¹.
706 1143 732 1205 1)
750 1138 890 1206 ‚Caucinu‘
908 1142 959 1193 As.

236 1520 327 1586 482.
351 1518 484 1584 Custodi
516 1519 662 1585 ecclesiae
694 1517 913 1585 Cracooiensis
945 1521 1129 1598 mandatur,
1164 1526 1319 1600 quatenus
1354 1522 1447 1586 Petro
1484 1523 1669 1588 Tbomissae
1702 1525 1744 1589 dc

229 1625 420 1703 „Tausina“
445 1624 592 1689 canonico
613 1623 761 1688 ecekaae
783 1624 1052 1689 Sandomiriensis
1073 1622 1295 1690 Cramuiensis
1318 1625 1395 1690 dioc.
1420 1626 1464 1690 ad
1479 1625 1741 1708 supplicationem

232 1727 392 1792 Karimiri
414 1727 565 1792 Poloniae
587 1718 670 1808 repis
694 1728 888 1808 dipuitatm
907 1733 1114 1809 personatum
1136 1726 1184 1791 cel
1206 1727 1348 1809 officinm
1373 1750 1443 1794 cum
1476 1750 1555 1794 arra
1591 1729 1640 1795 oel
1673 1732 1745 1796 sine

230 1853 318 1910 cura,
355 1833 397 1897 ad
420 1832 615 1896 collationem
649 1833 786 1914 episcopi
826 1830 1082 1896 Vrotislaoiensis
1111 1833 1320 1912 pertinentem
1354 1833 1401 1897 oet
1419 1835 1592 1915 pertinens,
1626 1836 1658 1898 si
1687 1834 1747 1913 „in

229 1936 364 2001 ecclesia
385 1956 409 2001 s.
435 1934 545 2000 Crucis
567 1935 602 2000 in
626 1935 708 2018 Opol
737 1934 1008 2000 Wratislauieusis
1030 1936 1107 2000 dioc.
1131 1940 1224 1999 vacat
1246 1937 1289 2000 ad
1307 1958 1441 2020 presens
1462 1937 1510 2002 vel
1543 1952 1614 2002 cum
1646 1959 1741 2004 caca·

230 2041 320 2120 verit,
344 2044 524 2105 consuetam
546 2038 593 2104 rel
615 2042 794 2103 consuetum
828 2038 904 2103 aliis
937 2059 1033 2120 quam
1067 2039 1228 2103 canonicis
1261 2039 1364 2122 ipsius
1397 2040 1522 2106 ecclesie
1555 2043 1744 2126 assipnori“

306 2149 452 2209 reseroet.
477 2144 642 2223 „Dionum
664 2143 880 2207 arbitramur“
910 2142 1087 2225 „Aninione
1111 2143 1175 2205 XV
1193 2142 1259 2206 lcal.
1287 2145 1427 2208 Octobris
1449 2166 1480 2209 a.
1504 2148 1650 2225 euenor

297 2233 366 2354 Ob.
1134 2283 1295 2358 Asinium,
1320 2285 1406 2347 1356
1428 2282 1621 2364 Septembris
1647 2286 1697 2350 17.

361 2471 394 2524 R.
413 2473 463 2524 Av.
485 2477 534 2524 134
553 2471 599 2524 tol.
620 2464 688 2524 164⁴.
707 2501 740 2511 -—
760 2471 825 2539 Reg.
844 2470 920 2539 apud
937 2471 1064 2535 Tbeiner,
1083 2471 1157 2525 Mon.
1177 2471 1235 2525 Pol.
1256 2471 1268 2523 1
1287 2487 1347 2539 pag.
1368 2476 1426 2527 580.

230 2856 321 2922 483.
346 2856 501 2938 Episcopo
531 2854 742 2917 Pornaniensi
775 2853 957 2928 mandatur,
993 2856 1147 2936 quatenus
1171 2853 1348 2932 Divissio·)
1384 2853 1568 2918 Prandotoe
1589 2855 1740 2922 canonico

234 2957 444 3040 Cracooiensi‚
467 2959 501 3022 in
526 2959 594 3021 iure
616 2959 765 3022 canonico
786 2957 935 3036 studenti,
959 2956 997 3021 de
1018 2957 1209 3021 canonicatu
1229 2956 1375 3022 ecclesiae
1405 2957 1663 3024 Vrotislaoiensis
1684 2959 1746 3026 sub

229 3064 443 3147 expectatione
459 3060 661 3142 praebendae
676 3060 840 3143 provideri
856 3065 1015 3144 procuret,
1036 3079 1099 3124 non
1120 3060 1326 3142 obstantibus,
1354 3060 1452 3145 ,quod
1465 3061 1549 3127 idern
1566 3063 1742 3146 Dyuissims

232 3168 268 3232 in
291 3163 495 3231 Cracouieasi
519 3166 737 3230 canonicatum
759 3168 789 3228 et
806 3163 1002 3245 prebendam
1024 3163 1111 3227 etin
1135 3165 1327 3228 Kalissiensi
1345 3165 1534 3231 (immensis
1549 3167 1630 3232 dioc.
1646 3167 1743 3233 ecele-

228 3274 288 3337 siis
300 3271 594 3337 archidiaconatum
616 3270 754 3333 noscitur
776 3269 942 3332 obtinere“.
969 3269 1131 3349 „Dipnum
1154 3268 1370 3332 arbitramur“
1392 3269 1566 3349 „Auinione
1589 3267 1657 3331 XV
1674 3270 1741 3336 kal.

806 3372 947 3437 Octobris
971 3393 1001 3435 a.
1023 3375 1165 3453 quarta.“

313 3533 365 3583 ,Χ
377 3570 383 3582 .
1133 3510 1297 3592 Asini-oue,
1323 3513 1407 3576 1356
1430 3493 1621 3594 Septembris
1645 3513 1697 3578 17.

359 3703 674 3758 1111134101118.
710 3732 743 3740 -
778 3702 845 3770 Reg.
865 3700 939 3768 apud
962 3700 1091 3766 Theiner,
1115 3700 1190 3753 Mon.
1216 3700 1272 3753 Pol.
1300 3701 1312 3752 1
1337 3717 1398 3768 pag.
1420 3705 1478 3755 580.
1515 3730 1547 3738 —
1587 3701 1612 3766 ι)
1631 3701 1743 3771 ‚Dysis-

231 3793 310 3847 sium‘
328 3794 379 3845 As.

230 4158 323 4225 484.
347 4154 490 4220 Jabanni
512 4152 727 4235 Sucbpwiltr·)
751 4153 942 4217 decretorum
965 4153 1084 4216 doctori
1102 4152 1287 4234 providetur
1302 4153 1345 4216 ad
1359 4153 1620 4236 supplicationem
1642 4154 1744 4219 Kari-

230 4263 306 4325 miri
329 4259 478 4324 Polonioe
499 4260 582 4340 repis
604 4258 642 4323 de
663 4258 850 4321 canonicatu
872 4256 1019 4321 ecclesiae
1043 4253 1258 4321 Gracurriensis
1280 4257 1337 4320 sub
1360 4259 1574 4340 expectatione
1585 4257 1742 4339 praeben·

231 4367 300 4447 dae,
323 4362 610 4440 nonobstantibus,
636 4361 736 4446 „quod
757 4362 793 4424 in
816 4359 990 4425 Gnennensi
1021 4359 1258 4442 preposituram
1288 4365 1317 4423 et
1349 4361 1383 4423 in
1423 4359 1679 4426 Wratislauiensi
1710 4367 1742 4426 et

229 4472 266 4533 in
306 4467 565 4532 Wladislauiensi
597 4486 652 4530 nec
684 4485 747 4529 non
778 4466 814 4528 in
847 4464 1055 4527 Parnoniensi
1087 4463 1225 4527 ecclesiis
1257 4465 1460 4530 canonicatus
1489 4469 1519 4528 et
1537 4465 1738 4546 prebendas“

230 4574 369 4637 noscitur
391 4572 535 4640 obtinere.
563 4571 776 4650 „Litterarum
797 4569 952 4634 sciencia“
982 4567 1160 4646 „Aninione
1190 4569 1255 4629 XV
1272 4566 1336 4632 lcal.
1375 4568 1517 4634 Octobris
1541 4590 1572 4635 a.
1593 4571 1742 4650 quartat

234 4713 268 4722 -
297 4679 336 4739 In
351 4698 375 4740 e.
392 4697 433 4738 m.
461 4672 665 4756 Tynecensib)
689 4680 718 4737 et
741 4675 778 4737 de
803 4672 1009 4739 Olaratumba
1030 4673 1290 4734 monasteriorum
1313 4671 1477 4736 abbatibus
1500 4693 1538 4737 oc
1555 4675 1745 4757 praeposito

631 4779 777 4844 ecclesiae
799 4799 824 4842 s.
850 4776 993 4840 Floriani
1018 4774 1231 4841 Oacooiensis
1255 4776 1332 4840 dioc.

1133 4914 1297 4991 Aristone,
1324 4918 1407 4979 1356
1430 4915 1621 4995 Septembris
1645 4919 1696 4980 17.

367 4902 371 4962 Ι

297 4936 403 5055 ts.

361 5105 392 5159 R.
415 5108 465 5159 As.
485 5105 600 5160 131101.
619 5110 686 5158 5282
706 5135 737 5144 -
759 5110 784 5171 ³)
806 5102 964 5172 ,Suchiuilk‘
984 5105 1032 5156 Av.
1053 5103 1079 5167 b)
1099 5102 1270 5168 ‚Tinciensis‘
1290 5105 1337 5155 As.
1443 5081 1446 5087 Ι

880 5298 1087 5307 -.----
