3944 6060
732 461 797 512 reos
816 457 876 512 Juli
894 463 927 512 eo
946 488 979 498 -
998 461 1117 529 Augusti
1136 467 1159 514 9.
1637 472 1697 536 195

180 665 278 731 471.
312 665 469 747 Episcopo
491 663 747 731 Lutlsomuslensi
768 668 951 752 mandatur,
981 675 1135 753 quatenus
1157 671 1273 752 Epidio
1296 678 1371 737 nuto
1395 674 1506 738 nobilis
1527 675 1590 740 oiri
1612 679 1692 741 Her-

182 765 277 831 lordi
305 768 344 832 de
365 765 545 847 lanosum)
581 767 703 850 militis,
735 771 847 838 clerico
876 773 1050 854 Propensis
1073 774 1161 856 diac,
1195 774 1466 855 „consideracione
1485 829 1492 842 .
1511 830 1517 842 .
1537 829 1572 845 ..
1603 781 1696 846 Anne

184 873 402 936 Romanorum
422 870 690 952 imperatricis..
711 928 717 940 .
737 927 755 958 .,
786 879 956 943 asserentis
984 877 1113 941 eundem
1143 878 1273 943 militem
1301 881 1491 960 nsapistrnm
1523 884 1609 947 curie
1630 904 1695 968 sue,

167 997 243 1057 pro
264 977 334 1057 ipso
355 974 472 1057 Epidio
494 974 581 1038 uobis
604 984 638 1048 in
654 984 714 1047 loc
730 989 827 1063 parte
841 981 1005 1046 lumiliter
1019 982 1258 1064 supplicantis,“
1285 982 1323 1046 de
1344 987 1533 1050 canonicatu
1549 987 1697 1053 ecclesiae

193 1079 448 1162 Visseqradensis
479 1098 578 1161 prope
613 1075 754 1155 Propam
787 1069 844 1133 sub
873 1068 1088 1150 expectatione
1116 1068 1317 1150 praebendae
1347 1071 1509 1152 prouideri
1535 1081 1693 1156 procuret.

190 1184 351 1262 „Dipnum
365 1182 580 1246 arbitramur“
620 1176 735 1260 „Apud
764 1173 994 1238 Villamnouom
1017 1171 1242 1236 Aninionensis
1272 1173 1351 1237 dioc.
1376 1176 1451 1239 IIII
1468 1175 1532 1241 lal.
1557 1177 1696 1258 Auousti

840 1300 869 1341 a.
894 1279 1034 1359 quarto.“

235 1374 303 1492 f}
497 1466 502 1478 .
990 1412 1087 1493 epla
1119 1413 1358 1490 ratramnum,
1382 1417 1468 1482 1356
1490 1418 1575 1485 sair
1598 1424 1650 1484 29.

321 1614 352 1666 R.
372 1615 421 1666 Ar.
443 1609 556 1665 134101.
576 1614 634 1663 631.
654 1639 685 1647 -
701 1613 725 1674 ⁸)
746 1604 898 1672 ‚lanowicz‘
917 1605 965 1656 Av.

175 1999 277 2064 472.
316 1994 494 2076 anusioni
520 1993 671 2058 Garnecii
693 1991 731 2054 de
752 1989 923 2070 Florentia,
945 1987 1027 2052 laico
1051 1987 1177 2066 Prapae
1203 1990 1416 2068 commoranti,
1447 1990 1635 2069 conceditur,
1661 1996 1697 2054 ut

177 2106 347 2182 consessor
368 2099 436 2163 eius
457 2098 493 2160 in
514 2097 625 2160 mortis
648 2094 781 2159 orticello
801 2093 930 2176 plenam
952 2092 1092 2155 omnium
1111 2095 1313 2172 peccatorum
1336 2095 1550 2159 remissionem
1573 2097 1603 2159 ei
1625 2115 1696 2159 con-

180 2205 291 2270 cedere
309 2203 422 2285 possit.
471 2201 655 2284 ,stooenit“
690 2197 805 2281 „Apud
834 2196 1066 2260 Villomnouam
1099 2194 1324 2259 Aninionensis
1355 2197 1430 2260 dioc.
1464 2197 1528 2264 lcal.
1559 2199 1698 2281 Anpusti

845 2322 874 2364 a.
899 2301 1038 2382 quarto.“

256 2416 289 2458 Ξ
1159 2383 1321 2468 Asinium,
1344 2386 1431 2448 1356
1453 2386 1592 2469 Anyusli
1618 2394 1648 2454 1.

235 2520 241 2530 .
257 2482 286 2532 Χ
298 2518 305 2530 .

319 2581 350 2635 R.
369 2585 419 2634 Av.
440 2587 488 2633 133
513 2579 561 2632 fol.
579 2583 638 2631 350.

182 2758 278 2822 473.
315 2756 456 2819 Donntio
477 2753 559 2818 iuris
583 2756 778 2834 patronatus
807 2750 952 2815 ecclesiae
979 2746 1176 2828 parochialis
1206 2748 1239 2810 in
1264 2749 1406 2814 Roalrlice
1437 2751 1695 2818 Vratislaoiensis

184 2862 263 2925 dioc
292 2881 352 2941 per
375 2858 531 2942 quondam
557 2855 737 2920 Boleslaum
767 2855 874 2918 dnccm
897 2852 1030 2917 Silesiae
1059 2851 1249 2914 monasterio
1276 2853 1309 2916 in
1333 2855 1456 2919 Ludens
1480 2852 1695 2923 Cisterciensis

183 2964 308 3028 ordinis
347 2961 607 3027 Vratislaoiensis
641 2961 719 3025 dioc.
744 2959 841 3042 facta
875 2955 1101 3038 confirmatm·,·
1137 2976 1207 3019 cum
1239 2955 1368 3022 insertis
1403 2959 1519 3024 litteris
1551 2960 1695 3027 Bolcslai

184 3068 276 3132 dacis
298 3065 435 3132 Silesine
456 3069 485 3129 et
509 3064 654 3128 Nanleri
683 3064 819 3145 episcopi
849 3059 1104 3125 Vrntlslaolensis
1135 3060 1222 3124 dotis
1256 3061 1307 3125 dle
1328 3065 1346 3125 1
1366 3065 1483 3128 Martii
1504 3070 1533 3128 et
1558 3068 1577 3129 7
1600 3068 1695 3134 Junii

185 3175 281 3236 1329.
323 3169 427 3251 „Hiis‚
450 3188 508 3251 que
530 3168 565 3230 in
585 3166 866 3231 sustentaeionenr“
896 3163 1010 3248 ¹‚Apud
1041 3163 1271 3229 Villarnnonam
1306 3165 1529 3233 Aninionensis
1567 3170 1644 3237 dioc.
1672 3173 1701 3235 V

729 3270 773 3332 id.
797 3268 935 3349 Anpnsti
956 3292 985 3333 a.
1010 3270 1153 3350 qucrtd.

963 3406 1059 3488 Apud
1091 3407 1328 3484 lulannocan,
1351 3413 1438 3474 1356
1461 3409 1598 3493 Aupnsti
1620 3412 1650 3472 9.

317 3705 349 3758 R.
369 3708 418 3757 Ar.
439 3710 487 3757 132
506 3703 553 3756 fol.
573 3707 640 3756 530‘.
660 3734 693 3741 —
712 3701 763 3754 Ed.
783 3700 856 3769 apud
874 3700 999 3757 Theiner.
1019 3700 1092 3752 Mon.
1112 3700 1168 3752 Pol.
1190 3700 1202 3753 1
1221 3718 1281 3770 pag.
1301 3707 1360 3756 574.

841 3911 1042 3920 ——a

183 4089 277 4154 474.
313 4086 497 4167 Assipnutio
527 4088 570 4149 30
599 4104 780 4148 marcarum
813 4082 947 4146 Palanici
974 4083 1125 4163 ponder-is
1156 4105 1194 4148 en
1224 4084 1386 4163 fructibus
1416 4084 1566 4148 sedeciae
1596 4106 1694 4167 paro-

186 4189 301 4256 chialis
322 4189 358 4252 in
379 4188 488 4254 melia
512 4186 673 4269 (Seioluau)
691 4188 873 4270 presbytero
904 4187 1041 4250 eiusdem
1063 4187 1221 4262 eeclesiae,
1245 4209 1340 4268 quarn
1355 4189 1513 4271 qnondam
1534 4191 1693 4254 Henricus

187 4293 253 4357 due
285 4290 453 4374 Glopooiae
481 4292 586 4372 primo
616 4295 645 4354 et
667 4290 778 4355 deinde
808 4291 965 4373 qnondam
988 4291 1056 4371 filii
1089 4293 1139 4356 sni
1168 4294 1324 4356 Henricus
1353 4298 1381 4355 et
1406 4289 1570 4356 Conradus
1600 4294 1693 4357 duces

193 4395 360 4478 Glopooice
380 4395 569 4460 monasterio
599 4394 634 4458 in
655 4394 780 4458 Ludens
809 4394 1023 4463 (isterciensis
1052 4396 1174 4459 ordinis
1204 4394 1462 4461 Vrotislaviensis
1492 4396 1569 4460 dioc.
1595 4397 1693 4460 donc-

186 4506 306 4578 oemnt,
342 4504 372 4563 et
402 4498 574 4582 applicatio
604 4496 794 4575 reliquorum
817 4502 985 4577 fruetuum
1019 4500 1156 4563 eiusdem
1187 4500 1337 4564 ccclesiae
1365 4503 1386 4563 4
1421 4500 1581 4564 monachis
1616 4501 1694 4564 dicti

188 4603 373 4667 ownasterii
401 4602 606 4687 confirmatur
612 4624 625 4680 ‚·
659 4620 728 4665 curn
757 4599 885 4666 insertis
924 4602 1041 4666 litteris
1074 4603 1210 4667 Gentilis
1239 4602 1416 4684 presbyteri
1455 4603 1632 4667 cardinalis
1666 4610 1695 4668 el

190 4706 334 4771 Noukeri
362 4706 499 4789 episcopi
529 4704 796 4785 Vratislaviensis,
825 4707 911 4770 datis
941 4707 992 4770 die
1021 4709 1064 4771 29
1087 4709 1171 4771 Maii
1200 4710 1281 4770 1311
1316 4712 1346 4770 et
1375 4711 1418 4771 15
1440 4707 1565 4788 Aprilis
1598 4712 1694 4774 1330.

196 4811 292 4892 „Hiis
324 4831 383 4892 qne
406 4828 468 4891 pro
497 4808 616 4872 diuini“
652 4809 767 4891 „Apud
806 4809 1038 4874 Villamnouam
1068 4809 1290 4875 Arrinionensis
1322 4811 1398 4876 dioc.
1435 4814 1464 4873 V
1490 4812 1533 4878 id,
1559 4811 1697 4893 Aupusti

841 4935 870 4978 a.
895 4918 1040 4996 quor·t0“.

236 5053 328 5104 .XL.
962 5053 1057 5133 Apud
1088 5053 1324 5132 Villamnooam,
1351 5056 1434 5118 1356
1457 5054 1596 5135 Anpusti
1618 5058 1649 5118 9.

315 5238 348 5292 R.
367 5243 418 5292 Av.
438 5237 641 5294 13210153ιὶ
663 5270 692 5277 ··
712 5240 762 5293 Ed.
782 5241 855 5309 apud
874 5239 999 5306 Theiner,
1021 5244 1093 5295 Mon.
1113 5242 1169 5296 Pol.
1191 5245 1201 5296 1
1221 5260 1281 5312 pag.
1302 5248 1360 5295 573.
