3944 6060
234 415 296 480 120
834 410 904 464 Acts
920 407 1073 463 iunocentii
1092 407 1138 461 vl.

232 621 323 688 290.
355 619 493 703 Wolflino
515 618 699 685 Meinliardi
721 624 752 683 et
772 617 886 683 Annae
906 618 974 681 eius
985 618 1087 691 uxori,
1110 617 1227 681 civibtrs
1243 615 1464 698 Propensibus,
1488 616 1678 698 indulpelur,
1701 621 1737 680 ut

230 725 391 810 consessor
413 744 518 788 eorum
539 723 575 787 in
595 724 708 787 mortis
730 723 864 788 articulo
889 722 1019 804 plenam
1049 722 1187 784 omnium
1214 726 1413 802 peccatorum
1446 721 1660 786 remissionem
1691 721 1737 785 eis

356 828 521 893 concedere
538 830 649 910 possit.
677 829 858 911 ,Provenit“
889 826 1065 905 ,Aninione
1085 823 1149 888 kal.
1174 824 1358 889 Nouembris
1382 844 1411 891 a.
1434 826 1598 890 secundo“.

1159 963 1320 1041 Arinione,
1344 964 1431 1027 1354
1453 962 1638 1028 Nouembris
1664 968 1691 1029 1.

363 1157 393 1211 R
413 1159 462 1211 Ar.
483 1160 532 1210 128
550 1157 598 1210 fol.
617 1162 676 1223 ⁶77,
694 1156 726 1209 R.
746 1156 806 1209 Vnt.
824 1160 875 1208 227
895 1154 942 1210 Iol.
961 1160 1019 1208 326.

232 1558 322 1625 291.
349 1557 480 1624 Carolus
506 1559 718 1622 Romanorum
740 1561 769 1620 et
792 1556 962 1619 Boliemiae
984 1575 1042 1620 reo
1070 1555 1238 1638 supplicat,
1268 1559 1423 1635 quatenus
1445 1555 1598 1635 mapistro
1631 1556 1733 1619 Reim

232 1663 330 1738 bold)
353 1662 471 1727 medico
493 1682 549 1726 suo
571 1661 775 1724 thesauraria
799 1660 946 1724 ecclesiae
978 1659 1210 1724 Wormatiensis
1240 1664 1313 1722 tunc
1342 1679 1462 1723 vacans
1491 1658 1674 1742 conferatur
1707 1665 1736 1722 et

233 1768 261 1829 ei
283 1765 321 1829 de
353 1767 543 1831 canonicatu
571 1764 720 1829 ecelesiae
741 1765 901 1845 Spirensis
917 1764 973 1828 sub
988 1764 1200 1846 expectatione
1214 1762 1413 1846 praebendae
1434 1764 1650 1847 provideatur,
1674 1783 1736 1826 non

231 1871 381 1948 obstante,
413 1871 494 1952 quod
524 1871 744 1934 canonicatum
774 1873 804 1932 et
826 1868 1039 1950 praebendam
1071 1868 1217 1933 ecclesiae
1265 1868 1498 1932 Wormatiensis
1531 1872 1559 1931 et
1590 1867 1736 1950 parocbi-

232 1975 314 2040 alem
337 1975 498 2040 ecclesiam
520 1977 555 2040 in
581 1977 671 2038 Luna
699 1975 870 2052 Propensis
893 1972 969 2038 dioc.
993 1973 1116 2037 obtinet.
1144 1973 1238 2053 ,Fiat
1262 1972 1301 2036 (l.
1328 1974 1369 2036 Et
1390 1974 1472 2054 quod
1494 1977 1638 2037 transeat
1669 1973 1737 2037 sine

360 2079 428 2144 alia
450 2079 592 2153 leccione,
616 2080 691 2143 Fiat
716 2079 774 2143 G.“
804 2077 977 2159 ,Aninione
1002 2078 1074 2140 IIII
1091 2096 1160 2141 non.
1186 2076 1369 2141 Novembris
1393 2097 1421 2139 a.
1446 2077 1609 2141 secundo“.

1159 2213 1320 2298 damiane,
1347 2216 1429 2278 1354
1452 2213 1639 2280 Novembris
1663 2216 1692 2278 2.

362 2406 393 2461 R.
412 2406 508 2477 Sappl.
527 2412 569 2471 25,
589 2420 654 2475 pers
673 2404 698 2457 II
717 2404 763 2459 tol.
783 2409 833 2459 78⁴.
852 2433 885 2442 —
908 2405 933 2470 ²)
952 2403 1101 2471 ,Remboto‘
1120 2405 1215 2474 Suppl.

234 2790 322 2857 292.
347 2788 464 2853 Abbati
478 2788 663 2851 monasterii
689 2787 883 2852 Trebecensis
906 2792 934 2849 et
954 2789 1136 2870 praeposito
1151 2786 1189 2850 de
1208 2769 1280 2850 isac
1296 2787 1446 2868 (Reuscl)
1464 2807 1500 2849 ac
1515 2785 1737 2853 archidiacono

234 2895 410 2957 Znoimensi
431 2893 613 2976 mandatur,
637 2897 788 2970 quatenns
806 2892 941 2956 audiant
963 2897 992 2953 et
1008 2891 1153 2955 decidant
1175 2909 1307 2955 causam
1330 2893 1411 2956 inter
1443 2890 1599 2956 I'oislaum
1622 2894 1740 2957 Jacobi

233 3001 384 3060 rectorem
406 2996 546 3078 capellae
569 2997 602 3059 in
625 2995 771 3076 Spilberp
790 2999 820 3057 et
843 2995 1037 3059 abbatissam
1071 3001 1100 3059 et
1122 3001 1303 3059 conuentum
1333 2996 1517 3059 monasterii
1551 3017 1576 3060 s.
1609 2998 1739 3062 Mariae

233 3101 267 3163 in
291 3100 433 3180 Antiqua
455 3098 591 3162 Brunna
621 3097 834 3162 Cisterciensis
868 3100 989 3162 ordinis
1017 3119 1111 3180 super
1141 3099 1245 3178 terris,
1273 3101 1529 3182 possessionibus,
1564 3100 1677 3166 debitis
1710 3107 1740 3166 et

233 3204 324 3266 rebus
347 3204 422 3267 aliis
446 3202 629 3266 addictam
653 3201 808 3284 capellam
831 3204 1042 3285 spectantibus
1069 3208 1181 3268 ortam.
1228 3204 1437 3285 ,Conquestus
1467 3204 1531 3268 est“
1563 3204 1741 3284 „Aninione

551 3326 621 3370 uon.
646 3305 830 3370 Novembris
849 3307 1058 3389 pontificatus
1080 3308 1180 3371 nostri
1202 3330 1231 3372 a.
1255 3309 1418 3372 secundo“.

1160 3445 1323 3521 Acinione,
1347 3445 1434 3511 1354
1456 3433 1641 3512 Novembris
1663 3401 1714 3513 5.ι

364 3631 413 3685 Ed.
433 3631 506 3701 apud
525 3632 636 3692 Brandl,
655 3632 720 3685 Cod.
740 3632 805 3701 dipl.
825 3633 894 3686 Mor.
913 3632 978 3686 VIII
996 3648 1057 3701 pag.
1077 3639 1135 3691 227.

236 4035 325 4099 293.
352 4031 538 4097 Cerbardus
560 4037 656 4096 uatus
679 4033 809 4095 Henrici
832 4033 952 4095 comitis
982 4033 1019 4096 de
1052 4032 1278 4113 *iclinareburp
1291 4042 1329 4109 ⁸),
1356 4032 1461 4098 Caroli
1479 4036 1689 4098 Romanorum
1711 4041 1742 4101 et

236 4138 405 4201 Bolentiae
428 4138 510 4216 repis
523 4136 708 4218 capellanus
731 4138 916 4200 domesticus
938 4137 1126 4215 cotidianus
1154 4137 1324 4218 supplicat,
1349 4144 1501 4218 quatenns
1517 4138 1579 4203 sibi
1593 4138 1631 4203 de
1641 4161 1740 4223 prae-

229 4243 377 4323 positura
409 4241 525 4304 Veteris
549 4240 689 4320 capellae
716 4242 954 4322 Ilatisponensis
988 4246 1017 4303 et
1040 4241 1076 4302 de
1098 4242 1284 4305 canonicatu
1314 4241 1370 4305 snb
1403 4243 1615 4326 expectatione
1639 4266 1740 4327 prae·

231 4344 350 4408 bendae
372 4345 517 4409 ecclesiae
542 4344 791 4425 Barnberpensis,
826 4345 919 4423 „quia
946 4345 1183 4427 preposituram
1206 4346 1310 4426 ipsam
1332 4346 1438 4410 nullus
1471 4347 1537 4412 nisi
1569 4350 1743 4416 eanonicus

230 4448 357 4514 ecclesie
382 4448 620 4532 Bamberpensis
642 4448 796 4511 consuerit
818 4448 960 4525 babere“,
982 4449 1196 4532 provideatur,
1235 4469 1313 4530 ,non
1344 4451 1495 4531 obstante,
1520 4453 1600 4531 quod
1633 4453 1741 4519 dictim

236 4552 424 4619 Gerlardus
445 4554 479 4616 in
506 4550 721 4633 Herbipolensi
744 4554 962 4616 canonicatum
997 4558 1026 4615 et
1044 4551 1258 4635 praebendam
1282 4552 1406 4625 babeat,
1431 4558 1463 4620 in
1486 4556 1742 4639 Nuemburpensi

235 4658 453 4720 canonicatum
476 4655 592 4719 lrabeat
614 4659 643 4718 et
661 4655 877 4737 praebendam
901 4658 1076 4739 acceptavit
1104 4662 1133 4719 et
1160 4658 1193 4719 iu
1223 4656 1446 4739 Arpentrnensi
1481 4661 1616 4726 eccksiis
1646 4683 1740 4728 cano·

235 4760 376 4824 nicatum
398 4767 452 4822 suo
476 4762 690 4842 expectatione
720 4759 897 4842 prebendae
930 4760 1097 4824 obtinenl‘.
1126 4798 1161 4805 -
1191 4762 1285 4840 „blot
1319 4765 1356 4828 (l.
1393 4765 1467 4828 Sine
1497 4764 1565 4829 alia
1597 4765 1740 4834 leccione.

505 4865 578 4927 Fiat
605 4864 660 4929 G.“
693 4865 876 4942 ,Aninione
912 4866 970 4929 Vll
991 4865 1034 4928 id.
1060 4865 1244 4929 Nouembris
1268 4890 1297 4931 a.
1322 4869 1483 4932 secundo“.

1164 5007 1325 5084 Aoinione,
1351 5009 1434 5071 1354
1457 5007 1643 5072 Novembris
1666 5011 1695 5074 7.

367 5190 396 5242 II.
417 5190 511 5258 Sappl.
531 5195 564 5240 ‘25
583 5206 646 5258 pinse
659 5192 684 5243 II
699 5189 746 5242 tol.
766 5197 806 5243 84.
832 5223 855 5230 —
879 5192 1108 5261 11)‚Swaronburg‘
1127 5193 1221 5262 Suppl.
1244 5225 1274 5233 -
1293 5197 1418 5264 Inmarg.
1432 5197 1520 5249 dext:
1539 5197 1600 5263 ,Pro
1613 5202 1737 5253 enmerd.

884 5387 1090 5396 ———-
