3944 6060
234 428 296 492 188
832 428 902 480 Acta
922 426 1076 481 Innocentii
1093 427 1139 480 Vl.

232 634 337 699 benda
356 633 492 716 predicti
516 639 659 716 ternpore
683 634 917 715 acceptacionis
939 639 974 698 et
996 635 1186 716 provisionis
1201 635 1381 700 huiusmodi
1398 635 1517 700 16611111
1533 634 1748 718 dispositioni

233 737 408 819 apostolice
432 739 597 821 reservati,
624 745 720 819 teque
745 756 840 821 posse
864 746 1034 821 propterea
1057 756 1154 821 super
1176 739 1224 803 eis
1246 739 1453 821 imposterum
1475 738 1652 819 molestari,
1685 755 1749 803 nos

232 841 378 905 volentes
401 847 434 905 tc
453 894 460 905 .
481 895 487 906 .
508 894 541 907 ..
576 841 684 908 favore
720 843 869 923 prosequi
903 843 1009 925 gracie
1040 843 1189 925 specialis
1340 842 1484 907 volumus
1508 849 1542 906 et
1564 843 1751 925 apostolica

231 943 292 1009 tibi
314 946 507 1010 auctoritate
531 945 742 1027 concedimus,
766 947 849 1026 quod
872 947 1053 1029 aoceptaoio
1077 955 1110 1012 et
1132 947 1272 1030 provisio
1294 947 1440 1029 predicte
1463 952 1498 1012 et
1520 947 1584 1010 alia
1599 947 1677 1012 inde
1695 964 1750 1011 se·

232 1054 307 1113 outa
329 1049 463 1130 perinde
488 1070 507 1114 a
530 1051 606 1114 data
628 1050 831 1131 presencium
853 1051 983 1115 valeant
1005 1050 1195 1133 plenamque
1218 1050 1341 1116 roboris
1364 1049 1549 1114 firmitatem
1565 1050 1749 1132 obtineant,

232 1171 269 1217 ac
293 1153 320 1217 si
344 1152 384 1218 de
408 1154 502 1218 dictis
526 1154 714 1219 canonicatu
748 1161 782 1221 et
803 1155 967 1237 prebenda
999 1153 1088 1219 nulla
1110 1172 1168 1236 per
1197 1172 1254 1219 nos
1278 1154 1428 1236 specialis
1450 1155 1633 1221 reservacio
1656 1152 1750 1218 iacta

232 1256 317 1322 foret
336 1310 343 1321 .
363 1307 369 1318 .
391 1308 424 1322 ..
460 1258 497 1321 D.
523 1258 608 1339 apud
630 1258 863 1323 Villamuouam
887 1259 1112 1325 Auinioneusis
1135 1259 1216 1325 dioc.
1240 1257 1305 1323 Illl
1328 1259 1371 1322 id.
1395 1258 1474 1322 Julii
1496 1277 1523 1321 a.
1548 1263 1676 1339 quarto.

363 1444 931 1514 R.Av.1aas01.oaa¹.-m00r1r'gez
959 1446 1081 1509 ,Lutica‘.
1100 1476 1133 1485 --
1160 1447 1192 1520 ln
1221 1446 1332 1500 Collect.
1353 1447 1442 1499 Alam.
1462 1445 1542 1500 4161.
1571 1444 1641 1500 7116
1661 1445 1750 1500 colla·

232 1531 307 1585 tione
326 1531 502 1586 canonicatus
530 1539 557 1585 et
575 1531 748 1601 praebendae
766 1532 900 1587 acclesiae
927 1533 1103 1601 supradictae
1126 1533 1241 1587 Nicolao
1266 1531 1301 1587 de
1324 1533 1411 1586 Liticz
1430 1532 1549 1599 (Lucina)
1568 1532 1621 1586 sub
1646 1532 1751 1587 eodem

232 1617 297 1673 dato
316 1618 416 1672 11161116
435 1618 554 1685 111166.
574 1619 648 1688 apud
667 1619 775 1685 Kirsch,
792 1621 920 1674 Annaten
938 1621 951 1673 1
970 1636 1030 1690 pag.
1051 1624 1103 1686 66.)

229 2001 322 2068 451.
344 1999 491 2065 Matutae
520 1997 694 2064 tlbdaotar
715 2004 920 2080 conferuntur
941 2003 1145 2065 canonicatus
1167 2005 1198 2064 ct
1215 2000 1399 2083 praebenda
1421 2001 1567 2065 cadmiae
1598 1997 1742 2080 Mando·

232 2105 404 2188 carpensis,
416 2124 491 2185 quos
497 2126 559 2187 per
573 2125 606 2168 se
620 2105 725 2187 ipsum
740 2124 809 2168 cum
826 2104 1007 2186 Bobussio)
1020 2106 1058 2170 de
1075 2102 1295 2186 Pardubioal),
1310 2104 1366 2186 qui
1382 2103 1550 2167 Datlenum
1559 2107 1585 2185 ο)
1600 2102 1751 2168 Stormer

232 2208 417 2272 canonicum
440 2206 658 2274 Caminensem
673 2213 914 2290 procuratorem
934 2229 1026 2274 amm
1048 2209 1092 2274 ad
1106 2210 1163 2273 noc
1183 2206 1364 2291 specialiter
1377 2205 1547 2286 constitnit,
1565 2226 1628 2289 pro
1651 2227 1752 2272 cano·

234 2312 343 2376 nicatu
377 2316 408 2377 et
426 2312 609 2395 momenta
641 2312 788 2377 cottanae
824 2313 1047 2391 Olomucensis,
1080 2312 1293 2395 permutauit,
1327 2330 1390 2375 non
1422 2309 1629 2393 obstantibus,
1661 2311 1751 2392 quoa

232 2437 328 2500 super
350 2419 540 2482 canonicatu
561 2422 591 2481 et
608 2417 792 2500 praebenda
815 2418 964 2482 acdesiae
984 2437 1010 2480 s.
1033 2416 1124 2480 Petri
1145 2416 1179 2480 in
1207 2415 1340 2478 Brunna
1365 2412 1580 2478 Olomucensis
1610 2413 1689 2478 dioc
1714 2435 1751 2479 ae

234 2521 350 2585 asseoa't
370 2520 507 2601 litipare.
557 2520 751 2603 „Apostotioe
772 2522 877 2586 661116*
906 2521 1023 2604 „Apud
1053 2519 1284 2586 Villamnouam
1317 2514 1541 2582 Auinionenso's
1565 2517 1644 2582 dioc.
1668 2516 1745 2584 IIII

233 2623 277 2688 td.
300 2623 385 2691 Jntot
408 2644 437 2689 a.
461 2627 604 2705 quarto.“
628 2663 669 2673 -
694 2627 733 2690 ln
755 2647 780 2690 e.
803 2647 844 2689 m.
862 2625 1047 2708 praeposito
1077 2623 1259 2688 Lubicensis
1281 2627 1311 2685 et
1332 2623 1490 2686 samistoa
1520 2622 1750 2686 Aninionensis

650 2750 688 2793 ac
708 2728 894 2794 scholastico
917 2728 1098 2793 Branensis
1120 2725 1331 2791 eulasiarum.

926 2876 927 2879 ’
1045 2866 1142 2948 Apud
1173 2863 1410 2945 Vittamnooam,
1434 2863 1519 2926 1356
1540 2862 1626 2930 Jutia'
1650 2862 1703 2928 12.

366 3054 398 3109 R
416 3056 466 3108 Av.
487 3054 602 3109 134161.
622 3057 690 3123 231',
710 3086 741 3094 -
765 3066 790 3121 ι1
809 3054 948 3120 ,Bohucio‘
967 3058 1025 3120 Aa,
1045 3056 1071 3121 b)
1090 3052 1264 3120 ‚Porduwicz‘
1282 3054 1341 3117 Ar,
1362 3057 1387 3117 ο)
1406 3050 1569 3117 ,Derlenem‘
1587 3052 1639 3104 Av.

234 3435 326 3501 458.
351 3433 509 3500 Booussio
531 3436 568 3499 cte
592 3437 772 3501 Pardubioa
793 3441 1000 3516 conferuntur
1022 3436 1226 3500 canonicatus
1249 3439 1278 3497 ot
1296 3433 1482 3516 praebenda
1503 3433 1655 3498 6661611166
1673 3432 1749 3498 Olo-

910 3560 1074 3605 mucensas.

286 3660 394 3782 ᾗ
1240 3675 1406 3753 Aornum,
1429 3675 1515 3739 1356
1537 3674 1624 3743 ouo
1646 3678 1702 3738 12.

367 3869 404 3931 Ι).
429 3869 448 3931 1.
474 3869 616 3933 Bobucio
639 3870 679 3933 de
704 3869 884 3933 Porduvvicz
919 3869 1068 3933 canonico
1092 3867 1295 3933 Olomucensi
1319 3867 1456 3931 salutem
1472 3871 1533 3929 etc.
1558 3865 1747 3947 Apostolice

236 3971 323 4035 sedis
342 4022 348 4035 .
370 4024 375 4034 .
396 4021 429 4034 ..
455 3972 533 4035 Cum
555 3974 664 4052 itaque
680 3991 782 4054 nuper
805 3979 840 4036 tu
863 3990 921 4054 per
944 3973 972 4036 d.
997 3972 1018 4035 1.
1043 3972 1245 4051 1)6116116111·)
1270 3969 1411 4035 Stormer
1433 3968 1617 4033 canonicum
1641 3968 1748 4035 Cami-

237 4092 376 4154 nensem,
399 4083 636 4156 procuratorem
661 4083 748 4140 tuum
774 4077 814 4139 ad
837 4076 896 4141 boc
931 4076 1114 4157 specialiter
1148 4075 1365 4154 constitutum,
1401 4073 1688 4155 Magdebnrgensis
1713 4081 1749 4139 et

238 4180 268 4243 d.
291 4178 311 4242 1.
337 4178 476 4242 Mathias
499 4179 678 4243 Wodachar
701 4198 758 4261 per
782 4198 816 4244 se
839 4181 942 4262 ipsum
977 4178 1197 4244 Olomucensis
1231 4179 1437 4242 ecclesiarum
1472 4176 1678 4241 canonicatus
1714 4185 1751 4242 61

237 4284 427 4365 prebendas,
452 4301 530 4363 quos
553 4290 628 4347 tunc
651 4284 853 4366 obtinebatis,
879 4283 1043 4365 cupientes
1066 4282 1139 4348 illos
1161 4302 1201 4347 ax
1225 4284 1321 4346 certis
1355 4281 1460 4346 causis
1494 4280 1747 4346 racionabilibus

236 4387 372 4450 invicem
394 4394 584 4470 permutare,
599 4388 789 4452 inmanibus
812 4407 882 4452 ven.
905 4387 942 4452 fr.
960 4386 1113 4468 Stephani
1129 4386 1359 4468 archiepiscopi
1376 4384 1557 4466 1116166611,
1575 4384 1748 4450 camerarii

239 4491 351 4573 nostri,
374 4490 529 4555 duxeritis
553 4510 592 4555 ex
616 4510 712 4556 causa
737 4491 982 4574 permutacionis
1005 4490 1185 4558 huiusmodi
1197 4491 1281 4572 apud
1305 4490 1422 4553 dictam
1445 4489 1553 4552 sedem
1576 4486 1678 4553 libere
1695 4506 1750 4552 ra·

236 4595 417 4677 signandos,
441 4595 608 4676 dictusque
632 4596 889 4678 archiepiscopus
911 4595 1148 4676 resignationes
1170 4594 1351 4658 huiusmodi
1375 4593 1459 4675 apud
1490 4592 1607 4656 dictam
1635 4592 1751 4658 sedem

238 4697 402 4761 admiserit
425 4699 464 4762 de
489 4700 621 4780 speciali
643 4701 792 4764 mandato
816 4706 924 4764 nostro
947 4698 1031 4763 iacto
1066 4699 1126 4762 sibi
1160 4716 1257 4780 super
1290 4698 1349 4762 hoc
1384 4697 1510 4761 oraculo
1545 4696 1616 4760 vive
1651 4697 1751 4777 vocis,

236 4819 294 4865 uos
317 4802 400 4865 votis
423 4803 487 4866 tuis
511 4804 654 4868 volentes
678 4823 817 4868 annuere
841 4804 1060 4868 favorabiliter
1082 4804 1115 4866 in
1137 4802 1197 4867 hac
1220 4810 1321 4884 parte,
1347 4802 1450 4867 dictos
1473 4801 1699 4865 canonicatum
1716 4809 1751 4866 et

236 4906 430 4987 prebendam
454 4907 556 4989 ipsius
579 4909 714 4972 ecclesie
739 4907 959 4973 Olomucensis
989 4926 1046 4989 per
1080 4907 1259 4972 huiusmodi
1293 4906 1544 4988 resignaciouem
1580 4913 1748 4989 vacantes,

237 5010 367 5074 eciamsi
392 5014 594 5079 canonicatus
617 5019 651 5077 et
674 5014 836 5094 prebenda
865 5013 1002 5094 predicti
1032 5012 1151 5076 fuerint
1181 5011 1346 5075 collacioni
1381 5009 1553 5092 apostolice
1579 5010 1751 5092 reservati,

239 5117 524 5200 ·...apostolica
547 5118 605 5182 tibi
628 5118 820 5182 auctoritate
844 5118 1034 5182 conferimus
1058 5123 1092 5180 et
1126 5117 1165 5179 de
1200 5115 1263 5179 illis
1287 5116 1388 5178 eciam
1422 5113 1652 5198 providemus.
1673 5160 1680 5174 .
1701 5162 1750 5199 ..,

238 5241 300 5287 uon
324 5222 551 5288 obstantibus.
574 5270 646 5298 ...‚
670 5222 754 5302 quod
776 5221 1097 5287 inLutbomericensi
1133 5220 1301 5302 Pragensis
1336 5220 1415 5284 dioc.
1451 5217 1689 5301 preposituram
1713 5228 1750 5286 et

235 5327 270 5391 in
307 5327 459 5409 Progensi
496 5326 642 5391 ecclesiis
680 5327 898 5391 canonicatum
937 5333 970 5389 61
1007 5325 1200 5406 prebendam
1246 5324 1387 5389 nosceris
1426 5323 1581 5389 obtinere.
1627 5322 1749 5390 Nostro
