3944 6060
229 384 293 447 436
837 381 906 431 Actu
926 376 1081 432 innocentii
1101 377 1150 431 VI.

230 595 341 654 secnta
364 588 535 670 dignemini
559 589 744 652 confirmare
769 586 819 650 vel
842 586 903 652 sibi
925 587 966 652 de
989 585 1062 669 ipsa
1084 585 1221 650 ecclesia
1232 586 1409 652 secundum
1420 585 1577 668 premissa
1592 592 1746 667 vacante,

230 693 329 757 eciam
353 692 381 758 si
403 693 472 756 cius
496 692 626 756 collacio
649 691 746 755 luerit
769 691 809 755 ad
832 690 940 756 sedem
964 689 1169 772 apostoHcam
1193 690 1353 772 devoluta,
1379 689 1418 754 de
1452 706 1533 755 novo
1556 689 1745 772 providere,

231 801 286 860 aiut
309 795 465 879 eciam[si]
482 794 578 860 luerit
593 795 662 859 sedi
678 793 851 878 apostolice
866 799 1038 873 reservata,
1063 811 1196 874 eumque
1220 792 1394 876 Nicolaum,
1417 793 1445 858 si
1467 793 1601 874 indiget,
1626 792 1745 859 habili·

231 908 311 975 tare,
345 919 415 963 cum
449 906 579 983 paratus
613 900 656 964 sit
690 900 729 964 de
764 898 920 963 fructibus
953 915 1012 980 per
1044 915 1117 961 eum
1151 897 1294 962 indebite
1327 897 1489 980 perceptis
1512 915 1583 962 cnm
1608 915 1746 963 camera

231 1002 286 1068 Sl·
305 1003 357 1067 Vf⁶
383 1003 582 1085 concordare,
598 1022 668 1067 cum
691 1002 842 1066 clausulis
865 1007 900 1067 et
921 1020 983 1068 non
1006 1001 1205 1066 obstantibus
1236 1001 1445 1084 oportunis0).

359 1107 564 1172 Sanctissime
596 1113 699 1190 pater,
734 1104 905 1188 dignemini
938 1123 1047 1171 ornnes
1077 1112 1112 1169 et
1133 1106 1275 1187 singulas
1298 1105 1550 1188 supplicaciones
1573 1125 1639 1173 non
1668 1125 1745 1172 can-

231 1214 371 1293 cellatas,
410 1217 444 1276 et
480 1211 541 1275 nisi
573 1211 670 1276 fuerit
701 1210 796 1275 alteri
825 1208 875 1273 ius
898 1209 1067 1290 quesitum,
1091 1209 1217 1292 signare
1241 1215 1284 1288 et,
1315 1216 1411 1292 prout
1432 1211 1562 1294 petitur,
1584 1212 1744 1292 mandare

231 1315 389 1400 expediri.

361 1419 433 1484 Fiat
457 1418 493 1483 G.
519 1419 562 1483 Et
580 1418 648 1482 sine
672 1417 822 1482 leccione.
850 1416 924 1481 Fiat
946 1417 985 1481 G.

361 1524 397 1587 D.
422 1523 505 1604 apud
528 1522 758 1586 Villamnouam
782 1520 1009 1586 Aninioncnsis
1032 1521 1157 1587 dioc.V
1181 1522 1242 1586 kal.
1266 1522 1344 1587 dulii
1368 1541 1394 1589 a.
1420 1528 1540 1589 octavo.

362 1709 797 1779 R.Suppl.31iol.170-172‘.
838 1739 864 1747 -
888 1716 912 1772 ι)
949 1710 980 1762 1ιι
999 1724 1083 1778 marg.
1102 1709 1191 1764 dext:
1226 1725 1285 1779 ,pro
1304 1716 1429 1765 camera‘.
1447 1711 1551 1766 Eadem
1571 1713 1744 1782 supplicatio

242 1819 259 1853 ιι
279 1800 343 1853 Call.
364 1799 452 1851 Alam.
478 1803 528 1851 292
548 1797 595 1852 iol.
614 1799 655 1851 26’
673 1797 817 1865 reperitur¹
838 1795 900 1861 (Ed.
919 1797 992 1865 apud
1011 1796 1129 1860 Kirsch,
1149 1800 1278 1851 Annaten
1297 1798 1309 1849 l
1329 1814 1389 1867 pag.
1408 1803 1458 1852 286
1477 1815 1517 1853 nr.
1539 1804 1610 1864 144.)
1647 1798 1674 1865 b)
1711 1801 1742 1854 In

233 1902 314 1955 marg.
335 1885 422 1939 dext:
440 1901 499 1953 ,pro
518 1887 640 1938 camera‘.
663 1883 764 1938 Eadem
784 1882 948 1952 snpplicatio
967 1884 995 1938 in
1014 1883 1081 1938 (loll.
1101 1885 1190 1938 Alam.
1219 1891 1268 1938 292
1288 1885 1336 1939 fol.
1354 1887 1396 1939 27³
1414 1885 1557 1956 reperitur.
1584 1886 1646 1956 (Ed.
1666 1888 1742 1957 apud

234 1963 341 2041 Kirsch,
360 1974 487 2026 Annaten
505 1972 514 2024 1
535 1988 597 2041 pag.
615 1976 665 2024 287
683 1986 724 2024 nr.
745 1977 814 2024 1471
833 1974 857 2036 c)
876 1971 908 2024 1ιι
928 1986 1011 2040 marg.
1031 1971 1121 2025 dext:
1157 1987 1215 2039 ,pro
1234 1974 1358 2027 camera‘.
1393 1971 1497 2027 Eadem
1522 1971 1696 2043 supplicatio
1714 1976 1742 2029 iu

232 2061 299 2115 (loll.
319 2059 406 2114 Alam.
425 2066 475 2114 292
496 2058 542 2114 iol.
562 2060 603 2114 δι’
622 2059 767 2127 reperitur.
788 2057 840 2126 (Ed
860 2058 934 2128 apud
952 2057 1060 2127 Kirsch,
1078 2061 1206 2114 Annaten
1226 2060 1238 2112 I
1257 2074 1317 2128 pag.
1337 2066 1387 2115 292
1397 2076 1437 2114 nr.
1457 2064 1527 2129 167.)

233 2447 349 2514 1092.
374 2442 451 2509 Oura
474 2444 606 2508 Nicolao
629 2443 760 2506 Hearicl
782 2443 819 2506 dc
843 2442 966 2522 Hobcry
988 2441 1190 2522 dispensatur
1212 2462 1305 2525 snper
1327 2441 1541 2507 inhabilitatis
1564 2444 1742 2530 maadact

481 2547 663 2621 ricandatan
686 2550 722 2609 al
736 2545 952 2627 parochialem
973 2545 1136 2610 ιοάοεὶαιιι
1158 2545 1193 2609 ia
1218 2545 1329 2611 Ostroo
1352 2545 1504 2611 dimittat.

278 2685 400 2751 Gratis.
1026 2682 1122 2766 Apud
1152 2682 1390 2763 Villamnocam,
1418 2685 1502 2752 1360
1523 2686 1620 2753 Junci
1641 2687 1695 2752 27.

363 2878 401 2940 D.
425 2876 445 2938 l.
470 2875 600 2939 Nicolno
624 2874 755 2939 Henrici
780 2876 819 2938 de
842 2873 972 2955 Hoberg
994 2873 1109 2938 clerico
1134 2874 1305 2939 blisnensis
1329 2874 1408 2940 dioc.
1433 2876 1567 2941 salutern
1589 2882 1653 2942 etc.
1667 2877 1741 2945 Pro-

232 2981 342 3045 bitatis
365 2984 399 3043 et
420 2979 624 3043 virtutum..
645 3029 650 3040 .
671 3029 677 3041 .
716 2977 872 3042 Exhibita·
902 2978 1057 3058 siquidem
1088 2979 1178 3044 nobis
1212 2984 1268 3042 tua
1290 2979 1408 3060 peticio
1431 2979 1625 3060 continebat,
1656 2983 1742 3063 quod

232 3084 307 3148 olim
331 3082 523 3165 parrochiali
546 3081 682 3146 ccclesia
715 3081 748 3144 in
783 3082 906 3146 Ostran
931 3081 1114 3164 ‘Pragensis
1147 3082 1238 3163 dioc,
1263 3079 1355 3162 quarn
1387 3083 1543 3164 qnondam
1566 3083 1742 3150 Ekhardns

233 3189 336 3253 dictus
359 3186 485 3252 Ekhart
500 3187 540 3251 de
563 3185 724 3267 Turingia
749 3186 879 3250 ultimus
902 3190 1008 3251 rector
1041 3186 1195 3267 eiusdem,
1231 3186 1304 3249 dum
1328 3186 1460 3270 viveret,
1485 3188 1662 3268 obtinebat,
1683 3208 1744 3272 per

232 3292 352 3358 obitum
374 3291 475 3373 ipsius
499 3289 649 3370 bilhardi,
673 3289 726 3370 qui
750 3294 842 3353 extra
864 3289 1035 3354 Romanam
1060 3289 1178 3354 curiam
1202 3290 1351 3373 decessit,
1368 3296 1511 3374 vacante,
1535 3343 1542 3356 .
1562 3341 1571 3358 .
1590 3341 1596 3354 .
1618 3345 1625 3358 .
1644 3294 1742 3359 abba-

232 3396 312 3459 tissa
334 3402 368 3460 et
389 3400 562 3460 conventus
596 3393 781 3458 monasterii
800 3392 898 3457 Vallis
929 3411 954 3456 s.
978 3393 1079 3457 Mane
1103 3411 1201 3476 prope
1236 3392 1490 3478 llyiridisdorf‚·)
1514 3394 1743 3463 cistarciensis

233 3498 353 3565 ordinis
383 3498 468 3563 dicte
502 3498 593 3575 dioc,
625 3497 665 3561 ad
702 3515 780 3577 quas
815 3497 1015 3578 presentatio
1049 3499 1182 3562 rectoris
1214 3497 1298 3562 dicte
1328 3499 1464 3563 ecclesie
1488 3499 1528 3564 de
1552 3502 1686 3584 antiqua
1709 3508 1745 3569 et

227 3603 407 3685 'approbata
439 3601 668 3666 consuetudine
703 3600 852 3681 pertinet,
888 3604 920 3663 te
955 3617 1025 3663 ven.
1056 3599 1094 3664 fr.
1117 3607 1227 3666 nostro
1261 3601 1499 3685 archiepiscopo
1522 3603 1677 3686 Pragensi
1702 3607 1743 3670 ad

234 3705 351 3779 dictam
374 3705 543 3769 ecclesiam
567 3708 803 3786 presentarunt,
827 3703 973 3784 idemque
996 3703 1255 3787 archiepiscopus
1278 3707 1320 3771 ad
1342 3707 1617 3788 presentacionem
1630 3708 1742 3774 huius·

233 3809 317 3873 modi
340 3814 372 3872 te
389 3809 421 3873 in
445 3815 600 3874 rectorem
623 3808 764 3873 institnit
787 3807 923 3872 ecclesie
948 3808 1155 3888 antedicte1),
1180 3828 1217 3873 ac
1240 3815 1275 3873 tu
1297 3809 1405 3892 vigore
1428 3811 1685 3892 presentacionis
1709 3818 1744 3878 et

233 3913 447 3977 institucionis
470 3912 650 3977 huiusmodi
688 3912 804 3976 dictam
835 3911 1003 3976 ecclesiam
1036 3911 1127 3978 fuisti
1145 3914 1310 3978 canonice
1341 3921 1508 3979 assecutus
1531 3921 1660 3981 eteam
1684 3935 1745 4000 per

234 4035 348 4080 anirum
371 4023 404 4079 et
427 4016 512 4080 ultra
535 4017 678 4093 tenuisti,
714 4022 808 4097 prout
840 4022 943 4098 tenes,
978 4016 1108 4098 pacifice
1143 4023 1177 4081 et
1199 4017 1317 4097 quiete,
1351 4016 1474 4082 fructus
1496 4019 1679 4103 percipiens
1702 4039 1743 4086 ex

234 4120 355 4201 eadem,
380 4120 420 4182 ad
444 4137 551 4183 sacros
575 4119 702 4183 ordines
736 4138 798 4183 non
828 4125 1000 4202 promotus,
1030 4120 1117 4184 nulla
1140 4138 1237 4204 snper
1259 4121 1317 4187 hoc
1341 4122 1583 4203 dispensacione
1607 4126 1745 4192 obtenta

234 4244 292 4291 nec
317 4224 422 4306 aliquo
445 4223 672 4306 impedimento
695 4224 838 4306 legitimo
868 4224 1055 4306 prepeditus
1097 4224 1201 4301 Quare
1234 4227 1323 4291 nobis
1353 4226 1517 4292 humiliter
1539 4228 1744 4315 supplicasti,

237 4335 273 4393 nt
296 4328 355 4393 tibi
378 4335 412 4393 et
435 4328 534 4392 statui
557 4332 611 4392 tuo
634 4329 802 4411 providere
825 4329 858 4393 in
881 4329 941 4394 hac
964 4335 1054 4411 parto
1078 4330 1327 4395 misericorditer
1349 4331 1560 4414 dignaremur.
1584 4332 1745 4401 Volentes

234 4433 341 4514 igitur.
361 4484 368 4499 .
388 4482 394 4495 .
416 4483 423 4496 .
442 4437 474 4496 tc
487 4431 635 4514 prosequi
647 4431 807 4497 favoribus
819 4434 980 4515 graciosis
989 4435 1054 4498 tuis
1069 4433 1356 4518 supplicacionibus
1372 4435 1527 4514 inclinati,
1545 4454 1672 4503 omnem
1695 4438 1743 4505 in-

234 4537 328 4601 fanrie
352 4557 388 4601 ac
411 4535 622 4599 inhabilitatis
645 4537 799 4601 maculam
822 4538 890 4602 sive
913 4543 1020 4602 notam
1043 4557 1101 4621 per
1134 4544 1167 4604 te
1190 4557 1230 4602 ex
1253 4539 1416 4622 premissis
1439 4541 1491 4605 vel
1513 4559 1624 4608 corum
1646 4560 1740 4609 occa·

234 4641 322 4705 sione
346 4646 539 4704 contractam
563 4641 753 4705 anctoritate
777 4642 952 4724 apostolica
974 4643 1102 4725 penitus
1132 4642 1309 4725 abolemus;
1339 4643 1488 4719 nolumus,
1506 4650 1625 4727 tamen,
1655 4649 1743 4728 qnod

235 4745 402 4810 ecclesiam
424 4744 524 4826 ipsam
547 4762 671 4807 exnunc
693 4746 824 4810 realiter
847 4753 881 4812 et
904 4748 1029 4812 omnino
1053 4746 1196 4811 dimittas
1198 4796 1312 4810 .....
1337 4748 1374 4811 Ι).
1399 4748 1483 4831 apud
1507 4748 1743 4817 Villamnouam

235 4847 460 4914 Aninionensis
483 4849 563 4914 dioc.
588 4847 615 4911 V
639 4849 701 4913 kal.
726 4849 804 4914 Julii
827 4870 856 4914 a.
880 4858 1000 4915 octavo.

360 5041 391 5095 rt
411 5043 459 5093 Aa
483 5047 530 5094 tlt
555 5039 688 5094 101.5;17’Ι
723 5070 749 5078 -
778 5041 802 5106 a)
822 5039 944 5108 Corripe:
980 5039 1174 5109 ,Syfridisdorl
1191 5046 1223 5092 ut
1242 5039 1269 5092 in
1288 5038 1418 5094 mandato
1436 5040 1572 5096 iudicibus
1591 5041 1742 5100 missosub

235 5142 274 5180 nr.
297 5132 370 5181 1093.
389 5158 422 5167 —
443 5128 462 5195 ¹)
481 5125 557 5181 conl.
576 5124 665 5195 Tingi,
684 5125 926 5180 Confirmationum
945 5126 991 5181 lib.
1010 5128 1019 5180 1
1040 5143 1099 5195 pag.
1119 5132 1160 5179 62.
