3944 6060
236 416 297 482 136
826 413 896 465 Acte
916 409 1070 465 iunocentii
1088 409 1136 465 Vl.

232 622 349 704 gensis
373 619 545 704 apostolice
568 620 654 684 sedis
677 619 801 702 nuncio,
825 620 876 683 vel
898 620 969 684 eius
991 619 1213 685 subcollectori
1228 619 1262 682 in
1278 619 1408 684 civitate
1424 624 1458 683 et
1474 619 1552 685 dioc.
1578 620 1738 703 Prsgcusi

232 725 414 808 constituto,
437 724 519 805 quod
535 724 596 806 ipsi
613 723 662 788 vel
679 742 787 788 corum
810 723 892 788 alter
914 742 949 788 se
972 722 1142 788 informent
1164 723 1204 787 de
1228 723 1386 788 valoribus
1403 724 1541 789 omnium
1555 723 1727 809 fructuum,

231 835 440 912 proventuum
474 834 508 893 et
540 827 720 892 reddituum
755 826 939 891 monasterii
975 825 1137 909 Syloensis
1167 826 1287 892 ordinis
1314 827 1621 893 Promonstretensis
1645 828 1734 893 dicte

231 933 399 1015 Progensis
422 932 501 998 dioc.
526 939 561 996 et
590 933 673 1013 quod
703 931 932 1013 obligaciouem
963 931 1120 1014 recipiant
1141 937 1203 997 etc.
1226 937 1263 995 ut
1284 931 1317 995 in
1340 930 1441 996 forma
1463 950 1483 995 s
1505 930 1605 997 fratre
1628 932 1732 997 Bern-

230 1037 330 1101 hardo
352 1043 427 1100 tunc
449 1036 550 1119 ipsius
572 1035 758 1101 monosterii
781 1035 940 1117 canonico,
970 1053 1054 1099 nune
1076 1053 1151 1101 vero
1174 1035 1276 1117 ipsius
1298 1035 1485 1101 monasterii
1508 1036 1634 1115 abbate,
1669 1054 1733 1118 quo

230 1141 340 1205 litters
363 1141 592 1205 commissionis
623 1159 686 1204 unu
716 1158 785 1204 cum
815 1138 934 1204 litteris
957 1139 1142 1222 apostolicis
1172 1157 1268 1221 super
1301 1139 1481 1221 provisione
1515 1138 1592 1205 dicti
1623 1160 1731 1206 mona·

231 1246 322 1310 stolii
336 1244 398 1309 fuit
412 1245 533 1310 trudito
547 1245 651 1308 eidem
668 1243 793 1309 domino
810 1244 926 1325 abbati,
949 1244 1003 1324 qui
1019 1244 1164 1325 promisit
1179 1262 1241 1308 non
1256 1243 1305 1307 uti
1321 1242 1442 1307 eisdem
1458 1242 1589 1324 litteris,
1617 1261 1735 1325 quous-

231 1367 291 1429 que
314 1347 411 1412 fuerit
434 1348 592 1429 obligatus
615 1353 675 1412 etc.

360 1536 419 1589 (lbi.
438 1544 466 1590 et
483 1536 538 1589 Sol.
559 1541 591 1589 :50
609 1536 656 1590 iol.
679 1538 745 1590 185'.
763 1565 796 1575 —
816 1540 842 1600 ⁵)
860 1536 1020 1605 Supplctum
1039 1551 1073 1589 ex
1092 1534 1229 1605 principio
1247 1535 1369 1590 eiusdem
1388 1535 1449 1591 folii
1468 1537 1547 1592 versi¹

488 1921 581 1986 334.
608 1919 767 1999 Obliputio
790 1917 954 1983 Bernardi
976 1917 1101 1982 ablutis
1122 1920 1311 1984 monasterii
1332 1919 1497 1986 Siloensis.

1384 2078 1469 2140 1355
1493 2078 1614 2141 Martii
1635 2078 1690 2144 26.

361 2268 453 2332 Dicta
476 2266 527 2330 die
552 2265 669 2350 [XXVI
690 2264 809 2329 mensis
832 2264 945 2328 Marcii
968 2283 995 2329 a.
1021 2263 1241 2347 liccem-i
1265 2264 1409 2330 dominus
1431 2264 1532 2330 irater
1546 2266 1735 2334 Bernartius

231 2373 328 2438 obbas
350 2371 535 2437 monasterii
559 2368 712 2434 Siloeusis
735 2369 855 2434 ordinis
878 2368 1182 2433 Premonstmtcnsis
1206 2369 1275 2434 dioc
1308 2367 1561 2450 Traiecccnsisb)
1584 2372 1736 2453 promisit

230 2496 286 2559 pro
299 2496 356 2542 suo
372 2475 527 2539 communi
550 2474 683 2538 servicio
707 2470 758 2536 ΙΙΟ
780 2471 848 2538 lior.
866 2473 934 2536 ouri
957 2480 991 2537 et
1017 2473 1044 2537 V
1069 2472 1203 2536 servicia
1230 2479 1389 2554 consueta,
1411 2474 1562 2539 solvendo
1588 2475 1739 2541 terminis

231 2599 328 2662 supra
350 2580 490 2661 proxime
508 2576 629 2658 positis,
654 2575 871 2660 [medietatem
895 2577 936 2641 de
951 2577 1033 2641 festo
1046 2577 1292 2641 resurreccionis
1309 2577 1426 2642 domini
1442 2578 1583 2661 proxime
1599 2586 1738 2646 venturo

231 2686 271 2749 ad
295 2704 409 2748 urinum
440 2688 474 2748 et
504 2682 597 2746 aliam
620 2681 825 2746 medietatem
856 2681 1008 2745 insimili
1038 2681 1120 2745 festo
1144 2701 1224 2746 enno
1247 2680 1415 2764 revoluto]‚
1429 2692 1455 2754 ¹)
1479 2682 1562 2763 quod
1586 2683 1649 2748 nisi
1675 2692 1739 2750 eto.

231 2795 265 2853 et
287 2788 404 2851 iuravit
427 2794 486 2850 etc.

360 2966 701 3036 Obl.etSol.2‘2fol.170⁴,
720 2977 751 3024 27
765 2971 809 3023 lol.
825 2978 891 3024 101¹.
911 3003 943 3010 —
965 2981 988 3036 a)
1007 2973 1169 3041 Suppletum
1189 2988 1223 3026 ex
1237 2973 1404 3042 obligatione
1418 2974 1609 3042 praecedente.
1625 2977 1651 3045 b)
1672 2978 1739 3033 Cor-

231 3061 300 3128 rige:
320 3060 494 3129 ‚l'rugensis‘.
515 3090 545 3098 —
565 3061 596 3111 ln
615 3075 699 3125 murg-
718 3058 805 3110 dext.:
825 3058 897 3124 ,lilii
918 3059 998 3112 card‘

230 3445 323 3509 335.
350 3440 482 3506 Carolus
506 3442 718 3504 Romanorum
742 3446 770 3501 ct
792 3438 963 3502 Bohcmioc
978 3460 1035 3504 ren
1048 3441 1219 3523 supplicat,
1243 3447 1397 3526 quatenus
1419 3444 1608 3508 clericusne
1629 3445 1739 3528 Hupo·

231 3552 299 3611 sueto
326 3547 364 3608 dc
388 3542 574 3608 Castellione
599 3541 919 3626 Gratianopoia'tanae
953 3543 1029 3607 dioc.
1060 3544 1097 3608 dc
1128 3547 1315 3610 canonicatu
1345 3548 1490 3613 ecclesias
1514 3547 1739 3628 Lupdunensis

230 3651 277 3715 nel
302 3650 536 3715 Bisunts'neusis
558 3650 791 3733 cumportione
813 3647 991 3712 canonicali
1010 3648 1228 3732 provideatur,
1255 3653 1352 3731 „Fiat
1369 3650 1406 3713 G.
1433 3653 1476 3715 lu
1491 3651 1573 3733 quod
1587 3655 1741 3719 tremeat

229 3756 299 3819 sine
321 3754 388 3818 alia
410 3755 548 3819 luccionc.
574 3756 649 3818 liat
673 3752 710 3817 G.
735 3755 776 3817 D.
801 3752 887 3836 opud
920 3752 1149 3818 l'n'llamnouam
1161 3755 1386 3820 Aninionenss's
1403 3755 1481 3819 dioc.
1506 3755 1588 3819 Via.
1604 3755 1738 3838 Apulis

899 3881 928 3919 a.
953 3859 1078 3922 tercio“.

1013 3997 1109 4080 Apud
1140 3996 1378 4079 villamnovam,
1404 3997 1488 4061 1355
1510 3995 1638 4079 Aprilis
1661 4001 1693 4064 9.

362 4153 392 4205 lt.
412 4151 507 4220 Suppl.
527 4156 559 4204 2ss
579 4150 625 4202 iol.
646 4147 695 4203 ⁸3⁴.

229 4523 321 4588 336.
345 4520 544 4600 Sspremonrs
566 4519 603 4582 dc
626 4520 780 4582 Pomeriis
801 4518 901 4597 miles,
923 4520 1114 4584 secretarius
1139 4516 1245 4583 Caroli
1261 4519 1474 4582 Romanomm
1495 4519 1587 4602 repis,
1609 4519 1735 4604 suppli·

230 4628 292 4706 cat,
316 4628 469 4704 quatenns
488 4624 598 4705 pratia
633 4621 771 4686 Arnoldo
801 4622 911 4688 Sancii
939 4626 975 4688 in
1005 4625 1132 4688 ccclesia
1160 4621 1388 4705 Burdepalensi
1403 4625 1501 4701 sacta
1524 4622 1736 4705 confirmetur.

236 4728 330 4801 „Fiat
354 4727 393 4792 G.
416 4726 492 4790 Sine
514 4727 583 4791 alia
604 4726 744 4792 laesione.
769 4727 844 4790 Fiat
870 4729 907 4792 d.
933 4729 976 4795 D.
1000 4727 1086 4810 apud
1117 4726 1349 4791 Villamnouam
1371 4727 1595 4793 Aninionsnss's
1612 4728 1693 4794 dioc.
1715 4729 1742 4791 V

786 4831 828 4894 id.
851 4830 976 4915 Aprilis
1000 4851 1030 4893 a.
1053 4831 1179 4896 tercio“.

1015 4969 1110 5052 Apud
1143 4967 1378 5046 cellamnovam,
1402 4967 1488 5031 1355
1511 4965 1638 5052 Aprilis
1662 4944 1692 5037 9.

363 5122 395 5177 R.
414 5123 509 5192 Suppl.
528 5129 561 5176 26
581 5123 628 5176 fol.
647 5128 689 5176 96.
