3944 6060
232 454 275 520 96
567 493 568 496 ,
834 449 906 502 Aeta
922 446 1076 503 1000000111
1092 446 1138 502 VI.

230 660 282 725 vel
305 660 410 725 sidem
433 659 472 724 de
496 677 576 724 uovo
599 657 766 740 providere
790 658 830 722 de
853 657 918 739 illa,
951 677 1014 722 non
1047 659 1247 726 obstantibus
1282 659 1521 740 quibuscunque
1555 658 1730 724 reservati·

230 765 342 830 onibus
366 763 568 846 specialibus,
592 779 649 826 seu
673 763 756 843 quod
779 763 864 827 idem
887 761 1024 828 lacobus
1048 764 1268 829 canonicatum
1291 769 1324 829 et
1339 763 1533 846 prebendam
1548 763 1582 829 in
1597 762 1736 828 ecclesia

232 868 435 951 Glogouiensi
460 865 734 931 Wratislauiensis
765 866 845 932 dioc.
871 866 1013 930 noscitur
1044 868 1199 947 obtinere,
1223 874 1257 933 et
1288 887 1358 933 cum
1381 867 1499 932 ceteris
1522 886 1585 933 non
1608 868 1737 933 obstan·

232 975 318 1039 tibus
341 979 375 1037 01
398 971 549 1037 clausulis
573 971 746 1053 oportunis.
1166 978 1169 986 '

361 1077 442 1159 Fiat,
467 1076 529 1140 nisi
552 1075 651 1140 tuerit
674 1076 769 1140 alteri
791 1076 841 1140 ius
865 1076 1026 1157 quesitum
1049 1075 1086 1140 G.
1103 1077 1128 1153 ¹)

360 1181 442 1245 Item
465 1181 635 1263 supplicat,
659 1185 815 1262 quatenus
840 1179 1095 1263 acceptationem
1118 1185 1152 1244 et
1170 1181 1383 1262 provisionem
1406 1181 1533 1246 Andree
1558 1181 1598 1245 de
1623 1181 1735 1246 110110-

233 1286 312 1357 uica,
335 1284 478 1349 canonici
502 1291 536 1350 01
559 1283 704 1350 officialis
728 1283 1005 1349 Wratislauiensis
1029 1285 1069 1348 (10
1093 1285 1236 1349 cantoria
1265 1286 1349 1350 dicte
1373 1285 1509 1350 ecclesie
1534 1284 1736 1350 Wratislaui-

232 1389 318 1455 ensis
341 1395 476 1454 vacante
511 1408 568 1471 per
602 1394 735 1455 mortam
758 1388 919 1453 Hannonis
954 1388 994 1452 (10
1018 1387 1141 1470 Calpen
1164 1388 1239 1452 olim
1262 1390 1403 1455 cantoris
1426 1389 1569 1455 eiusdem
1591 1388 1739 1471 ecclesie,

234 1493 287 1575 qui
311 1498 403 1557 extra
426 1492 599 1558 Romanam
623 1493 742 1565 curiam
765 1493 850 1557 diem
873 1492 989 1557 clausit
1011 1498 1198 1576 extremum,
1223 1492 1324 1558 lactas
1356 1493 1547 1559 auctoritato
1572 1493 1738 1558 literarum

232 1597 517 1664 ....Olementis
540 1615 622 1680 pape
646 1597 700 1676 VI,
715 1595 741 1673 ²)
764 1597 1002 1680 predecessoris
1036 1595 1076 1661 gu
1099 1597 1154 1661 V¹⁰
1187 1596 1271 1661 infra
1294 1598 1374 1662 duos
1397 1615 1535 1679 menses,
1558 1595 1643 1662 inira
1658 1615 1738 1679 quos

233 1703 393 1769 revocatio
417 1703 593 1785 graciarum
617 1701 694 1766 dicti
718 1701 955 1784 predecessoris
986 1721 1044 1783 per
1066 1702 1200 1766 eandem
1235 1701 1303 1767 Stem
1337 1703 1500 1784 publicata
1522 1721 1585 1766 uon
1608 1706 1738 1784 poterat

232 1808 404 1889 adportes
437 1805 712 1871 Wratislauiensis
743 1805 823 1870 dioc.
857 1804 1075 1870 verisimiliter
1105 1807 1283 1887 pervenire,
1319 1812 1406 1871 ratas
1429 1812 1464 1871 et
1485 1810 1594 1888 gratas
1616 1804 1737 1871 habere

234 1912 406 1994 dignemini
430 1916 464 1975 et
487 1910 679 1974 auctoritate
703 1909 879 1992 apostolica
901 1908 1087 1974 confirmare
1109 1915 1144 1974 et
1160 1911 1309 1992 supplere
1332 1909 1499 1989 defectum,
1525 1928 1587 1975 000
1611 1910 1737 1974 obsten-

236 2016 322 2081 tibus
345 2014 554 2080 revocatione
577 2014 722 2096 predicta
744 2018 779 2078 et
794 2013 1035 2094 quibuscunque
1053 2014 1245 2096 specialibus
1261 2015 1544 2095 reservacionibus,
1566 2013 1619 2078 vel
1634 2013 1740 2079 eidem

234 2120 274 2184 de
297 2119 355 2183 illa
384 2118 553 2202 providere
576 2119 616 2182 (10
647 2136 739 2195 novo,
773 2136 837 2182 non
869 2120 1026 2199 obstante,
1061 2119 1144 2198 quod
1175 2119 1395 2184 canonicatum
1427 2137 1497 2183 cum
1519 2117 1685 2200 prebenda
1705 2117 1740 2183 in

234 2225 320 2289 dicta
343 2222 600 2290 Wratislauiensi
624 2222 761 2287 ecclesia
784 2223 927 2288 noscitur
949 2223 1102 2306 obtinere,
1126 2242 1195 2288 cum
1220 2223 1291 2288 aliis
1315 2223 1466 2289 clausulis
1482 2228 1516 2287 et
1530 2241 1594 2288 non
1610 2223 1737 2288 obstan·

232 2329 318 2393 tibus
342 2335 376 2393 et
398 2327 622 2393 executoribus
644 2332 681 2392 ut
704 2345 808 2410 supra.

361 2433 442 2515 Fiat,
465 2432 493 2497 si
516 2437 660 2513 tempore
683 2431 916 2512 acceptacionis
940 2435 974 2494 et
997 2431 1187 2513 provisionis
1209 2431 1389 2497 huiusmodi
1412 2431 1632 2497 revocationes
1647 2430 1740 2514 iguo·

231 2540 323 2603 rabat
346 2543 379 2602 et
401 2557 464 2603 non
485 2536 584 2601 fuerit
606 2536 700 2601 alteri
723 2536 773 2600 ius
786 2536 946 2617 quesitum
960 2536 997 2601 G.
1022 2535 1096 2601 Sine
1114 2537 1176 2601 alia
1193 2537 1333 2601 leccione
1350 2543 1465 2601 etcum
1482 2536 1636 2601 examinis
1655 2554 1737 2601 com-

234 2642 385 2707 missione
408 2641 448 2705 ad
471 2646 588 2724 partes.
613 2640 686 2704 Fiat
709 2640 745 2705 G.

362 2747 400 2810 D.
424 2745 581 2810 Aninione
604 2744 682 2809 Vlll
703 2744 745 2809 id.
770 2744 889 2828 Aprilis
913 2763 939 2808 a.
963 2745 1112 2812 secundo.

363 2935 396 2989 R.
417 2935 564 3005 supplan
589 2934 636 2988 101.
662 2939 702 2987 td.
726 2964 751 2974 -
775 2936 794 3000 ¹)
814 2933 845 2986 In
864 2949 948 3002 marg.
974 2933 1064 2987 dext:
1086 2950 1152 3002 ,pro
1177 2938 1309 2986 camera“.
1338 2932 1358 3000 ²)
1378 2932 1458 2987 Conf.
1483 2934 1558 2988 Mon.
1586 2931 1646 2989 101.
1667 2933 1680 2986 1
1698 2950 1739 2987 nr.

235 3027 405 3088 (01000.

232 3353 325 3420 227.
350 3352 498 3417 Andreae
530 3353 568 3416 de
592 3351 767 3426 1100100100,
782 3352 810 3433 ⁸)
833 3351 889 3433 qai
909 3352 1014 3435 uigore
1037 3351 1238 3433 quarundam
1259 3351 1441 3415 litterarum
1466 3348 1634 3418 Clementis
1651 3374 1742 3437 pape

238 3455 291 3535 VI,
310 3478 371 3540 per
394 3476 473 3536 qaas
496 3455 693 3540 dipsitatcm,
718 3459 925 3539 personatam
948 3455 995 3519 ael
1019 3455 1160 3538 officium
1182 3475 1253 3519 aum
1275 3475 1353 3520 0000
1374 3455 1422 3520 001
1443 3456 1512 3520 siae
1534 3476 1612 3523 cara
1635 3459 1670 3524 iu
1692 3478 1741 3524 00-

236 3561 330 3626 clesia
362 3560 602 3626 Vratislaviensi
630 3560 865 3645 0000101011)
899 3562 1076 3625 castoriam
1111 3560 1248 3625 eiusdem
1277 3559 1423 3625 eccleciae
1452 3561 1626 3644 acceptavit
1648 3566 1681 3627 et
1703 3563 1741 3628 de

232 3663 290 3728 illa
313 3663 375 3729 sibi
395 3664 527 3729 obtinuit
544 3664 715 3748 proc-idm,
732 3666 911 3730 conceditur
925 3666 983 3729 sub
997 3664 1224 3730 conditionibus
1239 3666 1274 3728 10
1288 3664 1517 3748 supplicatione
1531 3665 1588 3731 salt
1608 3687 1656 3733 nr.
1672 3669 1741 3733 226

231 3771 399 3851 expressis,
415 3772 451 3833 at
468 3771 644 3852 acceptatio
660 3774 689 3834 01
699 3770 841 3853 provisio
851 3770 1038 3852 praedictae
1052 3768 1189 3834 valcant.
1210 3771 1541 3850 ἲ,11010011010000001*
1562 3769 1742 3856 ,Animam

728 3875 812 3940 Vlll
828 3873 871 3940 id.
895 3872 1019 3958 Aprilis
1042 3894 1071 3939 a.
1094 3875 1257 3940 secaado'.

1223 4012 1386 4094 Aulaioac,
1412 4013 1497 4079 1354
1518 4012 1643 4098 Aprilis
1664 4015 1696 4079 6.

366 4201 464 4253 1110.
486 4200 685 4269 (06101470,
711 4201 1325 4272 11.11112161012071-01101Ιο01011
1352 4206 1403 4257 dv.
1434 4235 1460 4244 -
1493 4206 1513 4271 ¹)
1532 4205 1606 4260 Mon.
1633 4203 1698 4258 Vat
1726 4205 1739 4259 1

236 4302 276 4341 nr.
298 4293 373 4342 1517.

887 4450 1090 4459 .—

238 4619 329 4685 228.
353 4620 451 4683 Bollo
474 4621 541 4686 dac
563 4621 697 4687 Silcsiac
718 4629 746 4688 01
770 4625 918 4689 dominas
941 4626 975 4688 ia
997 4624 1215 4708 Mttastcrberp
1237 4622 1409 4706 supplicat,
1433 4627 1588 4705 quatenus
1609 4623 1672 4688 sibi
1693 4623 1740 4688 di·

235 4744 344 4788 versae
365 4725 492 4805 gratiae
514 4725 724 4791 concedantar
753 4733 783 4792 01
805 4728 939 4794 Ν100100
971 4728 1121 4794 Ρο00100
1157 4727 1196 4792 cle
1228 4730 1416 4793 canonicatu
1437 4731 1468 4792 01
1485 4727 1671 4811 praebenda
1692 4749 1739 4793 00·

673 4830 787 4897 aenae
816 4833 1074 4897 Vrativlaviensis
1093 4833 1308 4916 provideatur.

1204 4972 1365 5054 alannae,
1390 4973 1475 5036 (004
1496 4970 1621 5055 Apros
1646 4972 1697 5035 rs.

367 5139 532 5223 Supplicat
564 5140 605 5205 Su
629 5142 683 5206 V¹⁰
718 5144 852 5209 devotus
875 5152 982 5210 vester
1005 5146 1105 5210 Bolko
1123 5147 1186 5210 dux
1203 5145 1304 5212 Slesie
1321 5150 1354 5209 et
1370 5145 1515 5209 dominus
1531 5143 1564 5207 in
1579 5142 1740 5208 11001100-

237 5242 346 5325 bergh,
381 5250 538 5325 quatenus
561 5246 622 5310 sibi
652 5253 687 5312 et
720 5247 789 5312 eius
824 5251 923 5331 uxori,
957 5250 1040 5331 quod
1072 5250 1179 5315 divina
1209 5269 1314 5315 coram
1337 5268 1372 5315 10
1395 5247 1551 5315 celebrari
1572 5245 1681 5312 iacere
1705 5250 1741 5312 et

237 5348 349 5414 audire
370 5349 508 5434 valeant,
533 5352 708 5417 concedere
731 5352 905 5435 dignemini
929 5359 965 5418 ut
987 5355 1020 5418 in
1042 5352 1153 5420 forma.
