3944 6060
889 426 956 476 roco
969 419 1036 477 Mai
1052 425 1094 476 18.
1678 425 1741 491 373

238 629 326 713 dere,
349 650 411 697 non
434 631 590 712 obstante,
614 632 698 712 quod
721 631 940 696 carronicatum
962 636 996 696 et
1018 633 1211 713 prebendam
1235 631 1267 695 iu
1291 632 1414 714 capella
1438 651 1465 697 s.
1489 632 1598 715 Egidii
1623 632 1740 697 Wrati-

239 735 397 800 slauicnsi
420 742 455 801 et
477 736 645 802 ecclesiam
667 734 896 817 parrochialem
920 735 953 799 in
976 732 1107 801 Colonia
1128 736 1222 802 Noua
1243 754 1340 819 super
1355 737 1456 802 Albae
1478 736 1649 819 Pragensis
1664 737 1738 802 dioc

236 839 381 905 noscitur
403 840 556 906 obtinere.

369 944 443 1009 Fiat
465 944 503 1010 G.

368 1048 449 1115 item
473 1049 633 1132 supplicat
654 1046 696 1112 Sti
721 1049 773 1111 llre
796 1048 939 1113 Andreas
962 1046 1094 1112 Hemici
1123 1050 1291 1131 presbyter
1313 1049 1481 1131 Pragensis
1505 1049 1593 1132 dioc,
1627 1055 1738 1130 quate·

237 1172 300 1218 nus
323 1154 383 1219 sibi
408 1153 544 1218 similem
567 1153 703 1235 graciam
727 1150 892 1227 iacientes,
917 1152 957 1216 de
980 1150 1132 1217 beneficio
1157 1152 1374 1230 ecclesiastico
1405 1172 1474 1218 cum
1498 1172 1573 1217 cura
1596 1154 1647 1218 vel
1670 1154 1738 1218 sine

235 1277 323 1336 cura,
345 1263 511 1340 spectante
535 1256 742 1321 communiter
772 1256 823 1321 vel
846 1255 972 1321 divisim
1004 1255 1042 1319 ad
1066 1255 1270 1322 collacionem
1294 1262 1354 1323 etc.
1383 1257 1503 1341 decani,
1525 1257 1680 1340 prepositi
1705 1265 1739 1323 et

236 1361 372 1445 capituli
400 1359 535 1426 ecclesie
559 1360 739 1443 Pragensis,
764 1380 834 1425 cum
856 1360 1086 1443 reservatione,
1110 1360 1331 1443 acceptatione
1355 1368 1414 1426 etc.
1439 1368 1473 1427 et
1495 1362 1566 1427 aliis
1589 1363 1739 1427 clausulis

236 1474 392 1549 utsupra
414 1465 588 1547 dignemini
611 1465 788 1548 providere,
812 1483 874 1530 non
897 1466 1054 1548 obstante,
1079 1466 1163 1546 quod
1185 1465 1269 1530 idem
1286 1465 1430 1532 Andreas
1453 1467 1610 1548 quoddam
1634 1467 1736 1532 altare

235 1573 270 1636 in
305 1570 494 1654 parrochiali
525 1569 661 1634 ecclesia
695 1569 723 1633 b.
747 1569 848 1633 Mario
879 1569 912 1633 in
935 1569 1017 1634 Leta
1039 1569 1126 1633 curia
1148 1569 1310 1653 Pragensi‚
1346 1570 1435 1635 cuius
1466 1570 1587 1636 fructus
1611 1577 1672 1637 etc.
1697 1572 1736 1636 ad

234 1675 325 1741 XXX
347 1673 414 1740 flor.
439 1675 507 1739 auri
530 1674 692 1739 annuatim
723 1691 757 1737 se
781 1673 967 1753 extendunt,
992 1673 1135 1738 noscitur
1158 1674 1310 1739 obtinere,

368 1779 441 1844 Fiat
463 1780 500 1844 G.

265 1908 276 1935 ι
365 1885 446 1949 Item
470 1883 629 1966 supplicat
651 1879 691 1944 Su
714 1882 769 1948 V¹⁰
788 1881 926 1947 lacobus
950 1880 1117 1963 Weigandi
1141 1882 1181 1946 de
1197 1881 1289 1947 Noua
1305 1883 1435 1948 civitate
1459 1883 1593 1949 clericus
1611 1885 1733 1952 cancel·

232 1991 314 2056 larie
338 1988 556 2055 Olomucensis'
579 1987 668 2069 dioc,
690 1991 846 2068 quatenus
880 1984 940 2049 sibi
973 1985 1108 2050 similem
1138 1987 1277 2068 graciam
1309 1986 1475 2062 iacientes,
1506 1990 1546 2054 de
1578 1991 1732 2058 beneficio

235 2094 455 2161 ecclesiastico
478 2112 548 2158 cum
571 2111 647 2156 cura
669 2091 720 2156 vel
743 2091 812 2156 siue
836 2109 920 2166 cura,
945 2097 1112 2172 spectante
1135 2092 1342 2157 communiter
1364 2094 1415 2157 vel
1438 2094 1562 2159 divisim
1583 2095 1623 2160 ad
1640 2097 1734 2162 colla-

235 2201 358 2267 cionem
381 2204 441 2264 etc.
472 2197 613 2281 episcopi
637 2194 866 2273 Olomuceusis
899 2214 968 2259 cum
991 2195 1221 2279 reservacioue,
1255 2198 1477 2280 acceptatione
1512 2205 1572 2265 etc.
1607 2206 1641 2264 et
1663 2201 1735 2266 aliis

235 2305 386 2372 clausulis
409 2310 445 2368 ut
467 2321 563 2385 supra
585 2301 758 2383 dignemini
780 2300 957 2382 providere.

364 2409 438 2474 Fiat
461 2409 497 2474 G.

364 2515 446 2580 item
469 2511 641 2595 dignemini
665 2529 797 2603 examen
820 2509 1032 2592 predictomm
1056 2510 1097 2574 ad
1119 2515 1228 2592 partes
1252 2513 1448 2577 committere
1472 2519 1603 2596 propter
1624 2533 1732 2582 eorum

235 2620 423 2687 absentiam.

362 2723 498 2894 {ltatsige
529 2826 592 2890 alia
614 2824 765 2889 leccione.
812 2823 883 2888 Fiat
906 2824 943 2888 G.
991 2824 1027 2888 l).
1053 2824 1209 2889 Auinione
1239 2824 1296 2891 XV
1321 2827 1382 2893 kal.
1406 2828 1492 2893 Junii
1525 2848 1559 2894 a.¹
1585 2829 1730 2912 septimo.

361 3017 393 3070 R.
413 3015 507 3087 Suppl.
535 3020 568 3069 30
595 3013 641 3068 sol.
669 3018 709 3068 tu.
737 3044 770 3052 -
802 3017 828 3076 ⁸)
845 3012 993 3080 ,constitui‘
1019 3012 1114 3083 Suppl.
1143 3013 1169 3081 b)
1189 3015 1313 3085 Corrige:
1349 3016 1618 3089 ,Nurembergensis‘‚
1647 3027 1677 3073 ut
1703 3019 1732 3073 in

234 3103 324 3159 littera
346 3103 376 3158 in
399 3104 431 3157 R.
450 3105 500 3156 Αι.
521 3107 570 3157 140
593 3101 639 3156 iol.
659 3104 717 3154 652¹
746 3100 779 3154 de
805 3099 981 3154 concessione
1006 3099 1206 3169 praedictarum
1229 3102 1461 3173 indulgentiarum
1486 3104 1567 3175 plene
1593 3105 1733 3177 descripta

233 3191 375 3263 reperitur.
394 3196 423 3258 a)
442 3189 568 3259 Corripe:
586 3188 788 3279 ‚Melnicensist

233 3528 322 3595 939.
348 3524 426 3591 Cum
447 3526 594 3593 Joluannc
615 3527 690 3589 nato
713 3522 908 3604 Koairniri·)
933 3524 1022 3588 dacis
1050 3521 1282 3604 Tesstneastsb)
1307 3523 1518 3607 disparantur,
1541 3530 1577 3588 nt
1591 3525 1729 3608 dioniiu-

231 3637 302 3712 tm,
322 3635 527 3717 personatum
548 3629 595 3695 oel
618 3628 759 3712 officinm
783 3628 825 3692 od
849 3627 1044 3693 collationem
1073 3629 1275 3711 inperatoris
1304 3650 1360 3694 sen
1381 3630 1593 3713 imperatricis
1614 3633 1729 3697 Rorna-

231 3757 341 3802 norum
357 3735 554 3820 pertinentia
575 3734 712 3817 recipcre
734 3732 849 3798 volem,
897 3732 1078 3813 „Nobilitas
1099 3733 1240 3814 pencris“
1270 3732 1445 3814 „Aninionc
1468 3735 1534 3797 XV
1549 3734 1612 3799 irat.
1636 3735 1730 3800 Junii

880 3839 1083 3921 useptimo.“

1232 3978 1395 4084 annua,
1418 3978 1504 4042 1359
1527 3978 1611 4043 naar
1634 3979 1683 4042 ra.

358 4170 391 4224 R.
409 4171 459 4223 Αι.
481 4176 526 4223 141
546 4167 594 4223 fol.
612 4175 671 4223 568.
692 4198 722 4206 -
742 4166 792 4220 Ed.
811 4165 884 4234 apud
902 4165 1028 4235 Theiner,
1047 4166 1121 4220 Mon.
1136 4165 1192 4220 Pol.
1208 4182 1268 4236 pag.
1288 4171 1339 4224 589
1357 4182 1397 4221 nr.
1411 4171 1469 4220 791.
1489 4197 1521 4206 -
1543 4169 1567 4234 ¹)
1580 4165 1728 4236 ,Kasimiri‘

231 4260 279 4311 Ar.
299 4259 324 4324 b)
343 4256 572 4324 ,Theschinensis‘
590 4258 640 4309 Av.

233 4538 317 4623 940.
344 4533 489 4618 Officiali
504 4535 659 4616 Propensi
673 4533 855 4608 mandatur,
879 4538 1033 4618 qnatenus
1048 4533 1190 4601 Joiaunni
1207 4533 1365 4599 Johannr's
1380 4533 1418 4597 dc
1432 4533 1576 4614 Antiqua
1592 4535 1727 4599 Brnnna

233 4640 407 4725 beneficium
436 4639 681 4705 aedesiosticum
714 4658 783 4702 cnm
822 4659 909 4718 cura,
943 4643 1121 4702 consuetam
1154 4637 1274 4702 clericis
1310 4637 1526 4702 sacratoribus
1555 4639 1726 4719 assianuri,

233 4747 315 4812 cuins
329 4747 464 4825 fructus
487 4745 529 4810 25
550 4764 734 4808 marcorum
750 4744 872 4826 arpenti
886 4742 1056 4807 secundnm
1071 4742 1265 4806 tornationem
1281 4742 1419 4807 decimae
1432 4741 1571 4805 valorem
1585 4763 1726 4807 annnam

234 4869 290 4914 non
311 4848 472 4928 excedant,
497 4848 539 4912 ad
562 4846 743 4912 abbatissae
765 4851 795 4911 ct
817 4851 984 4911 conuentus
1006 4847 1190 4911 monasterii
1210 4847 1239 4910 ὸ.
1263 4847 1389 4910 Mariae
1411 4845 1450 4910 dc
1471 4845 1556 4909 Aula
1582 4843 1725 4911 cisterci-

234 4957 311 5020 ensis
332 4953 454 5019 ordinis
477 4952 581 5017 dictim
603 4952 680 5016 dioc.
705 4952 898 5017 collationem
917 4951 1088 5034 pertinens,
1111 4951 1140 5014 si
1162 4955 1256 5015 uacat
1277 4949 1325 5014 vel
1347 4970 1416 5015 cunr
1431 4951 1599 5032 vacaverit,
1626 4971 1724 5015 rescr-

372 5061 432 5123 oct.
458 5058 617 5141 „Diqnnrn
640 5057 853 5136 arbitrumnr“
885 5055 1057 5138 „Aninione
1079 5056 1145 5118 XV
1161 5054 1223 5118 local.
1248 5056 1342 5119 Jnnii
1364 5077 1392 5118 a.
1416 5054 1576 5138 septimo.“

292 5165 360 5288 ἐ
733 5185 736 5189 ⁸
1228 5194 1393 5269 Avirrionc,
1417 5193 1501 5257 1359
1525 5193 1608 5257 Maii
1631 5192 1680 5255 18.

357 5355 388 5409 a
406 5355 458 5408 Αι.
480 5359 523 5406 141
546 5352 592 5406 fol.
612 5356 681 5405 3932
