<?xml version="1.0" encoding="UTF-8"?>
<!DOCTYPE html PUBLIC "-//W3C//DTD XHTML 1.0 Transitional//EN"
    "http://www.w3.org/TR/xhtml1/DTD/xhtml1-transitional.dtd">
<html xmlns="http://www.w3.org/1999/xhtml" xml:lang="en" lang="en">
 <head>
  <title>
</title>
<meta http-equiv="Content-Type" content="text/html;charset=utf-8" />
  <meta name='ocr-system' content='tesseract 3.04.00' />
  <meta name='ocr-capabilities' content='ocr_page ocr_carea ocr_par ocr_line ocrx_word'/>
</head>
<body>
  <div class='ocr_page' id='page_1' title='image "./monumentavatica00vatigoog_0466.png"; bbox 0 0 3944 6060; ppageno 0'>
   <div class='ocr_carea' id='block_1_1' title="bbox 850 393 1735 468">
    <p class='ocr_par' dir='ltr' id='par_1_1' title="bbox 850 393 1735 468">
     <span class='ocr_line' id='line_1_1' title="bbox 850 393 1735 468; baseline 0.018 -16"><span class='ocrx_word' id='word_1_1' title='bbox 850 403 917 454; x_wconf 82' lang='lat' dir='ltr'>tacu</span> <span class='ocrx_word' id='word_1_2' title='bbox 934 393 1059 454; x_wconf 84' lang='lat' dir='ltr'>Januarii</span> <span class='ocrx_word' id='word_1_3' title='bbox 1078 405 1120 454; x_wconf 75' lang='lat'>28.</span> <span class='ocrx_word' id='word_1_4' title='bbox 1670 400 1735 468; x_wconf 79' lang='grc'>413</span> 
     </span>
    </p>
   </div>
   <div class='ocr_carea' id='block_1_2' title="bbox 233 609 1735 797">
    <p class='ocr_par' dir='ltr' id='par_1_2' title="bbox 233 609 1735 797">
     <span class='ocr_line' id='line_1_2' title="bbox 233 609 1735 693; baseline -0.002 -16"><span class='ocrx_word' id='word_1_5' title='bbox 233 611 348 678; x_wconf 80' lang='lat'><strong><em>1036.</em></strong></span> <span class='ocrx_word' id='word_1_6' title='bbox 372 609 738 688; x_wconf 73' lang='grc' dir='ltr'>ι101111ἰὸ011111110111,</span> <span class='ocrx_word' id='word_1_7' title='bbox 762 616 915 693; x_wconf 86' lang='lat' dir='ltr'>quatenus</span> <span class='ocrx_word' id='word_1_8' title='bbox 941 610 1128 673; x_wconf 74' lang='lat' dir='ltr'><em>Theoderico</em></span> <span class='ocrx_word' id='word_1_9' title='bbox 1154 609 1329 674; x_wconf 83' lang='lat' dir='ltr'>Dlulronnli</span> <span class='ocrx_word' id='word_1_10' title='bbox 1351 610 1388 673; x_wconf 77' lang='lat' dir='ltr'>oe</span> <span class='ocrx_word' id='word_1_11' title='bbox 1405 611 1526 676; x_wconf 88' lang='lat' dir='ltr'>Blotna</span> <span class='ocrx_word' id='word_1_12' title='bbox 1547 617 1735 693; x_wconf 84' lang='lat' dir='ltr'>perpetuum</span> 
     </span>
     <span class='ocr_line' id='line_1_3' title="bbox 430 713 1532 797; baseline -0.001 -18"><span class='ocrx_word' id='word_1_13' title='bbox 430 715 609 797; x_wconf 82' lang='lat' dir='ltr'>beneficium</span> <span class='ocrx_word' id='word_1_14' title='bbox 633 713 749 780; x_wconf 84' lang='lat' dir='ltr'>altaris</span> <span class='ocrx_word' id='word_1_15' title='bbox 771 736 796 778; x_wconf 85' lang='lat' dir='ltr'>s.</span> <span class='ocrx_word' id='word_1_16' title='bbox 822 715 949 779; x_wconf 84' lang='lat' dir='ltr'>Mariae</span> <span class='ocrx_word' id='word_1_17' title='bbox 971 714 1006 777; x_wconf 80' lang='lat' dir='ltr'>ln</span> <span class='ocrx_word' id='word_1_18' title='bbox 1027 713 1159 779; x_wconf 84' lang='lat' dir='ltr'>ecclesio</span> <span class='ocrx_word' id='word_1_19' title='bbox 1181 714 1336 796; x_wconf 74' lang='lat' dir='ltr'>Propensi</span> <span class='ocrx_word' id='word_1_20' title='bbox 1357 718 1532 792; x_wconf 84' lang='lat' dir='ltr'>conferunt.</span> 
     </span>
    </p>
   </div>
   <div class='ocr_carea' id='block_1_3' title="bbox 1159 847 1689 937">
    <p class='ocr_par' dir='ltr' id='par_1_3' title="bbox 1159 847 1689 937">
     <span class='ocr_line' id='line_1_4' title="bbox 1159 847 1689 937; baseline 0.011 -25"><span class='ocrx_word' id='word_1_21' title='bbox 1159 847 1320 937; x_wconf 82' lang='lat' dir='ltr'>Aoiuloue,</span> <span class='ocrx_word' id='word_1_22' title='bbox 1349 854 1436 918; x_wconf 81' lang='grc'><strong>1360</strong></span> <span class='ocrx_word' id='word_1_23' title='bbox 1457 854 1614 920; x_wconf 74' lang='lat' dir='ltr'>,launo-tt</span> <span class='ocrx_word' id='word_1_24' title='bbox 1636 854 1689 918; x_wconf 78' lang='lat'>28.</span> 
     </span>
    </p>
   </div>
   <div class='ocr_carea' id='block_1_4' title="bbox 232 1062 1737 3850">
    <p class='ocr_par' dir='ltr' id='par_1_4' title="bbox 232 1062 1737 3850">
     <span class='ocr_line' id='line_1_5' title="bbox 360 1062 1734 1143; baseline -0.001 -16"><span class='ocrx_word' id='word_1_25' title='bbox 360 1063 422 1128; x_wconf 86' lang='lat' dir='ltr'>Dd.</span> <span class='ocrx_word' id='word_1_26' title='bbox 453 1062 630 1128; x_wconf 73' lang='lat' dir='ltr'>litterano</span> <span class='ocrx_word' id='word_1_27' title='bbox 662 1080 685 1127; x_wconf 92' lang='lat' dir='ltr'>s.</span> <span class='ocrx_word' id='word_1_28' title='bbox 712 1062 850 1142; x_wconf 78' lang='lat' dir='ltr'>Agricoli</span> <span class='ocrx_word' id='word_1_29' title='bbox 880 1062 1105 1126; x_wconf 86' lang='lat' dir='ltr'>huiuionensis</span> <span class='ocrx_word' id='word_1_30' title='bbox 1137 1068 1170 1126; x_wconf 91' lang='lat' dir='ltr'>et</span> <span class='ocrx_word' id='word_1_31' title='bbox 1203 1062 1417 1143; x_wconf 89' lang='lat' dir='ltr'>..preposito</span> <span class='ocrx_word' id='word_1_32' title='bbox 1452 1082 1488 1126; x_wconf 90' lang='lat' dir='ltr'>ac</span> <span class='ocrx_word' id='word_1_33' title='bbox 1507 1113 1540 1128; x_wconf 90' lang='lat'>..</span> <span class='ocrx_word' id='word_1_34' title='bbox 1566 1062 1734 1128; x_wconf 88' lang='lat' dir='ltr'>scolastico</span> 
     </span>
     <span class='ocr_line' id='line_1_6' title="bbox 233 1166 1732 1249; baseline -0.001 -19"><span class='ocrx_word' id='word_1_35' title='bbox 233 1166 503 1249; x_wconf 85' lang='lat' dir='ltr'>Wissegradensis</span> <span class='ocrx_word' id='word_1_36' title='bbox 526 1166 695 1248; x_wconf 81' lang='lat' dir='ltr'>Pragensis</span> <span class='ocrx_word' id='word_1_37' title='bbox 712 1167 790 1229; x_wconf 88' lang='lat' dir='ltr'>dioc.</span> <span class='ocrx_word' id='word_1_38' title='bbox 815 1166 1020 1230; x_wconf 88' lang='lat' dir='ltr'>ecclesiarum</span> <span class='ocrx_word' id='word_1_39' title='bbox 1044 1167 1178 1230; x_wconf 90' lang='lat' dir='ltr'>salutem</span> <span class='ocrx_word' id='word_1_40' title='bbox 1195 1174 1228 1229; x_wconf 93' lang='lat' dir='ltr'>et</span> <span class='ocrx_word' id='word_1_41' title='bbox 1244 1166 1449 1248; x_wconf 90' lang='lat' dir='ltr'>apostolicam</span> <span class='ocrx_word' id='word_1_42' title='bbox 1466 1167 1732 1232; x_wconf 78' lang='lat' dir='ltr'>benediccionem.</span> 
     </span>
     <span class='ocr_line' id='line_1_7' title="bbox 233 1269 1734 1352; baseline -0.001 -17"><span class='ocrx_word' id='word_1_43' title='bbox 233 1271 417 1336; x_wconf 78' lang='lat' dir='ltr'>laudabilia</span> <span class='ocrx_word' id='word_1_44' title='bbox 439 1270 606 1350; x_wconf 75' lang='lat' dir='ltr'>probitatis</span> <span class='ocrx_word' id='word_1_45' title='bbox 639 1276 672 1334; x_wconf 93' lang='lat' dir='ltr'>et</span> <span class='ocrx_word' id='word_1_46' title='bbox 695 1269 847 1334; x_wconf 88' lang='lat' dir='ltr'>uirtutum</span> <span class='ocrx_word' id='word_1_47' title='bbox 877 1271 1000 1352; x_wconf 85' lang='lat' dir='ltr'>nuerita,</span> <span class='ocrx_word' id='word_1_48' title='bbox 1043 1289 1138 1352; x_wconf 92' lang='lat' dir='ltr'>super</span> <span class='ocrx_word' id='word_1_49' title='bbox 1169 1271 1281 1351; x_wconf 91' lang='lat' dir='ltr'>quibus</span> <span class='ocrx_word' id='word_1_50' title='bbox 1306 1272 1336 1333; x_wconf 90' lang='lat' dir='ltr'>d.</span> <span class='ocrx_word' id='word_1_51' title='bbox 1360 1270 1381 1334; x_wconf 87' lang='lat' dir='ltr'>l.</span> <span class='ocrx_word' id='word_1_52' title='bbox 1412 1271 1626 1336; x_wconf 84' lang='lat' dir='ltr'>Theodericus</span> <span class='ocrx_word' id='word_1_53' title='bbox 1658 1271 1734 1333; x_wconf 91' lang='lat' dir='ltr'>Dlu-</span> 
     </span>
     <span class='ocr_line' id='line_1_8' title="bbox 232 1374 1735 1457; baseline 0 -18"><span class='ocrx_word' id='word_1_54' title='bbox 232 1375 338 1440; x_wconf 89' lang='lat' dir='ltr'>homili</span> <span class='ocrx_word' id='word_1_55' title='bbox 362 1376 401 1440; x_wconf 90' lang='lat' dir='ltr'>de</span> <span class='ocrx_word' id='word_1_56' title='bbox 424 1375 594 1454; x_wconf 85' lang='lat' dir='ltr'>Blathna·)</span> <span class='ocrx_word' id='word_1_57' title='bbox 625 1375 794 1438; x_wconf 90' lang='lat' dir='ltr'>canonicus</span> <span class='ocrx_word' id='word_1_58' title='bbox 829 1374 963 1439; x_wconf 76' lang='lat' dir='ltr'>ecclesie</span> <span class='ocrx_word' id='word_1_59' title='bbox 995 1393 1018 1438; x_wconf 92' lang='lat' dir='ltr'>s.</span> <span class='ocrx_word' id='word_1_60' title='bbox 1044 1375 1149 1455; x_wconf 84' lang='lat' dir='ltr'>Egidii</span> <span class='ocrx_word' id='word_1_61' title='bbox 1180 1375 1350 1455; x_wconf 81' lang='lat' dir='ltr'>Pragensis</span> <span class='ocrx_word' id='word_1_62' title='bbox 1382 1376 1465 1457; x_wconf 89' lang='lat' dir='ltr'>apud</span> <span class='ocrx_word' id='word_1_63' title='bbox 1488 1395 1545 1439; x_wconf 93' lang='lat' dir='ltr'>nos</span> <span class='ocrx_word' id='word_1_64' title='bbox 1576 1375 1735 1456; x_wconf 80' lang='lat' dir='ltr'>fidedigno</span> 
     </span>
     <span class='ocr_line' id='line_1_9' title="bbox 234 1479 1735 1561; baseline 0 -17"><span class='ocrx_word' id='word_1_65' title='bbox 234 1480 467 1545; x_wconf 88' lang='lat' dir='ltr'>commendatur</span> <span class='ocrx_word' id='word_1_66' title='bbox 498 1479 689 1559; x_wconf 91' lang='lat' dir='ltr'>testimonio,</span> <span class='ocrx_word' id='word_1_67' title='bbox 720 1497 777 1543; x_wconf 91' lang='lat' dir='ltr'>nos</span> <span class='ocrx_word' id='word_1_68' title='bbox 808 1479 970 1554; x_wconf 88' lang='lat' dir='ltr'>imlucunt‚</span> <span class='ocrx_word' id='word_1_69' title='bbox 1005 1484 1040 1542; x_wconf 92' lang='lat' dir='ltr'>ut</span> <span class='ocrx_word' id='word_1_70' title='bbox 1062 1479 1123 1542; x_wconf 87' lang='lat' dir='ltr'>sibi</span> <span class='ocrx_word' id='word_1_71' title='bbox 1146 1479 1315 1543; x_wconf 89' lang='lat' dir='ltr'>reddamur</span> <span class='ocrx_word' id='word_1_72' title='bbox 1346 1480 1386 1543; x_wconf 90' lang='lat' dir='ltr'>ad</span> <span class='ocrx_word' id='word_1_73' title='bbox 1410 1481 1546 1561; x_wconf 82' lang='lat' dir='ltr'>graciam</span> <span class='ocrx_word' id='word_1_74' title='bbox 1576 1479 1735 1544; x_wconf 80' lang='lat' dir='ltr'>liberales</span> 
     </span>
     <span class='ocr_line' id='line_1_10' title="bbox 234 1582 1736 1664; baseline -0.001 -16"><span class='ocrx_word' id='word_1_75' title='bbox 234 1583 383 1649; x_wconf 85' lang='lat' dir='ltr'>Exhibita</span> <span class='ocrx_word' id='word_1_76' title='bbox 406 1583 433 1647; x_wconf 93' lang='lat' dir='ltr'>si</span> <span class='ocrx_word' id='word_1_77' title='bbox 457 1582 583 1664; x_wconf 89' lang='lat' dir='ltr'>quidem</span> <span class='ocrx_word' id='word_1_78' title='bbox 607 1584 696 1647; x_wconf 89' lang='lat' dir='ltr'>nobis</span> <span class='ocrx_word' id='word_1_79' title='bbox 739 1583 839 1663; x_wconf 91' lang='lat' dir='ltr'>ipsius</span> <span class='ocrx_word' id='word_1_80' title='bbox 873 1582 1061 1647; x_wconf 81' lang='lat' dir='ltr'>Theoderici</span> <span class='ocrx_word' id='word_1_81' title='bbox 1095 1583 1212 1664; x_wconf 86' lang='lat' dir='ltr'>peticio</span> <span class='ocrx_word' id='word_1_82' title='bbox 1247 1584 1439 1662; x_wconf 84' lang='lat' dir='ltr'>corutinebat,</span> <span class='ocrx_word' id='word_1_83' title='bbox 1475 1584 1558 1664; x_wconf 92' lang='lat' dir='ltr'>quod</span> <span class='ocrx_word' id='word_1_84' title='bbox 1592 1585 1665 1647; x_wconf 86' lang='lat' dir='ltr'>oliuu</span> <span class='ocrx_word' id='word_1_85' title='bbox 1703 1585 1736 1647; x_wconf 95' lang='lat' dir='ltr'>iu</span> 
     </span>
     <span class='ocr_line' id='line_1_11' title="bbox 234 1685 1734 1769; baseline 0 -18"><span class='ocrx_word' id='word_1_86' title='bbox 234 1687 419 1752; x_wconf 80' lang='lat' dir='ltr'>fundacione</span> <span class='ocrx_word' id='word_1_87' title='bbox 443 1687 589 1768; x_wconf 88' lang='lat' dir='ltr'>perpetui</span> <span class='ocrx_word' id='word_1_88' title='bbox 613 1685 758 1751; x_wconf 75' lang='lat' dir='ltr'>lierreficii</span> <span class='ocrx_word' id='word_1_89' title='bbox 789 1687 899 1750; x_wconf 86' lang='lat' dir='ltr'>altaris</span> <span class='ocrx_word' id='word_1_90' title='bbox 923 1704 947 1749; x_wconf 92' lang='lat' dir='ltr'>s.</span> <span class='ocrx_word' id='word_1_91' title='bbox 973 1686 1073 1749; x_wconf 87' lang='lat' dir='ltr'>llarie</span> <span class='ocrx_word' id='word_1_92' title='bbox 1098 1686 1151 1750; x_wconf 89' lang='lat' dir='ltr'>siti</span> <span class='ocrx_word' id='word_1_93' title='bbox 1183 1686 1215 1749; x_wconf 91' lang='lat' dir='ltr'>iu</span> <span class='ocrx_word' id='word_1_94' title='bbox 1239 1687 1375 1751; x_wconf 86' lang='lat' dir='ltr'>ecclesia</span> <span class='ocrx_word' id='word_1_95' title='bbox 1406 1687 1567 1769; x_wconf 66' lang='lat' dir='ltr'>Propensi,</span> <span class='ocrx_word' id='word_1_96' title='bbox 1592 1689 1734 1752; x_wconf 85' lang='lat' dir='ltr'>uniniste-</span> 
     </span>
     <span class='ocr_line' id='line_1_12' title="bbox 236 1789 1737 1873; baseline -0.001 -18"><span class='ocrx_word' id='word_1_97' title='bbox 236 1791 314 1855; x_wconf 85' lang='lat' dir='ltr'>rium</span> <span class='ocrx_word' id='word_1_98' title='bbox 336 1791 431 1855; x_wconf 89' lang='lat' dir='ltr'>misse</span> <span class='ocrx_word' id='word_1_99' title='bbox 455 1791 487 1854; x_wconf 94' lang='lat' dir='ltr'>in</span> <span class='ocrx_word' id='word_1_100' title='bbox 511 1809 625 1854; x_wconf 89' lang='lat' dir='ltr'>aurora</span> <span class='ocrx_word' id='word_1_101' title='bbox 648 1791 830 1871; x_wconf 93' lang='lat' dir='ltr'>nuncupati,</span> <span class='ocrx_word' id='word_1_102' title='bbox 857 1789 953 1853; x_wconf 87' lang='lat' dir='ltr'>fucrit</span> <span class='ocrx_word' id='word_1_103' title='bbox 976 1789 1156 1853; x_wconf 90' lang='lat' dir='ltr'>institutum</span> <span class='ocrx_word' id='word_1_104' title='bbox 1180 1791 1268 1853; x_wconf 89' lang='lat' dir='ltr'>etin</span> <span class='ocrx_word' id='word_1_105' title='bbox 1293 1791 1523 1873; x_wconf 87' lang='lat' dir='ltr'>approbacione</span> <span class='ocrx_word' id='word_1_106' title='bbox 1555 1792 1656 1873; x_wconf 90' lang='lat' dir='ltr'>ipsius</span> <span class='ocrx_word' id='word_1_107' title='bbox 1679 1809 1737 1872; x_wconf 86' lang='lat' dir='ltr'>per</span> 
     </span>
     <span class='ocr_line' id='line_1_13' title="bbox 234 1894 1733 1977; baseline -0.002 -17"><span class='ocrx_word' id='word_1_108' title='bbox 234 1897 339 1960; x_wconf 88' lang='lat' dir='ltr'>sedern</span> <span class='ocrx_word' id='word_1_109' title='bbox 361 1895 566 1977; x_wconf 90' lang='lat' dir='ltr'>apostolicam</span> <span class='ocrx_word' id='word_1_110' title='bbox 590 1895 664 1958; x_wconf 90' lang='lat' dir='ltr'>inde</span> <span class='ocrx_word' id='word_1_111' title='bbox 698 1894 782 1958; x_wconf 87' lang='lat' dir='ltr'>lucta</span> <span class='ocrx_word' id='word_1_112' title='bbox 806 1901 935 1959; x_wconf 88' lang='lat' dir='ltr'>cavetur</span> <span class='ocrx_word' id='word_1_113' title='bbox 967 1912 1127 1975; x_wconf 83' lang='lat' dir='ltr'>expresse,</span> <span class='ocrx_word' id='word_1_114' title='bbox 1160 1895 1242 1973; x_wconf 92' lang='lat' dir='ltr'>quod</span> <span class='ocrx_word' id='word_1_115' title='bbox 1266 1895 1293 1958; x_wconf 87' lang='lat' dir='ltr'>si</span> <span class='ocrx_word' id='word_1_116' title='bbox 1317 1895 1463 1959; x_wconf 89' lang='lat' dir='ltr'>obtinens</span> <span class='ocrx_word' id='word_1_117' title='bbox 1496 1896 1614 1960; x_wconf 94' lang='lat' dir='ltr'>dictum</span> <span class='ocrx_word' id='word_1_118' title='bbox 1639 1896 1733 1958; x_wconf 89' lang='lat' dir='ltr'>bene-</span> 
     </span>
     <span class='ocr_line' id='line_1_14' title="bbox 235 1997 1734 2080; baseline -0.001 -17"><span class='ocrx_word' id='word_1_119' title='bbox 235 1998 335 2063; x_wconf 88' lang='lat' dir='ltr'>ficium</span> <span class='ocrx_word' id='word_1_120' title='bbox 359 1997 486 2078; x_wconf 80' lang='lat' dir='ltr'>aliquod</span> <span class='ocrx_word' id='word_1_121' title='bbox 510 2003 651 2061; x_wconf 86' lang='lat' dir='ltr'>curatum</span> <span class='ocrx_word' id='word_1_122' title='bbox 675 1997 860 2060; x_wconf 83' lang='lat' dir='ltr'>l›cnehciunr</span> <span class='ocrx_word' id='word_1_123' title='bbox 891 1997 1021 2080; x_wconf 87' lang='lat' dir='ltr'>pacitice</span> <span class='ocrx_word' id='word_1_124' title='bbox 1045 2006 1243 2079; x_wconf 82' lang='lat' dir='ltr'>assequatur,</span> <span class='ocrx_word' id='word_1_125' title='bbox 1278 2017 1316 2062; x_wconf 88' lang='lat' dir='ltr'>eo</span> <span class='ocrx_word' id='word_1_126' title='bbox 1340 1999 1409 2079; x_wconf 88' lang='lat' dir='ltr'>ipso</span> <span class='ocrx_word' id='word_1_127' title='bbox 1433 2006 1525 2063; x_wconf 87' lang='lat' dir='ltr'>vacat</span> <span class='ocrx_word' id='word_1_128' title='bbox 1548 1998 1734 2063; x_wconf 82' lang='lat' dir='ltr'>berreticium</span> 
     </span>
     <span class='ocr_line' id='line_1_15' title="bbox 236 2098 1735 2185; baseline 0 -18"><span class='ocrx_word' id='word_1_129' title='bbox 236 2103 343 2167; x_wconf 83' lang='lat' dir='ltr'>altaris</span> <span class='ocrx_word' id='word_1_130' title='bbox 360 2102 583 2184; x_wconf 75' lang='lat' dir='ltr'>supradictum.</span> <span class='ocrx_word' id='word_1_131' title='bbox 608 2102 685 2165; x_wconf 85' lang='lat' dir='ltr'>Cum</span> <span class='ocrx_word' id='word_1_132' title='bbox 707 2102 823 2183; x_wconf 89' lang='lat' dir='ltr'>itaque,</span> <span class='ocrx_word' id='word_1_133' title='bbox 847 2103 929 2166; x_wconf 89' lang='lat' dir='ltr'>sicut</span> <span class='ocrx_word' id='word_1_134' title='bbox 952 2103 1138 2185; x_wconf 74' lang='lat' dir='ltr'>accepimuS,</span> <span class='ocrx_word' id='word_1_135' title='bbox 1155 2103 1184 2165; x_wconf 94' lang='lat' dir='ltr'>d.</span> <span class='ocrx_word' id='word_1_136' title='bbox 1208 2102 1228 2165; x_wconf 87' lang='lat' dir='ltr'>l.</span> <span class='ocrx_word' id='word_1_137' title='bbox 1250 2098 1413 2166; x_wconf 86' lang='lat' dir='ltr'>lohannes</span> <span class='ocrx_word' id='word_1_138' title='bbox 1430 2103 1532 2166; x_wconf 91' lang='lat' dir='ltr'>dictus</span> <span class='ocrx_word' id='word_1_139' title='bbox 1556 2103 1735 2185; x_wconf 75' lang='lat' dir='ltr'>rrusnyuu</span> 
     </span>
     <span class='ocr_line' id='line_1_16' title="bbox 234 2206 1735 2289; baseline -0.001 -17"><span class='ocrx_word' id='word_1_140' title='bbox 234 2215 336 2272; x_wconf 88' lang='lat' dir='ltr'>rector</span> <span class='ocrx_word' id='word_1_141' title='bbox 358 2206 564 2289; x_wconf 86' lang='lat' dir='ltr'>parrochialis</span> <span class='ocrx_word' id='word_1_142' title='bbox 587 2206 722 2270; x_wconf 88' lang='lat' dir='ltr'>ecclesie</span> <span class='ocrx_word' id='word_1_143' title='bbox 747 2207 778 2269; x_wconf 94' lang='lat' dir='ltr'>in</span> <span class='ocrx_word' id='word_1_144' title='bbox 809 2207 946 2288; x_wconf 78' lang='lat' dir='ltr'>Lignycz</span> <span class='ocrx_word' id='word_1_145' title='bbox 971 2206 1244 2270; x_wconf 84' lang='lat' dir='ltr'>ll&#39;ratislauiensis</span> <span class='ocrx_word' id='word_1_146' title='bbox 1275 2207 1366 2289; x_wconf 86' lang='lat' dir='ltr'>dioc,</span> <span class='ocrx_word' id='word_1_147' title='bbox 1399 2207 1518 2271; x_wconf 87' lang='lat' dir='ltr'>dictum</span> <span class='ocrx_word' id='word_1_148' title='bbox 1549 2208 1735 2272; x_wconf 73' lang='lat' dir='ltr'>loerrelicium</span> 
     </span>
     <span class='ocr_line' id='line_1_17' title="bbox 235 2310 1736 2391; baseline 0 -17"><span class='ocrx_word' id='word_1_149' title='bbox 235 2311 342 2376; x_wconf 89' lang='lat' dir='ltr'>altaris</span> <span class='ocrx_word' id='word_1_150' title='bbox 367 2317 441 2374; x_wconf 81' lang='lat' dir='ltr'>tuum</span> <span class='ocrx_word' id='word_1_151' title='bbox 465 2310 622 2389; x_wconf 88' lang='lat' dir='ltr'>obtinens,</span> <span class='ocrx_word' id='word_1_152' title='bbox 646 2310 779 2373; x_wconf 85' lang='grc'><strong>0111110111</strong></span> <span class='ocrx_word' id='word_1_153' title='bbox 803 2310 1032 2391; x_wconf 82' lang='lat' dir='ltr'>parrochialem</span> <span class='ocrx_word' id='word_1_154' title='bbox 1056 2311 1222 2374; x_wconf 85' lang='lat' dir='ltr'>ecclesiam</span> <span class='ocrx_word' id='word_1_155' title='bbox 1247 2317 1321 2374; x_wconf 91' lang='lat' dir='ltr'>tunc</span> <span class='ocrx_word' id='word_1_156' title='bbox 1344 2318 1519 2391; x_wconf 81' lang='lat' dir='ltr'>vacuantem,</span> <span class='ocrx_word' id='word_1_157' title='bbox 1544 2312 1736 2376; x_wconf 88' lang='lat' dir='ltr'>auctoritate</span> 
     </span>
     <span class='ocr_line' id='line_1_18' title="bbox 234 2413 1734 2496; baseline 0 -17"><span class='ocrx_word' id='word_1_158' title='bbox 234 2416 389 2480; x_wconf 89' lang='lat' dir='ltr'>ordinaria</span> <span class='ocrx_word' id='word_1_159' title='bbox 420 2414 480 2479; x_wconf 90' lang='lat' dir='ltr'>sibi</span> <span class='ocrx_word' id='word_1_160' title='bbox 505 2414 660 2496; x_wconf 89' lang='lat' dir='ltr'>collatam,</span> <span class='ocrx_word' id='word_1_161' title='bbox 684 2414 829 2477; x_wconf 86' lang='lat' dir='ltr'>extiterit</span> <span class='ocrx_word' id='word_1_162' title='bbox 859 2413 988 2494; x_wconf 85' lang='lat' dir='ltr'>pacifice</span> <span class='ocrx_word' id='word_1_163' title='bbox 1008 2420 1188 2491; x_wconf 87' lang='lat' dir='ltr'>assecutus,</span> <span class='ocrx_word' id='word_1_164' title='bbox 1220 2422 1254 2479; x_wconf 89' lang='lat' dir='ltr'>et</span> <span class='ocrx_word' id='word_1_165' title='bbox 1277 2420 1445 2496; x_wconf 88' lang='lat' dir='ltr'>propterea</span> <span class='ocrx_word' id='word_1_166' title='bbox 1477 2415 1595 2478; x_wconf 90' lang='lat' dir='ltr'>dictum</span> <span class='ocrx_word' id='word_1_167' title='bbox 1619 2415 1734 2480; x_wconf 85' lang='lat' dir='ltr'>benefi-</span> 
     </span>
     <span class='ocr_line' id='line_1_19' title="bbox 235 2518 1732 2601; baseline -0.001 -17"><span class='ocrx_word' id='word_1_168' title='bbox 235 2521 313 2584; x_wconf 86' lang='lat' dir='ltr'>cium</span> <span class='ocrx_word' id='word_1_169' title='bbox 337 2518 500 2584; x_wconf 87' lang='lat' dir='ltr'>vacaverit</span> <span class='ocrx_word' id='word_1_170' title='bbox 523 2525 556 2582; x_wconf 91' lang='lat' dir='ltr'>et</span> <span class='ocrx_word' id='word_1_171' title='bbox 578 2525 670 2583; x_wconf 68' lang='lat' dir='ltr'>vincet</span> <span class='ocrx_word' id='word_1_172' title='bbox 693 2518 733 2582; x_wconf 89' lang='lat' dir='ltr'>ad</span> <span class='ocrx_word' id='word_1_173' title='bbox 755 2537 898 2599; x_wconf 85' lang='lat' dir='ltr'>presens,</span> <span class='ocrx_word' id='word_1_174' title='bbox 921 2538 978 2582; x_wconf 92' lang='lat' dir='ltr'>nos</span> <span class='ocrx_word' id='word_1_175' title='bbox 996 2519 1139 2583; x_wconf 88' lang='lat' dir='ltr'>uolentes</span> <span class='ocrx_word' id='word_1_176' title='bbox 1163 2519 1247 2583; x_wconf 88' lang='lat' dir='ltr'>dicto</span> <span class='ocrx_word' id='word_1_177' title='bbox 1270 2518 1518 2583; x_wconf 90' lang='lat' dir='ltr'>Theoderico..</span> <span class='ocrx_word' id='word_1_178' title='bbox 1539 2569 1571 2582; x_wconf 90' lang='lat'>..</span> <span class='ocrx_word' id='word_1_179' title='bbox 1595 2520 1732 2601; x_wconf 85' lang='lat' dir='ltr'>graciam</span> 
     </span>
     <span class='ocr_line' id='line_1_20' title="bbox 234 2621 1735 2704; baseline 0.001 -17"><span class='ocrx_word' id='word_1_180' title='bbox 234 2623 334 2688; x_wconf 89' lang='lat' dir='ltr'>tacere</span> <span class='ocrx_word' id='word_1_181' title='bbox 359 2621 538 2704; x_wconf 86' lang='lat' dir='ltr'>specialem,</span> <span class='ocrx_word' id='word_1_182' title='bbox 570 2621 759 2686; x_wconf 79' lang='lat' dir='ltr'>discrecioni</span> <span class='ocrx_word' id='word_1_183' title='bbox 783 2628 889 2686; x_wconf 85' lang='lat' dir='ltr'>restra</span> <span class='ocrx_word' id='word_1_184' title='bbox 921 2641 977 2704; x_wconf 89' lang='lat' dir='ltr'>per</span> <span class='ocrx_word' id='word_1_185' title='bbox 1000 2623 1174 2704; x_wconf 89' lang='lat' dir='ltr'>apostolica</span> <span class='ocrx_word' id='word_1_186' title='bbox 1205 2623 1324 2703; x_wconf 87' lang='lat' dir='ltr'>scripta</span> <span class='ocrx_word' id='word_1_187' title='bbox 1353 2624 1546 2704; x_wconf 88' lang='lat' dir='ltr'>mandamus,</span> <span class='ocrx_word' id='word_1_188' title='bbox 1578 2631 1735 2704; x_wconf 89' lang='lat' dir='ltr'>quatenus</span> 
     </span>
     <span class='ocr_line' id='line_1_21' title="bbox 235 2725 1735 2807; baseline -0.001 -15"><span class='ocrx_word' id='word_1_189' title='bbox 235 2746 285 2792; x_wconf 86' lang='lat' dir='ltr'>vos</span> <span class='ocrx_word' id='word_1_190' title='bbox 303 2778 311 2792; x_wconf 93' lang='lat'><strong>.</strong></span> <span class='ocrx_word' id='word_1_191' title='bbox 330 2777 337 2791; x_wconf 94' lang='lat'>.</span> <span class='ocrx_word' id='word_1_192' title='bbox 357 2778 364 2793; x_wconf 92' lang='lat'><strong>.</strong></span> <span class='ocrx_word' id='word_1_193' title='bbox 385 2776 402 2807; x_wconf 90' lang='lat'>.,</span> <span class='ocrx_word' id='word_1_194' title='bbox 427 2726 454 2790; x_wconf 93' lang='lat' dir='ltr'>si</span> <span class='ocrx_word' id='word_1_195' title='bbox 477 2726 523 2790; x_wconf 93' lang='lat' dir='ltr'>ita</span> <span class='ocrx_word' id='word_1_196' title='bbox 546 2732 605 2807; x_wconf 89' lang='lat' dir='ltr'>est,</span> <span class='ocrx_word' id='word_1_197' title='bbox 628 2726 747 2789; x_wconf 93' lang='lat' dir='ltr'>dictum</span> <span class='ocrx_word' id='word_1_198' title='bbox 771 2725 956 2791; x_wconf 83' lang='lat' dir='ltr'>beureticium</span> <span class='ocrx_word' id='word_1_199' title='bbox 976 2778 982 2791; x_wconf 94' lang='lat'><em>.</em></span> <span class='ocrx_word' id='word_1_200' title='bbox 1003 2778 1009 2791; x_wconf 88' lang='lat'><em>.</em></span> <span class='ocrx_word' id='word_1_201' title='bbox 1030 2775 1036 2789; x_wconf 95' lang='lat'>.</span> <span class='ocrx_word' id='word_1_202' title='bbox 1057 2778 1064 2791; x_wconf 86' lang='lat'><strong><em>.</em></strong></span> <span class='ocrx_word' id='word_1_203' title='bbox 1089 2727 1174 2791; x_wconf 90' lang='lat' dir='ltr'>dicto</span> <span class='ocrx_word' id='word_1_204' title='bbox 1191 2727 1387 2792; x_wconf 85' lang='lat' dir='ltr'>Theoderico</span> <span class='ocrx_word' id='word_1_205' title='bbox 1411 2729 1600 2792; x_wconf 89' lang='lat' dir='ltr'>auctoritate</span> <span class='ocrx_word' id='word_1_206' title='bbox 1625 2734 1735 2792; x_wconf 89' lang='lat' dir='ltr'>nostra</span> 
     </span>
     <span class='ocr_line' id='line_1_22' title="bbox 234 2829 1735 2913; baseline 0 -17"><span class='ocrx_word' id='word_1_207' title='bbox 234 2830 431 2896; x_wconf 81' lang='grc'><strong>0011111101</strong></span> <span class='ocrx_word' id='word_1_208' title='bbox 462 2830 625 2911; x_wconf 81' lang='lat' dir='ltr'>assignare</span> <span class='ocrx_word' id='word_1_209' title='bbox 657 2829 774 2893; x_wconf 81' lang='lat' dir='ltr'>curetis</span> <span class='ocrx_word' id='word_1_210' title='bbox 794 2880 801 2893; x_wconf 91' lang='lat'><strong>.</strong></span> <span class='ocrx_word' id='word_1_211' title='bbox 822 2881 827 2893; x_wconf 92' lang='lat'><strong><em>.</em></strong></span> <span class='ocrx_word' id='word_1_212' title='bbox 848 2879 855 2892; x_wconf 91' lang='lat'><strong>.</strong></span> <span class='ocrx_word' id='word_1_213' title='bbox 874 2880 891 2913; x_wconf 89' lang='lat'>.,</span> <span class='ocrx_word' id='word_1_214' title='bbox 924 2849 985 2893; x_wconf 87' lang='lat' dir='ltr'>non</span> <span class='ocrx_word' id='word_1_215' title='bbox 1016 2831 1243 2895; x_wconf 80' lang='lat' dir='ltr'>obstantibus,</span> <span class='ocrx_word' id='word_1_216' title='bbox 1263 2881 1269 2893; x_wconf 92' lang='lat'><strong>.</strong></span> <span class='ocrx_word' id='word_1_217' title='bbox 1291 2879 1297 2895; x_wconf 92' lang='lat'><strong>.</strong></span> <span class='ocrx_word' id='word_1_218' title='bbox 1317 2880 1335 2909; x_wconf 89' lang='lat'>.,</span> <span class='ocrx_word' id='word_1_219' title='bbox 1371 2832 1453 2912; x_wconf 93' lang='lat' dir='ltr'>quod</span> <span class='ocrx_word' id='word_1_220' title='bbox 1477 2832 1561 2895; x_wconf 87' lang='lat' dir='ltr'>idem</span> <span class='ocrx_word' id='word_1_221' title='bbox 1592 2831 1735 2896; x_wconf 89' lang='lat' dir='ltr'>Theode-</span> 
     </span>
     <span class='ocr_line' id='line_1_23' title="bbox 234 2934 1736 3017; baseline 0.001 -18"><span class='ocrx_word' id='word_1_222' title='bbox 234 2936 314 3001; x_wconf 85' lang='lat' dir='ltr'>ricus</span> <span class='ocrx_word' id='word_1_223' title='bbox 337 2936 369 2999; x_wconf 92' lang='lat' dir='ltr'>in</span> <span class='ocrx_word' id='word_1_224' title='bbox 395 2953 419 2998; x_wconf 94' lang='lat' dir='ltr'>s.</span> <span class='ocrx_word' id='word_1_225' title='bbox 444 2935 548 3017; x_wconf 79' lang='lat' dir='ltr'>Egidii</span> <span class='ocrx_word' id='word_1_226' title='bbox 573 2935 790 2999; x_wconf 90' lang='lat' dir='ltr'>canonicatum</span> <span class='ocrx_word' id='word_1_227' title='bbox 814 2941 848 2998; x_wconf 89' lang='lat' dir='ltr'>et</span> <span class='ocrx_word' id='word_1_228' title='bbox 882 2936 1074 3015; x_wconf 85' lang='lat' dir='ltr'>prebendam</span> <span class='ocrx_word' id='word_1_229' title='bbox 1106 2941 1139 2999; x_wconf 85' lang='lat' dir='ltr'>et</span> <span class='ocrx_word' id='word_1_230' title='bbox 1162 2936 1193 2998; x_wconf 90' lang='lat' dir='ltr'>in</span> <span class='ocrx_word' id='word_1_231' title='bbox 1217 2935 1369 3016; x_wconf 80' lang='lat' dir='ltr'>l‘ragensi</span> <span class='ocrx_word' id='word_1_232' title='bbox 1404 2934 1548 2999; x_wconf 90' lang='lat' dir='ltr'>ecclesiis</span> <span class='ocrx_word' id='word_1_233' title='bbox 1584 2935 1736 3017; x_wconf 89' lang='lat' dir='ltr'>predictis</span> 
     </span>
     <span class='ocr_line' id='line_1_24' title="bbox 234 3038 1733 3122; baseline -0.001 -18"><span class='ocrx_word' id='word_1_234' title='bbox 234 3047 417 3122; x_wconf 87' lang='lat' dir='ltr'>perpetuam</span> <span class='ocrx_word' id='word_1_235' title='bbox 441 3039 590 3103; x_wconf 84' lang='lat' dir='ltr'>vicariam</span> <span class='ocrx_word' id='word_1_236' title='bbox 621 3039 731 3102; x_wconf 89' lang='lat' dir='ltr'>decani</span> <span class='ocrx_word' id='word_1_237' title='bbox 755 3045 968 3119; x_wconf 87' lang='lat' dir='ltr'>nuncupatam</span> <span class='ocrx_word' id='word_1_238' title='bbox 990 3039 1114 3104; x_wconf 85' lang='lat' dir='ltr'>obtinet</span> <span class='ocrx_word' id='word_1_239' title='bbox 1144 3046 1177 3103; x_wconf 87' lang='lat' dir='ltr'>et</span> <span class='ocrx_word' id='word_1_240' title='bbox 1201 3058 1296 3121; x_wconf 88' lang='lat' dir='ltr'>super</span> <span class='ocrx_word' id='word_1_241' title='bbox 1319 3038 1467 3121; x_wconf 91' lang='lat' dir='ltr'>plebania</span> <span class='ocrx_word' id='word_1_242' title='bbox 1491 3039 1634 3103; x_wconf 89' lang='lat' dir='ltr'>eiusdem</span> <span class='ocrx_word' id='word_1_243' title='bbox 1658 3040 1733 3104; x_wconf 90' lang='lat' dir='ltr'>Pra-</span> 
     </span>
     <span class='ocr_line' id='line_1_25' title="bbox 235 3142 1736 3225; baseline 0 -18"><span class='ocrx_word' id='word_1_244' title='bbox 235 3146 337 3225; x_wconf 76' lang='lat' dir='ltr'>gensis</span> <span class='ocrx_word' id='word_1_245' title='bbox 368 3143 503 3208; x_wconf 83' lang='lat' dir='ltr'>ecclesie</span> <span class='ocrx_word' id='word_1_246' title='bbox 532 3144 564 3207; x_wconf 93' lang='lat' dir='ltr'>in</span> <span class='ocrx_word' id='word_1_247' title='bbox 588 3142 710 3224; x_wconf 87' lang='lat' dir='ltr'>palacio</span> <span class='ocrx_word' id='word_1_248' title='bbox 734 3143 908 3224; x_wconf 90' lang='lat' dir='ltr'>apostolico</span> <span class='ocrx_word' id='word_1_249' title='bbox 939 3161 973 3205; x_wconf 89' lang='lat' dir='ltr'>se</span> <span class='ocrx_word' id='word_1_250' title='bbox 996 3144 1113 3206; x_wconf 87' lang='lat' dir='ltr'>asserit</span> <span class='ocrx_word' id='word_1_251' title='bbox 1137 3144 1273 3225; x_wconf 80' lang='lat' dir='ltr'>litigare.</span> <span class='ocrx_word' id='word_1_252' title='bbox 1322 3143 1472 3208; x_wconf 86' lang='lat' dir='ltr'>Volumus</span> <span class='ocrx_word' id='word_1_253' title='bbox 1504 3149 1619 3225; x_wconf 90' lang='lat' dir='ltr'>autem,</span> <span class='ocrx_word' id='word_1_254' title='bbox 1642 3145 1736 3224; x_wconf 91' lang='lat' dir='ltr'>quod,</span> 
     </span>
     <span class='ocr_line' id='line_1_26' title="bbox 235 3247 1735 3330; baseline 0 -19"><span class='ocrx_word' id='word_1_255' title='bbox 235 3249 259 3313; x_wconf 90' lang='lat' dir='ltr'>si</span> <span class='ocrx_word' id='word_1_256' title='bbox 282 3249 417 3313; x_wconf 87' lang='lat' dir='ltr'>eundem</span> <span class='ocrx_word' id='word_1_257' title='bbox 449 3247 678 3312; x_wconf 82' lang='lat' dir='ltr'>Tlreodericuru</span> <span class='ocrx_word' id='word_1_258' title='bbox 703 3248 819 3311; x_wconf 88' lang='lat' dir='ltr'>dictam</span> <span class='ocrx_word' id='word_1_259' title='bbox 843 3248 1021 3328; x_wconf 88' lang='lat' dir='ltr'>plobauiam</span> <span class='ocrx_word' id='word_1_260' title='bbox 1052 3250 1199 3312; x_wconf 79' lang='lat' dir='ltr'>euiracore</span> <span class='ocrx_word' id='word_1_261' title='bbox 1231 3249 1403 3330; x_wconf 82' lang='lat' dir='ltr'>contingat,</span> <span class='ocrx_word' id='word_1_262' title='bbox 1436 3249 1551 3312; x_wconf 91' lang='lat' dir='ltr'>dictam</span> <span class='ocrx_word' id='word_1_263' title='bbox 1576 3248 1735 3330; x_wconf 89' lang='lat' dir='ltr'>vicariam,</span> 
     </span>
     <span class='ocr_line' id='line_1_27' title="bbox 235 3351 1734 3435; baseline -0.001 -18"><span class='ocrx_word' id='word_1_264' title='bbox 235 3371 291 3432; x_wconf 88' lang='lat' dir='ltr'>que</span> <span class='ocrx_word' id='word_1_265' title='bbox 314 3372 384 3417; x_wconf 89' lang='lat' dir='ltr'>cum</span> <span class='ocrx_word' id='word_1_266' title='bbox 409 3353 493 3417; x_wconf 89' lang='lat' dir='ltr'>dicto</span> <span class='ocrx_word' id='word_1_267' title='bbox 517 3351 669 3416; x_wconf 85' lang='lat' dir='ltr'>beneficio</span> <span class='ocrx_word' id='word_1_268' title='bbox 692 3351 789 3415; x_wconf 79' lang='lat' dir='ltr'>aruisse</span> <span class='ocrx_word' id='word_1_269' title='bbox 820 3352 1030 3432; x_wconf 84' lang='lat' dir='ltr'>counpatibilis</span> <span class='ocrx_word' id='word_1_270' title='bbox 1054 3353 1217 3433; x_wconf 86' lang='lat' dir='ltr'>asseritur,</span> <span class='ocrx_word' id='word_1_271' title='bbox 1251 3360 1345 3434; x_wconf 91' lang='lat' dir='ltr'>prout</span> <span class='ocrx_word' id='word_1_272' title='bbox 1368 3354 1408 3416; x_wconf 92' lang='lat' dir='ltr'>ad</span> <span class='ocrx_word' id='word_1_273' title='bbox 1431 3353 1464 3416; x_wconf 93' lang='lat' dir='ltr'>id</span> <span class='ocrx_word' id='word_1_274' title='bbox 1487 3371 1521 3416; x_wconf 90' lang='lat' dir='ltr'>se</span> <span class='ocrx_word' id='word_1_275' title='bbox 1546 3360 1657 3435; x_wconf 89' lang='lat' dir='ltr'>sponte</span> <span class='ocrx_word' id='word_1_276' title='bbox 1682 3353 1734 3416; x_wconf 89' lang='lat' dir='ltr'>ob-</span> 
     </span>
     <span class='ocr_line' id='line_1_28' title="bbox 235 3456 1735 3541; baseline -0.002 -20"><span class='ocrx_word' id='word_1_277' title='bbox 235 3457 314 3541; x_wconf 92' lang='lat' dir='ltr'>tulit,</span> <span class='ocrx_word' id='word_1_278' title='bbox 338 3457 508 3538; x_wconf 86' lang='lat' dir='ltr'>dimittere,</span> <span class='ocrx_word' id='word_1_279' title='bbox 542 3456 680 3536; x_wconf 90' lang='lat' dir='ltr'>alioquin</span> <span class='ocrx_word' id='word_1_280' title='bbox 705 3456 789 3519; x_wconf 89' lang='grc'><strong>0111111</strong></span> <span class='ocrx_word' id='word_1_281' title='bbox 812 3456 873 3519; x_wconf 89' lang='grc'><strong>1111</strong></span> <span class='ocrx_word' id='word_1_282' title='bbox 902 3456 934 3518; x_wconf 94' lang='lat' dir='ltr'>in</span> <span class='ocrx_word' id='word_1_283' title='bbox 957 3476 995 3519; x_wconf 88' lang='lat' dir='ltr'>ea</span> <span class='ocrx_word' id='word_1_284' title='bbox 1025 3456 1086 3520; x_wconf 91' lang='lat' dir='ltr'>sibi</span> <span class='ocrx_word' id='word_1_285' title='bbox 1118 3458 1309 3537; x_wconf 80' lang='lat' dir='ltr'>corrupetenti</span> <span class='ocrx_word' id='word_1_286' title='bbox 1341 3457 1464 3536; x_wconf 87' lang='lat' dir='ltr'>cedere,</span> <span class='ocrx_word' id='word_1_287' title='bbox 1489 3458 1635 3537; x_wconf 90' lang='lat' dir='ltr'>quodque</span> <span class='ocrx_word' id='word_1_288' title='bbox 1666 3475 1735 3520; x_wconf 91' lang='lat' dir='ltr'>cum</span> 
     </span>
     <span class='ocr_line' id='line_1_29' title="bbox 236 3559 1734 3644; baseline -0.001 -20"><span class='ocrx_word' id='word_1_289' title='bbox 236 3562 337 3644; x_wconf 81' lang='lat' dir='ltr'>rigore</span> <span class='ocrx_word' id='word_1_290' title='bbox 361 3561 560 3643; x_wconf 87' lang='lat' dir='ltr'>presencium</span> <span class='ocrx_word' id='word_1_291' title='bbox 584 3561 702 3624; x_wconf 88' lang='lat' dir='ltr'>dictum</span> <span class='ocrx_word' id='word_1_292' title='bbox 727 3559 913 3623; x_wconf 83' lang='lat' dir='ltr'>berucficium</span> <span class='ocrx_word' id='word_1_293' title='bbox 935 3561 1032 3624; x_wconf 88' lang='lat' dir='ltr'>misse</span> <span class='ocrx_word' id='word_1_294' title='bbox 1054 3559 1152 3623; x_wconf 85' lang='lat' dir='ltr'>luerit</span> <span class='ocrx_word' id='word_1_295' title='bbox 1175 3561 1304 3642; x_wconf 85' lang='lat' dir='ltr'>pacifica</span> <span class='ocrx_word' id='word_1_296' title='bbox 1328 3566 1504 3644; x_wconf 80' lang='lat' dir='ltr'>assecutum,</span> <span class='ocrx_word' id='word_1_297' title='bbox 1528 3561 1644 3625; x_wconf 92' lang='lat' dir='ltr'>dictam</span> <span class='ocrx_word' id='word_1_298' title='bbox 1667 3561 1734 3641; x_wconf 87' lang='lat' dir='ltr'>ple-</span> 
     </span>
     <span class='ocr_line' id='line_1_30' title="bbox 236 3664 1734 3745; baseline -0.001 -16"><span class='ocrx_word' id='word_1_299' title='bbox 236 3667 365 3744; x_wconf 88' lang='lat' dir='ltr'>baniam,</span> <span class='ocrx_word' id='word_1_300' title='bbox 389 3683 482 3745; x_wconf 90' lang='lat' dir='ltr'>quam</span> <span class='ocrx_word' id='word_1_301' title='bbox 505 3672 621 3728; x_wconf 87' lang='lat' dir='ltr'>extunc</span> <span class='ocrx_word' id='word_1_302' title='bbox 644 3683 757 3728; x_wconf 88' lang='lat' dir='ltr'>vacare</span> <span class='ocrx_word' id='word_1_303' title='bbox 782 3664 992 3743; x_wconf 76' lang='lat' dir='ltr'>derernimuS,</span> <span class='ocrx_word' id='word_1_304' title='bbox 1016 3664 1116 3727; x_wconf 85' lang='lat' dir='ltr'>eciam</span> <span class='ocrx_word' id='word_1_305' title='bbox 1132 3665 1293 3729; x_wconf 78' lang='lat' dir='ltr'>‹linrittere</span> <span class='ocrx_word' id='word_1_306' title='bbox 1317 3671 1466 3730; x_wconf 87' lang='lat' dir='ltr'>teneatur</span> <span class='ocrx_word' id='word_1_307' title='bbox 1485 3714 1492 3728; x_wconf 93' lang='lat'><strong>.</strong></span> <span class='ocrx_word' id='word_1_308' title='bbox 1513 3717 1519 3728; x_wconf 93' lang='lat'><strong>.</strong></span> <span class='ocrx_word' id='word_1_309' title='bbox 1540 3716 1574 3731; x_wconf 91' lang='lat'>..</span> <span class='ocrx_word' id='word_1_310' title='bbox 1599 3666 1635 3729; x_wconf 92' lang='lat' dir='ltr'>D.</span> <span class='ocrx_word' id='word_1_311' title='bbox 1661 3664 1734 3728; x_wconf 89' lang='lat' dir='ltr'>Aui-</span> 
     </span>
     <span class='ocr_line' id='line_1_31' title="bbox 236 3766 1199 3850; baseline 0.001 -18"><span class='ocrx_word' id='word_1_312' title='bbox 236 3770 325 3835; x_wconf 89' lang='lat' dir='ltr'>nione</span> <span class='ocrx_word' id='word_1_313' title='bbox 348 3769 375 3834; x_wconf 90' lang='lat' dir='ltr'>V</span> <span class='ocrx_word' id='word_1_314' title='bbox 398 3769 460 3832; x_wconf 87' lang='lat' dir='ltr'>kal.</span> <span class='ocrx_word' id='word_1_315' title='bbox 485 3768 648 3832; x_wconf 78' lang='lat' dir='ltr'>l&#39;elnuarii</span> <span class='ocrx_word' id='word_1_316' title='bbox 673 3766 874 3850; x_wconf 85' lang='lat' dir='ltr'>pontificatus</span> <span class='ocrx_word' id='word_1_317' title='bbox 899 3769 998 3831; x_wconf 86' lang='lat' dir='ltr'>nostri</span> <span class='ocrx_word' id='word_1_318' title='bbox 1025 3789 1052 3831; x_wconf 90' lang='lat' dir='ltr'>a.</span> <span class='ocrx_word' id='word_1_319' title='bbox 1078 3775 1199 3833; x_wconf 85' lang='lat' dir='ltr'>octavo.</span> 
     </span>
    </p>
   </div>
   <div class='ocr_carea' id='block_1_5' title="bbox 240 3957 1736 4100">
    <p class='ocr_par' dir='ltr' id='par_1_5' title="bbox 240 3957 1736 4100">
     <span class='ocr_line' id='line_1_32' title="bbox 359 3957 1736 4028; baseline -0.002 -16"><span class='ocrx_word' id='word_1_320' title='bbox 359 3959 458 4012; x_wconf 76' lang='grc'><strong>1111.</strong></span> <span class='ocrx_word' id='word_1_321' title='bbox 479 3965 527 4012; x_wconf 74' lang='lat'>143</span> <span class='ocrx_word' id='word_1_322' title='bbox 547 3958 593 4012; x_wconf 85' lang='lat' dir='ltr'>sol.</span> <span class='ocrx_word' id='word_1_323' title='bbox 614 3964 673 4012; x_wconf 76' lang='lat' dir='ltr'>att.</span> <span class='ocrx_word' id='word_1_324' title='bbox 696 3988 721 3997; x_wconf 95' lang='lat'><em>-</em></span> <span class='ocrx_word' id='word_1_325' title='bbox 765 3964 788 4025; x_wconf 70' lang='lat' dir='ltr'>a)</span> <span class='ocrx_word' id='word_1_326' title='bbox 809 3958 962 4011; x_wconf 79' lang='lat' dir='ltr'>Carnuntum</span> <span class='ocrx_word' id='word_1_327' title='bbox 976 3957 1004 4011; x_wconf 90' lang='lat' dir='ltr'>in</span> <span class='ocrx_word' id='word_1_328' title='bbox 1017 3958 1137 4025; x_wconf 79' lang='lat' dir='ltr'>nrargine</span> <span class='ocrx_word' id='word_1_329' title='bbox 1156 3975 1204 4027; x_wconf 92' lang='lat' dir='ltr'>pro</span> <span class='ocrx_word' id='word_1_330' title='bbox 1224 3959 1372 4028; x_wconf 83' lang='lat' dir='ltr'>,Balchua‘,</span> <span class='ocrx_word' id='word_1_331' title='bbox 1393 3959 1418 4024; x_wconf 82' lang='lat' dir='ltr'>b)</span> <span class='ocrx_word' id='word_1_332' title='bbox 1438 3958 1561 4026; x_wconf 84' lang='lat' dir='ltr'>Corrige:</span> <span class='ocrx_word' id='word_1_333' title='bbox 1581 3957 1736 4022; x_wconf 85' lang='lat' dir='ltr'>,Prunsuih‘</span> 
     </span>
     <span class='ocr_line' id='line_1_33' title="bbox 240 4046 498 4100; baseline -0.012 0"><span class='ocrx_word' id='word_1_334' title='bbox 240 4074 263 4085; x_wconf 95' lang='lat'><em>-</em></span> <span class='ocrx_word' id='word_1_335' title='bbox 284 4046 362 4100; x_wconf 79' lang='lat' dir='ltr'>Cous.</span> <span class='ocrx_word' id='word_1_336' title='bbox 380 4063 420 4099; x_wconf 90' lang='lat' dir='ltr'>nr.</span> <span class='ocrx_word' id='word_1_337' title='bbox 439 4051 498 4100; x_wconf 75' lang='lat'>852.</span> 
     </span>
    </p>
   </div>
   <div class='ocr_carea' id='block_1_6' title="bbox 878 4190 1083 4200">
    <p class='ocr_par' dir='ltr' id='par_1_6' title="bbox 878 4190 1083 4200">
     <span class='ocr_line' id='line_1_34' title="bbox 878 4190 1083 4200; baseline 0.005 -1"><span class='ocrx_word' id='word_1_338' title='bbox 878 4190 948 4199; x_wconf 48' lang='grc' dir='ltr'>υ.</span> <span class='ocrx_word' id='word_1_339' title='bbox 954 4191 1083 4200; x_wconf 52' lang='grc'>...-.4......4</span> 
     </span>
    </p>
   </div>
   <div class='ocr_carea' id='block_1_7' title="bbox 236 4343 1738 4619">
    <p class='ocr_par' dir='ltr' id='par_1_7' title="bbox 236 4343 1738 4619">
     <span class='ocr_line' id='line_1_35' title="bbox 236 4343 1736 4430; baseline -0.001 -21"><span class='ocrx_word' id='word_1_340' title='bbox 236 4345 346 4412; x_wconf 75' lang='lat'><strong><em>1037.</em></strong></span> <span class='ocrx_word' id='word_1_341' title='bbox 382 4343 567 4409; x_wconf 81' lang='lat' dir='ltr'>Tlouuliuus</span> <span class='ocrx_word' id='word_1_342' title='bbox 600 4344 638 4408; x_wconf 82' lang='lat' dir='ltr'>oe</span> <span class='ocrx_word' id='word_1_343' title='bbox 671 4343 831 4409; x_wconf 74' lang='lat' dir='ltr'>Montibus</span> <span class='ocrx_word' id='word_1_344' title='bbox 868 4345 987 4430; x_wconf 68' lang='lat' dir='ltr'>tutonis,</span> <span class='ocrx_word' id='word_1_345' title='bbox 1023 4347 1077 4429; x_wconf 84' lang='lat' dir='ltr'>qui</span> <span class='ocrx_word' id='word_1_346' title='bbox 1105 4346 1272 4411; x_wconf 85' lang='lat' dir='ltr'>homicidio</span> <span class='ocrx_word' id='word_1_347' title='bbox 1307 4345 1471 4409; x_wconf 79' lang='grc'><strong>1011111111</strong></span> <span class='ocrx_word' id='word_1_348' title='bbox 1504 4344 1539 4407; x_wconf 85' lang='lat' dir='ltr'>in</span> <span class='ocrx_word' id='word_1_349' title='bbox 1572 4345 1736 4408; x_wconf 73' lang='lat' dir='ltr'>sethliaco·</span> 
     </span>
     <span class='ocr_line' id='line_1_36' title="bbox 236 4447 1738 4535; baseline -0.001 -23"><span class='ocrx_word' id='word_1_350' title='bbox 236 4453 324 4515; x_wconf 85' lang='lat' dir='ltr'>uatus</span> <span class='ocrx_word' id='word_1_351' title='bbox 346 4447 395 4514; x_wconf 87' lang='lat' dir='ltr'>cel</span> <span class='ocrx_word' id='word_1_352' title='bbox 417 4448 605 4514; x_wconf 82' lang='lat' dir='ltr'>diaconatus</span> <span class='ocrx_word' id='word_1_353' title='bbox 628 4450 735 4513; x_wconf 75' lang='lat' dir='ltr'>orcliue</span> <span class='ocrx_word' id='word_1_354' title='bbox 756 4449 918 4514; x_wconf 84' lang='lat' dir='ltr'>constituti</span> <span class='ocrx_word' id='word_1_355' title='bbox 940 4451 1099 4532; x_wconf 78' lang='lat' dir='ltr'>interfuit,</span> <span class='ocrx_word' id='word_1_356' title='bbox 1123 4450 1293 4535; x_wconf 82' lang='lat' dir='ltr'>supplicat,</span> <span class='ocrx_word' id='word_1_357' title='bbox 1316 4454 1469 4534; x_wconf 74' lang='lat' dir='ltr'>quaternus</span> <span class='ocrx_word' id='word_1_358' title='bbox 1491 4450 1552 4513; x_wconf 73' lang='lat' dir='ltr'>stoi</span> <span class='ocrx_word' id='word_1_359' title='bbox 1585 4448 1738 4513; x_wconf 84' lang='lat' dir='ltr'>absolutio</span> 
     </span>
     <span class='ocr_line' id='line_1_37' title="bbox 884 4556 1080 4619; baseline 0 0"><span class='ocrx_word' id='word_1_360' title='bbox 884 4556 1080 4619; x_wconf 83' lang='lat' dir='ltr'>coucedatur.</span> 
     </span>
    </p>
   </div>
   <div class='ocr_carea' id='block_1_8' title="bbox 1160 4694 1693 4778">
    <p class='ocr_par' dir='ltr' id='par_1_8' title="bbox 1160 4694 1693 4778">
     <span class='ocr_line' id='line_1_38' title="bbox 1160 4694 1693 4778; baseline -0.008 -17"><span class='ocrx_word' id='word_1_361' title='bbox 1160 4695 1323 4778; x_wconf 82' lang='lat' dir='ltr'>doluioue,</span> <span class='ocrx_word' id='word_1_362' title='bbox 1357 4698 1441 4759; x_wconf 77' lang='lat'><strong><em>1360</em></strong></span> <span class='ocrx_word' id='word_1_363' title='bbox 1463 4694 1619 4759; x_wconf 86' lang='lat' dir='ltr'>Januarii</span> <span class='ocrx_word' id='word_1_364' title='bbox 1640 4697 1693 4757; x_wconf 80' lang='lat'>28.</span> 
     </span>
    </p>
   </div>
   <div class='ocr_carea' id='block_1_9' title="bbox 236 4884 1737 5391">
    <p class='ocr_par' dir='ltr' id='par_1_9' title="bbox 236 4884 1737 5391">
     <span class='ocr_line' id='line_1_39' title="bbox 360 4884 1735 4970; baseline -0.004 -18"><span class='ocrx_word' id='word_1_365' title='bbox 360 4885 563 4970; x_wconf 73' lang='lat' dir='ltr'>significatur</span> <span class='ocrx_word' id='word_1_366' title='bbox 586 4886 627 4951; x_wconf 72' lang='lat' dir='ltr'>Se</span> <span class='ocrx_word' id='word_1_367' title='bbox 651 4887 759 4952; x_wconf 59' lang='lat' dir='ltr'>erex</span> <span class='ocrx_word' id='word_1_368' title='bbox 789 4893 881 4969; x_wconf 88' lang='lat' dir='ltr'>parte</span> <span class='ocrx_word' id='word_1_369' title='bbox 904 4887 1062 4952; x_wconf 89' lang='lat' dir='ltr'>Thomlini</span> <span class='ocrx_word' id='word_1_370' title='bbox 1094 4888 1133 4950; x_wconf 89' lang='lat' dir='ltr'>da</span> <span class='ocrx_word' id='word_1_371' title='bbox 1157 4887 1318 4951; x_wconf 85' lang='lat' dir='ltr'>llontihus</span> <span class='ocrx_word' id='word_1_372' title='bbox 1343 4885 1524 4966; x_wconf 84' lang='lat' dir='ltr'>Chutinis·)</span> <span class='ocrx_word' id='word_1_373' title='bbox 1557 4884 1630 4948; x_wconf 89' lang='lat' dir='ltr'>laici</span> <span class='ocrx_word' id='word_1_374' title='bbox 1662 4884 1735 4947; x_wconf 89' lang='lat' dir='ltr'>Pra-</span> 
     </span>
     <span class='ocr_line' id='line_1_40' title="bbox 236 4989 1735 5073; baseline -0.003 -18"><span class='ocrx_word' id='word_1_375' title='bbox 236 4993 335 5071; x_wconf 85' lang='lat' dir='ltr'>gensis</span> <span class='ocrx_word' id='word_1_376' title='bbox 360 4992 451 5073; x_wconf 83' lang='lat' dir='ltr'>dioc,</span> <span class='ocrx_word' id='word_1_377' title='bbox 474 4993 557 5072; x_wconf 93' lang='lat' dir='ltr'>quod</span> <span class='ocrx_word' id='word_1_378' title='bbox 580 4992 649 5073; x_wconf 91' lang='lat' dir='ltr'>ipse</span> <span class='ocrx_word' id='word_1_379' title='bbox 680 4992 755 5057; x_wconf 88' lang='lat' dir='ltr'>olim</span> <span class='ocrx_word' id='word_1_380' title='bbox 786 4991 932 5056; x_wconf 88' lang='lat' dir='ltr'>interluit</span> <span class='ocrx_word' id='word_1_381' title='bbox 963 4991 1131 5055; x_wconf 89' lang='lat' dir='ltr'>homicidio</span> <span class='ocrx_word' id='word_1_382' title='bbox 1156 5009 1213 5072; x_wconf 90' lang='lat' dir='ltr'>per</span> <span class='ocrx_word' id='word_1_383' title='bbox 1243 4991 1396 5070; x_wconf 87' lang='lat' dir='ltr'>quosdam</span> <span class='ocrx_word' id='word_1_384' title='bbox 1427 4990 1528 5071; x_wconf 91' lang='lat' dir='ltr'>ipsius</span> <span class='ocrx_word' id='word_1_385' title='bbox 1562 4989 1678 5052; x_wconf 88' lang='lat' dir='ltr'>amicos</span> <span class='ocrx_word' id='word_1_386' title='bbox 1702 4994 1735 5050; x_wconf 88' lang='lat' dir='ltr'>et</span> 
     </span>
     <span class='ocr_line' id='line_1_41' title="bbox 236 5092 1737 5179; baseline -0.003 -20"><span class='ocrx_word' id='word_1_387' title='bbox 236 5096 332 5162; x_wconf 88' lang='lat' dir='ltr'>socios</span> <span class='ocrx_word' id='word_1_388' title='bbox 364 5102 548 5178; x_wconf 90' lang='lat' dir='ltr'>perpetrato</span> <span class='ocrx_word' id='word_1_389' title='bbox 571 5097 604 5160; x_wconf 95' lang='lat' dir='ltr'>in</span> <span class='ocrx_word' id='word_1_390' title='bbox 627 5115 763 5179; x_wconf 89' lang='lat' dir='ltr'>persona</span> <span class='ocrx_word' id='word_1_391' title='bbox 796 5097 931 5176; x_wconf 89' lang='lat' dir='ltr'>quadam</span> <span class='ocrx_word' id='word_1_392' title='bbox 965 5097 1133 5159; x_wconf 88' lang='lat' dir='ltr'>incedente</span> <span class='ocrx_word' id='word_1_393' title='bbox 1169 5096 1201 5158; x_wconf 93' lang='lat' dir='ltr'>in</span> <span class='ocrx_word' id='word_1_394' title='bbox 1224 5095 1335 5160; x_wconf 92' lang='lat' dir='ltr'>habitu</span> <span class='ocrx_word' id='word_1_395' title='bbox 1369 5095 1476 5159; x_wconf 89' lang='lat' dir='ltr'>laicali</span> <span class='ocrx_word' id='word_1_396' title='bbox 1511 5100 1544 5158; x_wconf 92' lang='lat' dir='ltr'>et</span> <span class='ocrx_word' id='word_1_397' title='bbox 1567 5094 1599 5157; x_wconf 95' lang='lat' dir='ltr'>in</span> <span class='ocrx_word' id='word_1_398' title='bbox 1631 5092 1737 5173; x_wconf 81' lang='lat' dir='ltr'>onmia,</span> 
     </span>
     <span class='ocr_line' id='line_1_42' title="bbox 241 5198 1736 5284; baseline -0.004 -20"><span class='ocrx_word' id='word_1_399' title='bbox 241 5199 384 5282; x_wconf 84' lang='lat' dir='ltr'>idemque</span> <span class='ocrx_word' id='word_1_400' title='bbox 400 5202 533 5280; x_wconf 90' lang='lat' dir='ltr'>occisus,</span> <span class='ocrx_word' id='word_1_401' title='bbox 559 5208 652 5284; x_wconf 88' lang='lat' dir='ltr'>prout</span> <span class='ocrx_word' id='word_1_402' title='bbox 668 5202 866 5284; x_wconf 84' lang='lat' dir='ltr'>postmodum</span> <span class='ocrx_word' id='word_1_403' title='bbox 890 5201 1058 5281; x_wconf 84' lang='lat' dir='ltr'>intellexit,</span> <span class='ocrx_word' id='word_1_404' title='bbox 1081 5200 1142 5264; x_wconf 89' lang='lat' dir='ltr'>fuit</span> <span class='ocrx_word' id='word_1_405' title='bbox 1165 5200 1197 5263; x_wconf 93' lang='lat' dir='ltr'>in</span> <span class='ocrx_word' id='word_1_406' title='bbox 1213 5201 1459 5264; x_wconf 88' lang='lat' dir='ltr'>subdiaconatus</span> <span class='ocrx_word' id='word_1_407' title='bbox 1482 5199 1532 5263; x_wconf 90' lang='lat' dir='ltr'>vel</span> <span class='ocrx_word' id='word_1_408' title='bbox 1549 5198 1736 5261; x_wconf 88' lang='lat' dir='ltr'>diaconatus</span> 
     </span>
     <span class='ocr_line' id='line_1_43' title="bbox 240 5303 1735 5391; baseline -0.005 -19"><span class='ocrx_word' id='word_1_409' title='bbox 240 5306 345 5373; x_wconf 85' lang='lat' dir='ltr'>ordine</span> <span class='ocrx_word' id='word_1_410' title='bbox 369 5307 564 5373; x_wconf 86' lang='lat' dir='ltr'>constitutus</span> <span class='ocrx_word' id='word_1_411' title='bbox 620 5308 725 5386; x_wconf 76' lang='lat' dir='ltr'>Quare</span> <span class='ocrx_word' id='word_1_412' title='bbox 749 5306 946 5391; x_wconf 86' lang='lat' dir='ltr'>supplicatur</span> <span class='ocrx_word' id='word_1_413' title='bbox 969 5306 1071 5370; x_wconf 88' lang='lat' dir='ltr'>eidem</span> <span class='ocrx_word' id='word_1_414' title='bbox 1096 5303 1135 5370; x_wconf 75' lang='lat' dir='ltr'>Su</span> <span class='ocrx_word' id='word_1_415' title='bbox 1166 5305 1228 5389; x_wconf 65' lang='lat' dir='ltr'>Vft,</span> <span class='ocrx_word' id='word_1_416' title='bbox 1253 5312 1409 5386; x_wconf 88' lang='lat' dir='ltr'>quatenus</span> <span class='ocrx_word' id='word_1_417' title='bbox 1444 5304 1538 5370; x_wconf 89' lang='lat' dir='ltr'>alicui</span> <span class='ocrx_word' id='word_1_418' title='bbox 1564 5303 1603 5367; x_wconf 89' lang='lat' dir='ltr'>ad</span> <span class='ocrx_word' id='word_1_419' title='bbox 1627 5308 1735 5388; x_wconf 85' lang='lat' dir='ltr'>partes</span> 
     </span>
    </p>
   </div>
   <div class='ocr_carea' id='block_1_10' title="bbox 0 0 1980 6052">
    <p class='ocr_par' dir='ltr' id='par_1_10' title="bbox 0 0 1980 6052">
     <span class='ocr_line' id='line_1_44' title="bbox 0 0 1980 6052; baseline 0 0"><span class='ocrx_word' id='word_1_420' title='bbox 0 0 1980 6052; x_wconf 95' lang='lat' dir='ltr'> </span> 
     </span>
    </p>
   </div>
  </div>
 </body>
</html>
