3944 6060
320 393 376 457 1111

316 599 411 663 modo
432 606 656 681 praeterquam
679 617 737 680 per
758 600 859 679 ipsius
882 599 920 663 N.
942 599 1062 663 obibam
1084 617 1200 662 vacare
1221 599 1403 681 contigerit,
1426 597 1651 663 conferendum
1672 600 1733 664 u'bi
1752 652 1761 663 .

317 702 482 767 donationi
504 703 699 786 apostolicae
722 703 898 780 (collationi
927 710 963 767 et
991 702 1194 785 dispositioni
1226 709 1368 776 nostrae)
1402 704 1635 766 reservamus‘.
1679 702 1818 767 Ceterae

316 804 480 870 clausulae
502 824 573 871 cum
596 807 668 871 aliis
690 807 809 871 litteris
831 807 1042 890 expectativis
1062 806 1196 870 11111111
1218 806 1379 870 mutandis
1400 806 1603 871 conveniunt
1647 806 1686 870 ln
1706 806 1818 871 littera

317 911 502 975 executoris
523 911 746 977 executoribus
768 911 945 991 mandatur,
979 918 1016 975 ut
1037 910 1179 975 litteram
1201 910 1380 992 accipienti,
1423 929 1494 974 cum
1515 910 1704 975 beneficium
1724 929 1817 993 prae

317 1015 521 1098 nominabam
544 1022 581 1079 ut
602 1014 792 1097 praesertin,
815 1033 929 1078 vacare
951 1015 1130 1096 contigerit,
1152 1013 1297 1078 conferre
1319 1020 1355 1078 et
1375 1014 1541 1096 assignare
1562 1020 1684 1079 curent

447 1137 648 1203 Prorisiones
670 1137 741 1213 bae,
764 1143 801 1200 ut
822 1136 907 1218 apud
929 1135 1161 1218 praerudentes
1183 1134 1378 1216 videbamus,
1391 1134 1490 1199 etiam
1504 1153 1564 1216 per
1578 1134 1714 1217 simplex
1726 1154 1817 1199 man·

317 1242 425 1306 datum
448 1241 516 1307 fieri
533 1241 688 1322 solebant,
711 1259 773 1321 qno
795 1240 960 1306 executori
981 1239 1158 1319 mandabar,
1179 1244 1217 1302 ut
1238 1237 1426 1305 beneficium
1447 1239 1522 1319 tale,
1553 1258 1624 1303 cum
1646 1240 1818 1316 vacaverit,

316 1345 540 1411 conferendum
563 1345 622 1409 tali
643 1362 800 1426 personae
823 1343 984 1409 collationi
1007 1350 1043 1407 et
1075 1343 1277 1425 dispositioni
1310 1359 1388 1406 suae
1422 1344 1613 1408 auctoritate
1642 1343 1820 1425 apostolica

317 1456 469 1514 reservet
493 1449 596 1515 (Colli.
620 1467 666 1512 nr.
691 1449 780 1515 3011

446 1574 476 1635 5.
501 1570 698 1633 Proeiaiouea
720 1575 805 1631 asota
821 1568 962 1651 proprio.
987 1567 1119 1632 Gratiae
1140 1569 1411 1650 praenominatae,
1445 1568 1560 1650 quibus
1591 1568 1632 1633 de
1654 1568 1819 1633 beneficiis

316 1675 544 1740 ecclesiasticis
566 1673 761 1756 providetur,
784 1673 882 1737 etiam
903 1673 1004 1736 lorma
1026 1678 1114 1736 motu
1137 1673 1274 1754 proprio,
1295 1672 1329 1736 id
1351 1678 1404 1737 est
1424 1671 1562 1755 impulsu
1578 1673 1692 1736 summi
1714 1672 1819 1755 ponti·

317 1779 394 1857 ficis,
417 1778 545 1845 fiebant.
571 1778 635 1842 lam
659 1778 748 1860 prius
770 1776 1066 1854 demonstravimus,
1090 1795 1147 1858 pro
1170 1776 1290 1841 litteris
1311 1794 1436 1857 quoque
1466 1783 1552 1842 motu
1576 1776 1704 1859 proprio
1726 1794 1817 1841 exar-

315 1884 408 1948 andis
430 1881 644 1966 supplicatum
666 1881 777 1946 inisse
822 1881 966 1945 Litterae
1000 1879 1181 1946 huiusmodi
1215 1881 1317 1945 solum
1344 1880 1516 1962 specialem
1538 1879 1689 1962 favorem,
1724 1898 1818 1962 quem

316 2006 400 2070 papa
421 1986 548 2051 litteras
570 1986 740 2069 accipienti
762 1992 929 2068 praestare
951 1984 1029 2066 vult,
1051 1985 1241 2066 exprimunt.
1287 1985 1336 2049 Ab
1359 1984 1432 2049 aliis
1454 1984 1668 2066 provisionum
1699 1983 1819 2049 litteris

316 2092 460 2158 clausula
481 2098 579 2173 ,motu
601 2091 739 2173 proprio‘
761 2089 931 2154 differunt:
959 2088 1165 2166 ,beneficium
1195 2090 1260 2154 tale
1279 2139 1287 2153 .
1305 2138 1313 2152 .
1331 2136 1365 2151 ..
1398 2095 1486 2155 motu
1519 2089 1658 2171 proprio,
1692 2106 1756 2154 nou
1778 2090 1818 2154 ad

316 2202 403 2262 traam
426 2196 478 2260 vel
500 2195 634 2260 alterius
656 2213 714 2277 pro
736 2200 770 2258 te
793 2194 884 2259 nobis
914 2210 1012 2274 super
1034 2191 1093 2257 hoc
1116 2192 1222 2257 oblate
1255 2193 1422 2275 petitionis
1455 2192 1652 2274 instantiam,
1686 2193 1745 2257 ssd
1777 2193 1819 2258 de

315 2307 427 2367 nostra
449 2318 536 2364 mera
559 2298 763 2379 liberalitate,
785 2297 961 2380 apostolica
983 2297 1042 2361 tibi
1065 2297 1256 2362 auctoritate
1280 2296 1471 2361 conferimus
1504 2302 1540 2361 et
1571 2298 1612 2362 de
1643 2296 1699 2360 illo
1721 2297 1819 2362 etiarn

315 2405 547 2488 providemus.“
572 2402 677 2480 (Cani.
701 2421 747 2466 nr.
772 2402 861 2480 906.)

445 2529 475 2592 6.
500 2521 760 2605 Confirmationes
781 2521 998 2604 beneficiam
1019 2522 1086 2586 ium
1108 2527 1315 2605 mearum.
1339 2521 1373 2586 Si
1396 2523 1469 2603 quis
1491 2523 1682 2588 auctoritate
1700 2521 1819 2602 qualis·

315 2648 439 2713 cunque
462 2628 690 2694 reservationis
712 2626 906 2709 apostolicae
930 2633 986 2690 aut
1008 2626 1200 2691 anctoritate
1223 2626 1384 2691 ordinaria
1406 2627 1615 2709 quodcunque
1631 2625 1820 2691 beneficium

315 2736 378 2800 iam
401 2733 581 2816 acceptavit
602 2738 637 2797 et
658 2731 699 2796 ad
721 2731 873 2797 maiorem
895 2731 1102 2796 10111110οι1
1125 2729 1395 2796 confirmationem
1418 2730 1537 2795 assde
1568 2729 1744 2812 apostolica
1765 2747 1806 2812 pe

314 2839 378 2920 tiit,
401 2838 579 2919 acceptatio
602 2837 678 2900 talis
701 2837 731 2900 ei
754 2835 887 2918 speciali
916 2834 1017 2900 forma
1050 2834 1231 2900 litterarum
1255 2853 1274 2898 a
1296 2835 1373 2899 sede
1398 2836 1572 2917 apostolica
1606 2833 1818 2900 confirmatur.

315 2941 418 3017 (0011.
434 2942 518 3007 lion.
543 2940 805 3021 Vatlur.1342,
828 2939 903 3003 bion
926 2936 999 3002 Vat.
1012 2938 1102 3002 lInr.
1127 2938 1214 3014 419.)
1237 2938 1275 3001 In
1297 2939 1489 3022 narratione,
1512 2940 1699 3021 plerumque
1713 2940 1820 3006 verbis

316 3045 619 3131 ,,1111111ιίι1100111
659 3043 818 3121 inchoata,
857 3043 897 3107 de
928 3043 1147 3122 acceptatione
1176 3042 1329 3124 petentis,
1367 3043 1421 3123 qui
1451 3041 1637 3108 beneficium
1659 3043 1725 3109 tale
1748 3045 1818 3117 sibi,

315 3151 377 3215 nisi
401 3149 578 3233 apostolica
601 3150 745 3214 obstaret
767 3146 952 3228 reservatio,
986 3145 1026 3210 de
1048 3146 1119 3210 iure
1142 3145 1285 3211 debitum
1319 3147 1499 3229 acceptavit
1521 3150 1602 3227 (aut,
1626 3149 1681 3230 qui
1703 3150 1744 3214 de
1767 3151 1818 3214 be·

313 3252 426 3319 neticio
442 3253 499 3317 tali
522 3253 584 3317 sibi
606 3251 767 3334 provideri
788 3249 867 3315 fecit
888 3250 1049 3331 canonice,
1071 3249 1134 3314 nisi
1157 3249 1351 3331 apostolicae
1373 3251 1608 3317 reservationes
1630 3254 1821 3336 obstarent),

313 3357 434 3423 mentio
457 3358 502 3421 fit.
528 3356 652 3420 Deinde
676 3356 715 3420 de
740 3354 972 3437 supplicatione
995 3353 1147 3435 petentis,
1171 3353 1225 3434 qui
1241 3351 1429 3418 beneficium
1451 3355 1518 3419 tale
1541 3362 1684 3438 tempore
1707 3376 1818 3439 accep-

313 3461 446 3526 tationis
469 3467 504 3525 et
526 3460 717 3542 provisionis
739 3456 920 3523 huiusmodi
943 3456 1146 3539 dispositioni
1169 3457 1363 3538 apostolicae
1387 3465 1585 3524 reservatum
1599 3459 1668 3526 fore
1684 3461 1821 3543 dubitat,

312 3572 469 3630 sanatur.

443 3670 479 3734 11
503 3669 713 3751 dispositione
736 3666 914 3750 acceptatio
937 3663 1082 3730 beneficii
1106 3684 1125 3729 a
1147 3671 1280 3748 petente
1303 3666 1365 3729 iam
1388 3666 1472 3730 facta
1502 3667 1714 3733 confirmatur.

442 3773 548 3838 Tenon
571 3773 733 3838 clausulae
757 3769 1003 3837 confirmationis
1025 3770 1101 3834 talis
1123 3787 1195 3835 esse
1219 3770 1318 3835 solet:
1347 3770 1432 3849 ,Nos
1453 3772 1552 3854 igitur
1574 3772 1642 3854 tibi,
1665 3773 1720 3855 qui
1740 3773 1820 3838 talia

312 3876 468 3943 beneficia
489 3877 616 3942 obtines
639 3874 808 3955 (10101011
830 3876 900 3940 eius
923 3876 1172 3956 enumerantur),
1196 3874 1372 3956 apostolica
1394 3876 1586 3941 auctoritate
1608 3877 1821 3962 concedimus,

312 3982 396 4065 quod
420 3981 598 4064 acceptatio
621 3986 656 4047 et
677 3981 817 4064 provisio
848 3980 1031 4063 praedictae
1062 3980 1102 4043 de
1135 3976 1290 4044 beneficio
1323 3981 1497 4063 praedicto,
1531 3987 1568 4046 ut
1600 3982 1820 4064 praemittitur

311 4086 425 4169 iactae,
448 4090 483 4150 et
505 4103 712 4167 quaecunque
734 4084 809 4150 inde
833 4089 945 4149 secuta
978 4102 997 4147 a
1030 4084 1106 4148 data
1139 4083 1357 4165 praesentium
1390 4085 1524 4168 perinde
1558 4086 1697 4167 valeant,
1732 4107 1769 4152 ac
1792 4089 1820 4153 si

314 4190 400 4256 nulla
421 4208 480 4274 per
503 4190 612 4256 sedem
635 4189 842 4271 apostolicam
865 4187 1042 4252 reservatio
1065 4186 1149 4252 iacta
1172 4187 1284 4252 foretf*
1331 4189 1369 4253 lu
1392 4187 1454 4253 fine
1485 4189 1678 4273 decernitur,
1712 4192 1820 4273 qualia

313 4294 467 4361 beneficia
488 4293 630 4376 petentis
654 4292 843 4357 dimittenda
866 4292 943 4356 sint.

442 4396 623 4474 Clausulae,
647 4414 729 4477 qnae
751 4396 785 4462 in
808 4396 904 4462 bullis
928 4396 1144 4478 provisionum
1167 4398 1380 4478 inveniuntur,
1410 4398 1444 4462 in
1466 4398 1585 4463 litteris
1608 4400 1818 4467 confirmatio·

312 4521 386 4567 num
409 4502 533 4566 desunt.
557 4500 728 4589 clausulae
756 4520 835 4583 ,nou
869 4500 1087 4567 obstantibns‘
1125 4500 1204 4578 loco,
1235 4501 1267 4566 in
1302 4501 1391 4566 cuius
1424 4500 1486 4567 line
1519 4503 1551 4566 in
1586 4504 1820 4586 provisionibus

311 4605 453 4689 petentis
476 4603 631 4669 beneficia
653 4610 888 4686 enumerantur,
910 4605 973 4670 iam
996 4606 1028 4670 in
1051 4605 1260 4688 dispositione
1282 4605 1410 4671 litterae
1433 4607 1679 4674 confirmationis
1702 4609 1742 4674 de
1765 4610 1820 4674 be·

312 4709 445 4781 neficiia
471 4726 552 4789 qnae
575 4709 717 4774 litteram
741 4709 900 4792 accipiens
923 4710 1055 4791 obtinet,
1078 4710 1232 4774 certiores
1255 4709 1331 4774 iacti
1354 4727 1473 4775 sumus.

443 4852 471 4914 1.
499 4847 757 4928 confimatioma
775 4848 1056 4930 permutationes.
1102 4847 1136 4913 Si
1159 4849 1221 4914 duo
1244 4867 1447 4932 possessores
1470 4851 1693 4917 beneficiorum
1716 4853 1821 4922 eccle·

312 4951 514 5018 siastioorum
560 4949 715 5017 beneficia
759 4970 818 5017 sua
861 4953 997 5018 invicem
1041 4959 1223 5037 permutare
1265 4953 1423 5035 volebant,
1470 4955 1622 5021 beneficia
1662 4956 1740 5022 talia
1776 4960 1820 5025 ad

313 5055 423 5121 sedem
447 5055 652 5138 apostolicam
677 5055 811 5137 primum
834 5056 875 5121 iis
897 5058 1089 5140 resignanda
1111 5063 1212 5123 erant.
1252 5058 1480 5141 Resignatione
1504 5059 1544 5125 ad
1567 5061 1676 5126 sedem
1692 5070 1819 5144 aposto-

313 5159 408 5225 licam
432 5164 572 5241 accepta,
597 5158 725 5240 utrique
746 5159 876 5225 litterae
899 5160 1113 5244 provisionum
1136 5161 1177 5226 de
1200 5161 1362 5226 beneficiis
1393 5163 1432 5227 ab
1463 5162 1510 5228 eis
1533 5163 1670 5229 invicem
1692 5182 1818 5248 permu-

312 5262 420 5329 tandis
443 5261 568 5327 dantum
592 5261 722 5344 (Forma
743 5262 777 5327 in
799 5263 885 5330 Μο1.
909 5263 980 5329 Vat.
1005 5263 1037 5329 11
1059 5284 1106 5330 nr.
1134 5265 1216 5331 1009
1238 5271 1272 5331 et
1299 5268 1404 5348 1070.)
