4280 6188
850 531 918 582 raas
935 525 1013 581 sunu
1033 531 1068 581 ao
1086 557 1118 568 -
1137 519 1205 581 Julii
1224 531 1248 580 a.
1739 531 1800 597 143

294 737 385 803 361.
408 735 571 802 Jolrauues
594 736 755 818 peropus
780 735 1049 802 Lutbomusicusis
1071 736 1241 820 applicat,
1273 739 1427 820 quatemus
1452 735 1618 818 llopodcui
1640 735 1678 801 de
1705 735 1799 818 „laa-

294 843 399 920 qouo“
425 839 534 906 deriso
556 843 587 904 ct
601 840 850 918 familiaricae
873 840 1075 906 eorumeueali
1097 841 1135 906 de
1146 840 1330 924 parochiali
1343 839 1476 906 ecclesa
1492 839 1530 903 de
1545 839 1645 904 lora
1662 842 1798 920 Mapou-

296 945 382 1008 a‘uac
405 944 484 1008 dioc.
508 949 582 1009 tuuc
604 949 738 1009 oacoute
756 944 975 1028 provideatur,
999 946 1235 1027 nonobstante,
1258 944 1340 1029 quod
1361 946 1398 1008 iu
1420 943 1551 1009 ecclesia
1575 943 1800 1010 liitrlaricusi

296 1047 379 1111 dicte
402 1047 479 1113 dioc.
504 1049 723 1113 canonicatum
745 1049 1007 1130 etpraabeudoru
1029 1047 1156 1114 obtinet.
1187 1049 1282 1130 „Fiat
1299 1045 1336 1112 G.
1361 1048 1439 1112 Siue
1452 1047 1521 1112 alia
1536 1047 1669 1112 lecciouc
1679 1047 1743 1129 fiat
1759 1047 1798 1114 G.

694 1153 735 1216 D.
760 1152 917 1239 Auiuioue
940 1153 998 1216 III
1014 1171 1084 1218 nou.
1108 1153 1194 1220 Julii
1215 1173 1245 1217 a.
1269 1153 1405 1216 tercio“.

1322 1290 1485 1368 Auiuioue,
1513 1290 1594 1354 1356
1617 1288 1701 1356 Julii
1723 1288 1753 1353 5.

426 1429 456 1483 a.
476 1428 571 1498 Suppl.
591 1433 625 1483 ac
644 1428 690 1484 ar.
712 1431 776 1482 aa.

294 1761 383 1826 352.
416 1758 512 1823 Auria
536 1759 749 1822 Romanorum
768 1756 959 1842 imperatris
979 1757 1149 1840 supplicat,
1171 1762 1325 1839 qautenus
1354 1758 1575 1841 infrascriptis
1591 1759 1738 1840 personis
1760 1758 1798 1824 dc

598 1862 786 1928 eououicatu
807 1861 1038 1946 aprcebeuoo
1060 1866 1089 1926 ct
1111 1860 1254 1945 burefioio
1270 1863 1487 1946 provideatur.

1302 2001 1462 2080 Aaiuioue,
1487 2003 1573 2066 1355
1595 2001 1680 2068 Julii
1702 2003 1753 2066 15.

421 2189 587 2274 Supplicat
608 2189 649 2256 Sl*
673 2190 726 2255 Vs⁸
749 2191 865 2256 devota
886 2189 952 2255 filia
974 2196 1082 2256 vestra
1103 2191 1195 2256 Anna
1217 2192 1428 2259 Romanorum
1450 2192 1636 2274 imperatrix
1664 2209 1792 2276 semper

295 2301 428 2380 augusta
439 2302 472 2362 et
482 2295 611 2360 Boemie
623 2295 743 2378 regina,
756 2295 905 2376 quatinus
917 2295 1034 2361 dilecto
1046 2294 1194 2360 familiari
1206 2313 1263 2361 suo
1274 2295 1411 2362 iohanni
1423 2301 1498 2361 nato
1511 2295 1626 2361 nobilis
1641 2296 1700 2361 viri
1714 2296 1798 2362 Galli

294 2403 333 2466 de
356 2400 546 2480 Suereticr)
567 2399 688 2482 militis,
712 2399 827 2466 clerico
850 2398 1018 2482 Pragensis
1041 2400 1121 2466 dioc.
1146 2398 1186 2464 de
1209 2401 1395 2466 canonicatu
1418 2406 1452 2466 et
1475 2401 1638 2483 prebenda
1659 2400 1796 2466 ecclesie

295 2505 543 2572 Boleslaniensis
566 2505 651 2570 dicte
684 2504 764 2571 diae.
799 2504 984 2570 vacantibus
1018 2505 1070 2571 vel
1102 2503 1261 2569 vacaturis
1299 2503 1472 2587 dignemini
1513 2503 1690 2587 providere,
1727 2523 1796 2570 cum

296 2611 517 2694 acceptatione
550 2615 585 2675 et
624 2628 688 2675 non
724 2608 924 2675 obstantibus
962 2615 996 2674 et
1033 2608 1184 2674 clausulis
1222 2628 1259 2674 ac
1296 2607 1519 2674 executoribus
1557 2608 1723 2692 oportunis
1761 2613 1797 2674 ut

295 2714 328 2780 in
350 2713 461 2781 forma.

423 2817 497 2883 Fiat
520 2817 556 2883 G.

422 2923 504 2988 Item
527 2922 687 3005 supplicat
708 2921 811 2986 eidem
836 2921 876 2986 8¹¹
901 2921 964 3000 V¹⁶‚
991 2921 1140 3002 quatinus
1163 2920 1297 2986 similem
1321 2905 1459 3004 graciam
1481 2919 1646 3002 iacientes,
1680 2919 1796 2984 ddecto

296 3029 409 3093 clerico
443 3045 500 3092 suo
534 3024 678 3110 ogerio)
702 3027 799 3092 Vlrici
823 3028 863 3091 de
886 3025 964 3091 Stan
987 3027 1026 3090 de
1050 3025 1236 3091 canonicatu
1260 3031 1294 3091 et
1315 3024 1477 3107 prebenda
1499 3023 1636 3089 ecclesie
1659 3041 1684 3088 s.
1709 3023 1797 3088 Petri

297 3131 572 3216 wissegradensis
594 3151 693 3214 prope
715 3131 847 3213 Pragam
871 3136 908 3195 ut
930 3149 1026 3213 supra
1048 3129 1221 3213 dignemini
1244 3131 1421 3213 providere.

423 3235 498 3300 met
525 3235 561 3301 G.

425 3341 506 3406 Item
530 3340 698 3422 supplicat,
721 3339 871 3420 quatinus
894 3339 1008 3405 elerico
1032 3356 1089 3404 suo
1113 3337 1239 3403 Andree
1262 3336 1443 3415 Sinilonis⁶t
1474 3339 1514 3403 de
1546 3337 1721 3402 Grassicow
1756 3336 1795 3402 de

297 3444 449 3513 beneficio
472 3444 689 3510 ecclesiastico
712 3444 782 3509 cum
805 3462 881 3508 cura
903 3429 954 3509 vel
978 3442 1046 3508 sine
1070 3461 1147 3507 cura
1168 3448 1302 3508 vacante
1325 3443 1376 3509 vel
1407 3448 1556 3508 vacaturo
1587 3441 1627 3506 ad
1651 3441 1795 3507 collacio-

297 3568 367 3615 uem
390 3556 449 3615 ete.
474 3548 703 3631 archiepiscopi
727 3547 786 3633 [et]
820 3547 1007 3632 prepositil)
1040 3546 1248 3613 communiter
1280 3547 1331 3611 vel
1367 3545 1493 3611 divium
1516 3549 1681 3629 spectante
1706 3550 1741 3610 ut
1763 3544 1796 3610 in

297 3654 397 3720 forma
419 3654 593 3736 dignemini
615 3652 783 3736 providere
807 3671 877 3717 cum
901 3651 1051 3716 clausulis
1074 3655 1136 3716 etc.

424 3759 497 3824 liat
520 3757 556 3823 G.

425 3863 507 3928 item
530 3863 697 3946 supplicat,
721 3861 871 3944 quatinus
893 3859 1011 3938 dilecto
1034 3876 1090 3925 sue
1116 3859 1284 3925 Wicharde
1308 3858 1490 3936 Harelebi0)
1525 3859 1564 3922 de
1600 3857 1795 3924 Misliweritz

297 3967 411 4032 clerico
446 3967 485 4032 de
520 3966 708 4032 cmmuicatu
741 3971 776 4030 et
808 3964 971 4048 prebenda
1004 3963 1140 4030 ecclesie
1175 3963 1394 4030 olomucensis
1428 3970 1464 4028 ut
1494 3981 1590 4046 supra
1623 3961 1797 4045 dignemini

296 4072 475 4153 providere.

424 4174 498 4239 Fiat
520 4174 557 4240 G.

425 4277 506 4343 ltem
529 4277 695 4358 supplicat
718 4277 868 4356 quatinus
891 4276 1008 4342 dilecto
1031 4294 1089 4342 suo
1112 4276 1227 4343 clerico
1260 4277 1398 4343 Jehanni
1421 4277 1460 4342 de
1484 4276 1585 4342 Tasta
1607 4277 1646 4342 de
1670 4275 1796 4343 canoni·

297 4386 367 4446 catu
390 4387 425 4446 et
446 4382 608 4463 prebenda
630 4380 765 4445 ecclesie
789 4378 1031 4463 Ratisponeusis
1054 4385 1209 4464 utsupra
1231 4379 1404 4463 dignemini
1426 4381 1605 4463 providere.

424 4486 498 4550 Fiat
524 4486 561 4552 G.

425 4589 505 4653 ltem
529 4589 695 4672 supplicat,
719 4588 868 4669 quatinus
891 4588 1008 4653 dilecto
1031 4604 1090 4652 sue
1112 4587 1299 4655 Velchmaro
1322 4588 1494 4654 Bussconis
1518 4588 1557 4652 de
1581 4587 1658 4652 Stan
1682 4589 1721 4652 de
1745 4605 1795 4651 ca·

297 4693 443 4759 nonieatu
467 4699 502 4758 et
523 4692 685 4777 prebenda
708 4692 843 4757 ecclesie
870 4691 1142 4756 Wratislauiensis
1172 4692 1358 4758 vacantibus
1392 4696 1453 4757 etc.
1488 4700 1525 4756 ut
1557 4709 1654 4773 supra
1687 4691 1795 4775 digne-

296 4796 372 4862 mini
394 4797 571 4881 providere.

423 4901 497 4967 Fiat
520 4901 557 4968 G.
890 4969 892 4974 ,

423 5005 504 5069 item
528 5004 694 5087 supplicat,
728 5004 877 5086 quatinus
900 5003 1017 5069 dilecto
1053 5021 1109 5068 suo
1142 5002 1307 5084 capellano
1342 5003 1437 5068 Petro
1473 5003 1619 5067 Benessii
1653 5003 1796 5085 predicte

297 5108 463 5192 Pragensis
487 5109 565 5174 dioc.
589 5109 629 5173 de
652 5107 838 5173 canonicatu
862 5112 896 5172 et
919 5107 1081 5189 prebenda
1103 5106 1238 5172 ecclesie
1270 5106 1434 5172 Sacoensis
1468 5107 1611 5172 eiusdem
1644 5107 1725 5173 dioc.
1761 5112 1797 5171 ut

297 5231 391 5294 supra
413 5212 587 5296 dignemini
610 5212 788 5294 providere,
812 5212 1054 5293 nonobstante,
1079 5210 1163 5290 quod
1186 5210 1415 5293 parrochialem
1439 5210 1607 5275 ecclesiam
1629 5210 1663 5274 in
1687 5208 1796 5276 Oczie-

296 5315 383 5382 hona
404 5326 437 5382 et
459 5315 668 5399 capellaniam
698 5315 820 5399 capelle
846 5333 870 5380 s.
903 5314 1025 5380 Nicolai
1048 5330 1145 5397 prope
1173 5314 1407 5397 Wiseegradum
1432 5314 1516 5379 dicte
1540 5314 1618 5380 dice.
1644 5313 1795 5398 [obtinet]

298 5425 333 5486 ut
354 5419 386 5487 iu
410 5419 510 5488 ferma
532 5419 708 5505 dignemini
730 5418 907 5503 providere.
