3944 6060
229 456 272 520 52
833 457 904 508 Acts
923 453 1076 508 huooentii
1096 453 1143 507 vt

235 665 325 730 124.
355 663 499 727 Untarrst
521 661 757 744 archiepiscopi,
781 664 926 745 episcopi,
943 664 1118 746 principes,
1143 662 1246 741 duces,
1277 662 1482 745 marchiones,
1505 666 1642 747 comites,
1664 665 1739 730 cici·

230 775 332 832 totum
355 788 393 832 ac
407 767 542 831 iocorum
555 768 674 831 domini
696 773 724 830 ct
747 769 1006 832 communitatum
1035 772 1168 833 rectores
1186 789 1247 848 per
1262 767 1493 831 Alamanniam
1507 769 1669 834 constituti
1689 788 1739 833 ro·

228 876 356 954 paretur,
380 876 534 952 quatenus
555 870 699 938 Jotranni
720 871 802 934 dieto
825 869 1020 934 Sobodelant
1035 871 1155 935 ordinis
1172 870 1320 955 fratrum
1339 873 1600 952 praedicatorum
1613 892 1739 939 sacrac-

230 997 287 1057 que
311 975 482 1054 tlreoiopiae
500 976 688 1057 professori,
711 973 893 1054 inquisitori
925 974 1103 1038 baereticae
1119 972 1305 1057 pravitatis,
1329 973 1364 1037 in
1383 976 1601 1056 prosecutione
1623 976 1740 1058 nepotii

230 1080 304 1155 nidei
325 1085 434 1145 contra
467 1078 687 1160 ηΒεοΙιανᾱοειιί
720 1077 876 1142 annilimn
910 1078 1104 1161 impendant,
1128 1081 1332 1159 praestantes
1362 1080 1462 1143 eidem
1493 1099 1565 1145 snos
1587 1100 1738 1161 carceres,

233 1185 363 1266 „quibus
384 1186 419 1249 in
441 1182 558 1248 eisdem
576 1181 726 1265 portibus
748 1202 855 1246 carere
877 1182 1024 1247 dicitnr.“
1052 1180 1213 1262 „iniuncta
1235 1180 1323 1245 nobis
1345 1186 1442 1247 cnra¹‘
1473 1180 1586 1267 ,Apud
1609 1182 1738 1249 Volan-

545 1306 661 1351 nonom
683 1287 907 1352 Aninionensis
929 1286 1007 1351 dioc.
1031 1285 1075 1350 id.
1098 1283 1185 1352 Jutii
1207 1307 1234 1349 a
1256 1286 1392 1368 primo.“

338 1446 370 1529 ᾖ
1037 1416 1134 1498 Apud
1165 1414 1402 1496 Viliamnooam,
1427 1419 1513 1483 1353
1534 1417 1619 1484 Juiii
1639 1420 1694 1483 15.

363 1598 393 1651 R.
414 1601 461 1652 Aa.
482 1595 595 1651 125101.
614 1596 808 1665 424⁶,R.Vat
834 1601 885 1649 222
904 1595 951 1650 iol.
971 1601 1030 1651 853.
1049 1626 1081 1636 -
1099 1595 1150 1650 Ed.
1169 1596 1243 1666 apud
1263 1594 1396 1666 Raynald
1420 1598 1491 1651 Anu.
1516 1596 1582 1651 eccl.
1604 1602 1680 1668 1362,
1704 1602 1738 1651 26

231 1685 318 1750 (Tom.
339 1684 481 1753 xv1pag.
501 1686 571 1746 349).

235 1966 322 2032 125.
346 1964 491 2030 Jotranni
512 1962 653 2046 episcopo
679 1961 876 2027 Olomucensi
897 1963 1051 2027 terminus
1073 1961 1290 2028 solvendorum
1312 1962 1512 2027 servitiorum
1531 1967 1734 2046 proropatm.

1244 2101 1406 2176 Aoinnne,
1432 2101 1517 2166 1353
1538 2100 1623 2168 Juiii
1648 2102 1696 2167 15.

364 2292 531 2358 Universis
554 2298 614 2356 etc.
639 2291 819 2375 Stephanus
844 2291 1116 2375 [archiepiscopus
1140 2291 1348 2367 Tholosanus,
1365 2291 1484 2357 domini
1500 2311 1582 2375 pape
1600 2311 1739 2358 camera-

232 2399 322 2462 rius.
340 2449 345 2460 .
364 2447 370 2460 .
389 2446 407 2473 .,
431 2397 470 2461 ad
487 2396 705 2461 universitatis
717 2402 823 2461 vestre
839 2396 988 2461 noticiam
1008 2446 1014 2458 .
1035 2448 1040 2460 .
1062 2447 1068 2460 .
1089 2395 1320 2482 .deducimus],
1331 2399 1358 2479 ¹)
1374 2396 1458 2479 quod
1473 2396 1641 2461 intellecta
1656 2398 1739 2463 mole

233 2500 448 2583 gravaminum
471 2520 528 2582 pro
551 2506 643 2582 parte
669 2549 754 2567 ....
788 2499 907 2564 domiui
929 2498 1083 2563 iohannis
1114 2499 1256 2582 episcopi
1279 2499 1500 2566 Olomucensis
1522 2501 1555 2565 in
1578 2502 1741 2583 provincia

234 2602 424 2687 Pragensib)
448 2624 552 2670 coram
575 2605 666 2669 nobis
690 2604 844 2686 exposita,
870 2621 930 2684 que
966 2604 1069 2685 ipsum
1104 2602 1144 2666 ad
1178 2604 1364 2669 solvendum
1400 2604 1665 2686 complementum
1688 2606 1738 2671 sui

201 2776 206 2786 ,
234 2708 407 2773 communis
431 2708 557 2773 servicii
580 2714 615 2772 et
644 2709 850 2773 servitiorum
872 2707 1075 2772 familiarium
1107 2715 1141 2773 et
1163 2707 1344 2773 officialium
1368 2708 1513 2773 eiusdem
1536 2709 1566 2773 d.
1590 2728 1622 2773 n.
1645 2728 1737 2793 pape,

234 2815 271 2878 ad
297 2832 357 2894 que
383 2813 536 2877 solvenda
559 2813 677 2877 dudum
700 2814 758 2878 sub
782 2812 879 2876 certis
902 2812 994 2893 penis
1018 2818 1051 2876 et
1074 2812 1249 2876 sentenciis
1265 2830 1302 2875 ac
1318 2811 1454 2877 termino
1470 2812 1608 2876 nondum
1627 2812 1737 2894 elapso

234 2936 268 2982 se
293 2924 406 2999 sponte
430 2924 464 2981 et
486 2917 586 2981 libere
617 2917 779 3000 obligavit,
814 2917 992 2980 reddebant
1025 2922 1059 2980 et
1093 2916 1195 2980 adhuc
1217 2916 1357 2980 reddunt
1393 2915 1612 2981 verisimiliter
1634 2917 1734 2999 impo-

234 3026 365 3092 tentem,
390 3021 581 3084 auctoritate
615 3021 706 3084 nobis
728 3021 762 3084 in
785 3020 844 3083 hac
878 3026 970 3101 parte
993 3020 1158 3084 cometissa
1193 3020 1358 3102 usquead
1391 3019 1593 3084 nativitatem
1618 3021 1736 3085 domini

235 3125 376 3207 proxime
400 3129 564 3188 venturam
588 3125 756 3189 terminum
780 3125 841 3188 sibi
865 3124 1010 3188 duximus
1033 3125 1273 3207 prorogandum,
1308 3125 1355 3190 ita
1371 3130 1486 3205 tamen,
1517 3125 1610 3206 quod,
1650 3126 1678 3190 si
1703 3125 1737 3190 in

236 3229 320 3292 dicto
344 3228 402 3293 sibi
428 3233 597 3310 prorogato
620 3229 755 3293 termino
778 3247 839 3292 nou
871 3227 1065 3293 satisfecerit
1098 3229 1137 3292 de
1162 3229 1335 3310 premissis.
1370 3229 1462 3311 penis
1498 3239 1532 3293 et
1555 3229 1740 3312 sentencia,

233 3332 347 3413 quibus
359 3333 529 3396 tenebatur
541 3336 645 3407 antea,
659 3332 702 3396 sit
717 3331 868 3396 astrictus
886 3381 893 3395 .
914 3382 920 3395 .
941 3383 948 3395 .
967 3378 974 3392 .
994 3331 1199 3396 D.A11ini0ue
1220 3333 1272 3396 die
1287 3333 1344 3397 XV
1359 3333 1565 3398 mensislulii
1582 3353 1610 3397 a.
1627 3335 1739 3399 anati·

239 3436 338 3500 vitate
372 3435 490 3500 domini
514 3433 712 3516 llCCCLlIL
737 3435 913 3500 indiccione
929 3435 982 3518 Vl,
1000 3434 1204 3517 pontificatus
1223 3488 1230 3502 .
1249 3487 1256 3500 .
1276 3488 1282 3501 .
1301 3436 1482 3503 Innocenoii
1501 3487 1508 3501 .
1528 3488 1535 3502 .
1556 3487 1563 3501 .
1582 3456 1666 3521 pape
1689 3438 1733 3504 Vl

238 3560 266 3605 a.
289 3559 399 3622 pnmo.

364 3710 423 3765 Obl.
443 3717 471 3764 et
489 3710 543 3764 Sol.
563 3716 596 3764 26
615 3709 661 3765 iol.
681 3715 748 3777 255¹,
768 3710 828 3764 Obl.
847 3718 875 3765 et
892 3709 947 3764 Sol.
967 3716 1000 3765 28
1019 3711 1066 3764 tol.
1087 3716 1154 3765 135³.
1174 3743 1206 3751 -
1225 3711 1249 3762 τι)
1264 3712 1426 3781 suppletum
1453 3727 1486 3765 cx
1511 3711 1684 3769 documentis
1711 3713 1738 3768 in

237 3798 331 3852 codice
349 3797 585 3867 praecedentibus.
601 3798 626 3851 b)
646 3798 787 3868 ,Pragensi
806 3799 835 3852 in
853 3798 974 3853 Boemia‘
993 3797 1053 3852 Obl.
1073 3804 1114 3852 28.

885 3976 1091 3985 ——-

236 4114 324 4179 126.
362 4111 496 4176 Carolus
522 4114 733 4175 nemeaeum
763 4133 820 4176 ren
850 4117 989 4193 ropatnr,
1025 4116 1177 4190 qnatenus
1207 4114 1335 4177 tertiam
1363 4119 1489 4196 partem
1518 4115 1657 4180 decimae
1681 4137 1742 4198 pro

235 4238 295 4279 nno
319 4238 402 4281 anno
425 4218 460 4282 in
481 4238 575 4298 repno
591 4214 762 4281 Bobemiae
785 4221 914 4281 exactae
936 4216 1078 4283 Jotranni
1094 4216 1249 4281 Podnano
1265 4218 1428 4300 assipnori
1450 4224 1506 4282 ant
1525 4221 1743 4302 praeecundo

523 4341 605 4386 anno
629 4320 783 4385 decimam
805 4320 1004 4402 intepraiitcr
1022 4341 1083 4403 pro
1106 4321 1234 4386 ecclesio
1257 4322 1341 4404 enipi
1357 4323 1478 4402 faciat.

1045 4457 1142 4542 Apud
1172 4459 1409 4543 Votomuovam,
1436 4461 1520 4524 1353
1542 4459 1628 4527 Julii
1650 4464 1700 4529 18.

367 4632 537 4698 Carissimo
560 4633 593 4696 in
608 4632 734 4697 Christo
757 4631 777 4698 f.
803 4633 921 4696 Karolo
945 4633 1013 4714 regi
1037 4633 1247 4697 Romanorum
1263 4632 1380 4697 illustri
1397 4632 1533 4698 salutem
1552 4640 1614 4698 etc.
1638 4635 1742 4719 Nosti,

236 4737 280 4802 fili
304 4736 474 4819 carissimo,
498 4738 581 4818 quod
604 4738 656 4819 pie
680 4737 830 4801 memorie
855 4736 1001 4801 Clemens
1026 4756 1107 4818 papa
1128 4736 1169 4800 Vl
1193 4736 1402 4818 predecessor
1424 4743 1534 4803 noster
1556 4741 1742 4821 opportuni-

237 4841 356 4906 tatibus
380 4842 444 4905 tuis
467 4841 643 4906 liberaliter
675 4841 874 4922 providere·)
906 4860 941 4904 ac
972 4838 1250 4916 necessitatibusl)
1283 4840 1421 4905 Rornane
1452 4842 1596 4925 ecclesie,
1631 4844 1743 4910 matris

237 4951 302 5025 tue,
333 4946 446 5025 quibus
469 4947 681 5027 premebatur,
714 4945 796 5008 sicut
819 4950 852 5008 et
874 4946 1030 5026 premitur
1052 4945 1201 5026 graviter,
1232 4944 1401 5009 subvenire
1425 4946 1565 5027 cupiens,
1588 4947 1743 5013 decimam

236 5047 525 5113 ecclesiasticorum
549 5055 759 5129 {troventuum
783 5048 872 5129 regui
896 5048 943 5111 tui
966 5049 1095 5112 Boenrie
1119 5066 1217 5129 usque
1249 5048 1289 5111 ad
1320 5053 1387 5113 tres
1410 5067 1508 5114 annos
1531 5051 1744 5132 magnitudini

237 5157 291 5216 tue
322 5153 380 5216 sub
403 5171 443 5216 ea
465 5152 648 5218 condicione
673 5151 866 5233 coracessit,¹)
890 5152 973 5233 quod
995 5151 1175 5216 huiusmodi
1199 5151 1321 5215 decima
1342 5170 1399 5232 pro
1423 5161 1516 5225 uno⁰t
1541 5173 1624 5219 auno
1647 5157 1745 5222 trium

238 5274 388 5321 annorum
420 5256 599 5320 huiusmodi
630 5256 772 5319 eiusdem
803 5253 977 5333 ecclesied)
1007 5255 1133 5320 nomine
1164 5274 1221 5337 pro
1249 5257 1473 5338 supportandis
1496 5259 1746 5328 necessitatibus

237 5359 439 5434 levareturs)
475 5357 552 5425 Cum
576 5369 681 5424 autem
705 5359 915 5424 necessitates
946 5358 1124 5424 huiusmodi
1153 5359 1255 5425 eidem
1279 5359 1489 5437 imminentes,
1513 5366 1550 5426 ut
1572 5361 1745 5454 prefertur,
