3990 6052
709 429 776 477 1337
795 423 952 478 Decembris
972 430 1013 478 26.
1033 455 1066 464 -
1083 425 1242 479 Decembris
1261 430 1304 477 28.
1691 422 1756 494 275

248 634 338 699 707.
361 632 505 697 Arnaido
527 633 566 696 eie
588 633 774 697 Lacaucina
789 638 815 712 ¹)
836 634 986 698 canonico
1012 633 1213 699 Crocooieusi
1234 639 1265 697 et
1280 631 1468 716 ltaprnundo
1491 635 1528 699 cie
1549 655 1575 698 s.
1599 634 1757 700 Michaele

244 737 394 802 servienti
407 756 569 800 armorum
584 737 763 800 conceditur
773 742 918 819 potestas
932 738 1093 821 quittandi
1105 759 1221 812 omnes,
1235 759 1255 801 o
1271 739 1382 819 quibus
1388 738 1600 822 pecuniarum
1611 759 1753 803 summos

244 843 280 905 in
307 840 476 923 Unpariae,
501 839 651 905 Paioniae
673 845 703 903 et
725 839 897 905 Bobemiae
924 842 1032 922 repuis
1053 843 1249 925 apartibus
1281 843 1500 907 (adiacentibus
1530 842 1574 905 aci
1596 862 1756 906 cameram

245 945 451 1026 apostoticam
467 945 660 1028 pertinentes
675 947 863 1028 receperint3
886 947 1060 1010 mandatur
1078 947 1185 1025 etiam,
1199 951 1234 1008 ut
1249 966 1390 1010 summae
1409 946 1594 1028 praedictae
1609 966 1754 1011 caninae

245 1048 437 1130 apostolicae
463 1050 634 1112 mittantur
663 1053 720 1112 aui
741 1049 967 1113 mercatoribus
996 1050 1033 1113 dc
1055 1048 1176 1132 Brupis
1196 1051 1380 1114 tradantur.
1406 1050 1504 1133 ,aim
1527 1052 1562 1113 in
1590 1051 1748 1131 (73933ιέα

637 1152 814 1234 ,Aninione
844 1155 886 1216 Vl
906 1153 970 1217 lcal.
994 1154 1151 1219 Junuarii
1174 1175 1204 1216 a.
1228 1153 1363 1236 337333.α

1158 1292 1322 1365 Aniciana,
1348 1294 1431 1356 1357
1456 1293 1635 1357 Decembris
1658 1293 1709 1356 27.

349 1463 380 1516 R.
399 1463 461 1516 vm.
481 1469 531 1515 239
544 1461 591 1514 iol.
612 1469 672 1528 249,
685 1462 716 1515 R.
736 1462 797 1515 Vnt.
817 1469 867 1515 243
886 1461 932 1515 iol.
947 1468 987 1515 81.
1007 1493 1040 1502 -
1059 1463 1109 1515 Ed.
1129 1463 1201 1530 apud
1220 1463 1347 1528 Theiner,
1366 1465 1438 1518 Mon.
1458 1465 1517 1518 Pol.
1536 1466 1547 1516 l
1567 1481 1627 1533 pap.
1647 1469 1705 1518 cab.
1720 1495 1753 1504 -

245 1554 271 1616 ⁸)
290 1550 325 1616 ,lu
343 1550 471 1603 Causica‘
490 1549 551 1602 Vnt.

896 1709 1099 1717 -—————

245 1829 333 1894 708.
357 1783 501 1894 ,iohanni
524 1828 680 1890 Paduano
710 1828 895 1905 mandatur,
927 1831 1081 1909 quatenus
1103 1849 1208 1892 carnes
1235 1831 1443 1911 pecuniarum
1467 1849 1608 1893 summas
1629 1831 1753 1893 nomine

243 1952 387 1997 camerae
408 1931 599 2014 apostolicae
613 1931 793 1995 recollectas
817 1931 962 1995 Arnatdo
978 1931 1016 1995 de
1031 1932 1217 1997 Lacaucina
1240 1938 1271 1996 et
1294 1934 1483 2012 Rapmnndo
1499 1934 1538 1997 cie
1552 1954 1578 1997 s.
1596 1933 1752 1998 Michaele

660 2057 715 2098 seu
736 2034 961 2098 mercatoribus
984 2036 1022 2098 dc
1047 2038 1164 2116 Brupis
1186 2038 1333 2117 assipnet.

1155 2175 1316 2257 Asinione,
1340 2177 1427 2238 1357
1450 2175 1633 2239 Decembris
1655 2176 1707 2239 27.

374 2349 413 2413 D.
437 2348 616 2412 sicimis
652 2348 834 2421 l'aduano·)
867 2347 1040 2428 apostolice
1074 2349 1160 2412 sedis
1190 2350 1304 2412 nuncio
1335 2350 1470 2412 salutem
1494 2354 1555 2411 etc.
1603 2348 1680 2412 Cum
1711 2367 1751 2412 ex

244 2453 425 2516 annualium
462 2451 686 2515 beneficiorum
725 2457 758 2514 et
796 2451 929 2514 aliorum
966 2450 1194 2532 multiplicibus
1233 2453 1478 2516 obvencionibus
1516 2453 1556 2515 ael
1594 2470 1750 2516 cameram

244 2561 382 2620 nostram
416 2553 650 2637 pertinentibus
684 2555 855 2635 recepisse,
890 2554 1094 2618 recollexisse
1126 2561 1160 2618 et
1190 2574 1395 2619 conservasse
1429 2575 1490 2618 non
1526 2556 1665 2619 modicas
1696 2576 1751 2637 pe-

244 2660 405 2723 cuniarum
436 2676 573 2722 summas
604 2657 812 2739 assignandas
843 2659 946 2721 eidem
972 2677 1095 2721 (taurese
1120 2661 1303 2736 dinosceris
1328 2680 1389 2740 que
1413 2661 1594 2724 relevamen
1618 2665 1652 2722 et
1680 2680 1749 2741 gra-

244 2764 356 2827 tuitam
380 2762 644 2844 complacenciam
669 2761 727 2825 tibi
758 2765 957 2843 prestabant,
989 2763 1217 2843 quamprimum
1248 2764 1377 2827 eavsdem
1400 2763 1527 2827 rroveris
1559 2763 1748 2844 assignasse,

245 2867 431 2931 discrecioni
456 2872 511 2929 tue
535 2884 592 2946 per
617 2866 795 2947 apostolica
817 2866 936 2945 scripta
959 2866 1144 2928 mandaruus
1168 2872 1300 2943 attente,
1325 2868 1474 2946 quatinus
1498 2883 1606 2929 omnes
1630 2872 1663 2929 et
1686 2867 1749 2930 sin-

244 2971 334 3053 gulas
356 2971 560 3052 pecuniarum
586 2987 725 3033 summas
750 2975 863 3050 perte
887 2988 943 3033 sen
968 2968 1215 3032 subcolleotores
1239 2977 1310 3034 tuos
1334 2971 1491 3034 antelios
1515 2971 1641 3034 nomine
1665 2971 1749 3035 dicte

245 3092 367 3140 camere
397 3075 431 3137 in
463 3074 615 3156 partibus
653 3075 704 3137 ubi
733 3073 926 3154 apostolicus
958 3073 1111 3137 collector
1144 3073 1266 3155 existis,
1300 3081 1446 3156 receptas
1480 3082 1514 3139 et
1536 3075 1675 3139 nondum
1710 3075 1749 3137 de

243 3181 392 3244 mandato
415 3185 523 3243 nostro
555 3196 610 3242 seu
635 3178 778 3241 eiusdem
810 3196 935 3242 camere
967 3178 1146 3255 assignatas
1178 3179 1228 3241 (ld.
1253 3178 1285 3240 ft.
1331 3179 1469 3242 Arnaldo
1501 3179 1540 3241 de
1571 3179 1750 3242 Lacausina

244 3284 392 3348 canonico
424 3283 636 3363 Cracouiensi,
668 3283 783 3345 nuncio
807 3282 893 3345 sedis
916 3283 1069 3360 eiusdem,
1101 3292 1132 3345 et
1156 3282 1252 3346 nobili
1285 3283 1351 3345 viro
1375 3283 1551 3346 Raimundo
1576 3282 1615 3345 de
1639 3301 1664 3345 s,
1689 3282 1749 3345 lli·

244 3387 352 3452 checle
376 3387 530 3451 servienti
554 3405 720 3465 armorum,
752 3385 901 3449 familiari
926 3392 1044 3465 nostro,
1078 3387 1128 3449 vel
1151 3405 1258 3449 eorum
1284 3388 1378 3450 alteri
1410 3388 1585 3466 assignare,
1616 3405 1671 3450 sen
1697 3388 1747 3449 ml.

243 3491 276 3556 n.
299 3491 424 3576 Raincli
450 3491 593 3554 Damiani
624 3497 658 3553 et
681 3491 814 3554 Alberto
845 3491 884 3553 de
909 3491 1016 3554 l'lanis
1048 3491 1299 3554 merchatoribus
1322 3499 1355 3554 et
1379 3492 1473 3555 sociis
1504 3491 1668 3554 societatis
1691 3491 1748 3553 des

244 3592 476 3671 Malasainsu,
493 3612 600 3658 eorum
626 3594 800 3658 factoribus
823 3595 948 3675 BrugiS,
973 3595 1056 3657 ouini
1088 3596 1272 3658 morositate
1297 3603 1428 3676 seurota,
1453 3597 1618 3657 destinare
1642 3599 1676 3656 et
1698 3610 1747 3655 as-

244 3700 368 3781 signare
384 3715 545 3780 procures,
569 3699 795 3779 premissorum
812 3700 944 3762 duarum
961 3700 1081 3761 viarum
1099 3699 1261 3778 opnionem
1279 3699 1459 3770 srrrnendus,
1485 3697 1746 3776 urremadmodum

244 3803 386 3885 sepotnte
409 3821 532 3866 camere
557 3803 668 3866 utilius
693 3809 726 3866 et
749 3803 911 3866 comorlius
935 3802 1053 3864 videris
1084 3803 1243 3882 expedire.
1277 3803 1341 3865 Nos
1365 3803 1448 3865 euim
1473 3802 1550 3881 ipsis
1574 3801 1686 3879 dictas
1711 3807 1747 3864 ut

243 3907 447 3988 premittitur,
470 3907 621 3988 pecunias
644 3907 821 3988 recepturis
845 3924 902 3988 per
925 3907 1004 3969 alias
1029 3912 1153 3970 nostras
1177 3907 1294 3971 diversi
1326 3908 1446 3970 tenoris
1469 3906 1595 3969 litteras
1619 3905 1746 3969 easdem

243 4011 415 4093 recipiendi
439 4015 534 4090 teque
558 4016 592 4073 et
614 4016 687 4074 tuos
711 4010 750 4072 de
775 4011 854 4090 ipsis
877 4010 1021 4090 quitandi
1046 4016 1080 4073 et
1102 4010 1258 4073 liberandi
1283 4011 1430 4074 ‹lerlimus
1460 4009 1656 4074 facultatem.
1681 4008 1746 4073 Vo-

242 4114 344 4178 lumus
364 4121 481 4184 autem,
497 4115 581 4193 quod
604 4115 643 4177 de
668 4114 741 4193 hiis,
765 4133 825 4193 qne
849 4114 977 4176 duxeris
1002 4115 1202 4192 assignanda,
1228 4115 1289 4178 duo
1313 4114 1491 4177 consimilia
1513 4111 1623 4177 confici
1646 4113 1745 4177 facias

242 4219 366 4298 publica
390 4219 609 4290 instrumenta,
625 4237 757 4297 quorum
774 4218 875 4281 altero
897 4236 997 4299 penes
1013 4224 1195 4298 receptores
1211 4218 1322 4281 relicto
1340 4219 1474 4281 alterum
1498 4237 1620 4282 camere
1637 4224 1745 4282 nostre

244 4322 384 4401 predicte
407 4322 525 4386 mittas
551 4322 587 4384 l).
612 4321 769 4386 Arrinione
795 4322 838 4385 Vl
861 4322 923 4385 kal.
946 4321 1090 4385 ianuarii
1115 4342 1141 4384 a.
1165 4322 1284 4401 quinto.

369 4475 400 4529 R.
420 4475 483 4527 Vnt.
502 4479 552 4527 239
571 4474 617 4527 fol.
631 4482 681 4528 247
703 4484 730 4527 et
748 4492 808 4528 cum
823 4476 916 4527 multis
937 4476 1075 4528 erroribus
1095 4476 1125 4528 li.
1145 4476 1207 4528 Vct.
1227 4482 1277 4527 243
1297 4476 1343 4527 fol.
1356 4482 1396 4527 72.
1417 4506 1448 4514 -
1480 4482 1504 4537 ³)
1523 4474 1664 4539 ,Pndnani‘
1682 4474 1744 4527 vot.

243 4567 289 4614 233
317 4568 345 4615 et
372 4568 431 4614 243,
464 4563 488 4628 b)
508 4561 690 4623 ,Malabnilas‘
716 4563 776 4614 Vnt.
809 4569 867 4625 243,
901 4561 1077 4626 ,Malabuilis‘
1101 4563 1162 4615 Vnt.
1188 4569 1247 4614 239.
1280 4594 1308 4600 -
1339 4564 1377 4615 De
1402 4561 1530 4614 mandato
1556 4561 1678 4614 Arnaldo
1710 4561 1745 4616 do

243 4647 396 4702 Laccucina
413 4648 486 4702 lucto
506 4649 586 4702 etiam
606 4649 634 4701 in
653 4649 684 4702 R.
704 4648 766 4702 Vnt.
779 4655 829 4702 247
848 4651 894 4702 iol.
914 4656 954 4701 72·
974 4650 1075 4702 mentio
1095 4650 1166 4701 titin
1184 4649 1285 4713 littera,
1305 4665 1359 4716 333
1379 4649 1428 4701 suli
1449 4647 1543 4701 eodem
1563 4648 1627 4700 dato
1648 4649 1746 4701 Weru-

243 4735 294 4788 rico
312 4735 409 4789 domus
434 4735 458 4787 b.
484 4735 590 4789 Mariae
617 4735 846 4790 Tireutonicorum
873 4738 1001 4805 magistro
1030 4737 1182 4800 insudatur,
1209 4743 1238 4787 nt
1266 4736 1441 4804 pecuniarum
1472 4752 1591 4788 sunnuas
1620 4751 1745 4787 carrrerao

243 4822 410 4891 spostolicae
428 4822 598 4892 pertinentes
618 4823 815 4875 mercatoribus
835 4822 868 4875 de
889 4825 986 4891 llrugis
1007 4823 1137 4890 assignet.

889 4981 1096 4992 —--———-

245 5102 328 5169 tos.
354 5102 472 5168 Sabatia
495 5102 647 5185 stipendii
669 5101 817 5165 seroierrti
832 5122 993 5165 armorum
1015 5103 1113 5165 misso
1136 5101 1179 5164 ad
1195 5099 1369 5164 collectores
1395 5100 1554 5181 Valonice,
1584 5101 1745 5181 Urzpariae

877 5211 906 5269 et
929 5207 1110 5271 Bobenoiuc.

1340 5309 1422 5372 13:37
1445 5308 1626 5372 Decembris
1650 5309 1700 5370 28.

1609 5444 1657 5496 18*
