3944 6060
822 397 1213 462 1mrsmmira÷muiiea
1268 407 1272 415 ·
1706 403 1772 469 24?

265 607 362 673 623..
385 605 549 674 Jobonnea
570 606 608 672 de
630 606 833 673 Lutbomuset
853 606 1026 691 supplicat,
1041 613 1211 690 quatenus
1232 609 1342 688 fratri
1362 629 1418 673 suo
1442 610 1538 675 leoni
1565 610 1603 676 rte
1624 609 1770 694 beneficio

264 710 474 776 ecelesiastica
503 711 546 777 ad
568 712 763 778 coitationem
784 712 969 778 monasterii
982 763 984 767 ι
997 733 1024 783 a.
1047 713 1176 778 Mariae
1205 714 1239 776 in
1261 713 1403 796 Antiqua
1432 715 1567 779 Brunna
1592 715 1770 797 pertinente

866 881 869 887 ,
909 816 1125 901 provideatur.
1323 883 1326 886 ⁴
1766 879 1771 902 ,

946 990 949 995 ·
1009 937 1012 942 ’
1068 956 1165 1040 Apud
1195 954 1432 1032 Vitiamnooam,
1455 959 1542 1023 1357
1565 957 1723 1024 Mariano.

394 1145 559 1231 Supplioat
583 1144 624 1211 82¹
651 1146 705 1212 er
730 1147 865 1213 devotus
887 1146 971 1212 filius
993 1152 1102 1212 vester
1115 1146 1277 1221 lohannes
1299 1148 1339 1213 de
1360 1149 1602 1231 Luthomusel·)
1625 1149 1768 1215 notarius

265 1257 299 1316 et
319 1251 454 1317 nuncius
476 1251 644 1317 reverendi
667 1251 769 1334 patris
792 1251 910 1317 domini
933 1251 1087 1317 Jobannis
1116 1252 1258 1335 episcopi
1280 1252 1568 1336 Lucbomuslansm,
1592 1254 1768 1336 imperialis

265 1356 336 1421 aula
359 1356 551 1434 cancellarii,
575 1360 732 1436 quatenus
755 1355 815 1420 sibi
837 1355 871 1419 in
894 1372 1062 1438 pomonam
1084 1354 1193 1421 frateio
1216 1357 1265 1421 aui
1288 1356 1404 1422 Leonis
1435 1357 1591 1438 quondam
1614 1356 1769 1440 Nicbolay

265 1460 304 1525 de
333 1456 589 1537 Luthomnisell)
620 1460 757 1543 graciam
788 1459 959 1542 specialem
990 1458 1154 1544 faciantne,
1188 1460 1227 1525 de
1257 1461 1410 1528 beneficio
1445 1461 1662 1527 ecclesiastico
1697 1479 1767 1525 cum

265 1583 340 1629 cura
361 1565 413 1629 vel
436 1565 506 1630 sine
530 1583 613 1642 cura,
638 1569 803 1647 spectante
828 1563 868 1628 ad
890 1563 1172 1645 collationem...
1193 1619 1199 1631 .
1223 1567 1384 1632 abbatisse
1408 1573 1441 1633 ct
1463 1570 1637 1636 conventus
1659 1583 1775 1655 mona,

264 1666 355 1733 sterii
385 1686 409 1733 s.
434 1668 536 1733 Maria
566 1669 598 1733 in
622 1668 763 1750 Antiqua
788 1668 918 1732 Brunna
948 1667 1172 1735 cisterciensis
1203 1670 1331 1754 ordinis,
1365 1668 1585 1737 Olomucensis
1617 1669 1708 1748 dioc,
1739 1669 1767 1735 si

265 1771 346 1853 quod
369 1777 462 1838 vacat
484 1773 525 1838 ad
547 1790 680 1855 presens
702 1773 754 1837 vel
778 1772 1005 1854 quamprimum
1021 1773 1190 1857 vacaverit,
1213 1773 1316 1839 cidem
1334 1773 1433 1844 Leoni
1449 1774 1622 1858 dignemini
1645 1774 1768 1839 miseri·

266 1876 403 1942 corditer
432 1875 610 1959 providere,
634 1895 703 1941 cum
728 1876 877 1941 clausulis
908 1883 942 1942 et
964 1896 1026 1942 non
1048 1872 1248 1944 obstantibus
1279 1879 1443 1961 oportunis
1474 1885 1509 1944 at
1531 1866 1771 1961 executoribus,

262 1987 300 2046 ut
321 1981 355 2046 in
378 1980 487 2047 torma.

392 2121 466 2186 mat
489 2120 525 2187 G.
561 2119 636 2187 Sine
667 2121 730 2187 alia
756 2121 905 2187 leccione.
941 2120 1014 2186 Fiat
1037 2121 1074 2187 G.
1109 2121 1148 2186 D.
1173 2121 1257 2203 apud
1279 2121 1510 2187 Villamnouam
1541 2118 1767 2194 Aninionensis

267 2226 345 2292 dioc.
371 2225 625 2291 nutantum
649 2245 676 2291 a.
702 2225 821 2308 quinto.

395 2415 592 2486 anappum
619 2415 664 2470 iol.
687 2414 752 2470 134⁴.
773 2445 806 2456 -
831 2419 856 2481 ⁸)
875 2415 1031 2470 correctum
1051 2413 1079 2469 in
1097 2430 1195 2470 rasura
1220 2429 1254 2468 ex
1273 2414 1465 2484 ,Bichomuael‘
1482 2413 1579 2484 Suppl.
1605 2415 1630 2484 b)
1652 2413 1766 2484 Corrigs

268 2505 465 2562 bnthomnsal‘.

255 2841 350 2908 624.
383 2839 480 2904 leoni
501 2837 631 2903 Nicolai
658 2837 697 2903 cie
723 2836 924 2902 Lutlromusel
953 2835 1064 2902 clerico
1096 2835 1350 2900 Lutirornuslenai
1376 2844 1557 2905 reservatur
1585 2839 1765 2921 beneficium

251 2943 502 3011 eunomianum
524 2964 593 3009 cum
616 2942 741 3008 celsino
754 2963 842 3023 cura,
864 2946 1043 3008 consuetum
1066 2942 1106 3007 ab
1120 2941 1197 3006 olim
1211 2940 1330 3006 doricis
1344 2943 1559 3010 saecularibus
1591 2944 1762 3027 assiqnari,

254 3051 350 3116 cuius
363 3053 497 3132 snectus
516 3047 560 3114 25
574 3068 656 3130 resp.
682 3050 722 3113 18
744 3068 927 3114 marcarum
943 3046 1067 3128 arpenti
1081 3045 1248 3111 secuudum
1262 3046 1458 3123 taxationem
1474 3047 1612 3115 decimae
1626 3049 1763 3115 calorem

257 3175 400 3221 annuum
423 3172 485 3219 non
506 3151 667 3236 emedont,
684 3151 727 3216 ad
749 3150 942 3216 collationem
960 3149 1140 3215 abbatissae
1162 3155 1192 3216 et
1213 3153 1378 3215 concentus
1392 3137 1617 3221 monasteriis.
1636 3152 1764 3219 Mariae

247 3259 296 3325 in
316 3257 458 3343 Antiqua
481 3256 618 3322 Brunna
632 3257 807 3340 pertinens,
829 3257 858 3319 si
879 3258 974 3320 vacat
994 3253 1042 3320 cel
1056 3275 1126 3321 curn
1140 3255 1308 3321 vocaverit.
1336 3253 1529 3336 ,Probitatis
1544 3261 1573 3321 et
1587 3260 1760 3322 uirtutumu

265 3363 379 3449 ,Apud
407 3362 639 3430 Viliamnouam
668 3361 892 3428 Auinionensis
921 3360 998 3425 dioc.
1039 3361 1102 3424 VII
1118 3359 1181 3426 eat.
1211 3358 1304 3427 lunii
1330 3377 1359 3420 a.
1383 3358 1519 3440 quinto.“
1549 3398 1590 3408 —
1613 3365 1652 3427 In
1673 3384 1699 3425 e.
1722 3382 1763 3426 m.

250 3467 493 3553 archiepiscopo
518 3468 674 3551 Praqensi
702 3472 732 3532 et
754 3466 895 3550 episcopo
917 3464 1170 3530 Lutbomuslensi
1199 3485 1237 3529 ac
1269 3464 1384 3531 decom
1406 3465 1552 3531 ecclesiae
1573 3487 1599 3533 s.
1623 3464 1763 3548 Aqricolr'

386 3626 392 3689 Ι
898 3569 1129 3635 Aninioncnsis.

308 3804 314 3815 ,
328 3679 421 3816 iq}
546 3667 551 3679 ⁴
1063 3707 1160 3790 Apud
1190 3706 1426 3783 Viliamnooam,
1450 3711 1536 3773 1357
1558 3708 1643 3773 Maii
1665 3708 1716 3774 26.

320 3888 321 3892 ’
387 3899 420 3955 n.
440 3876 560 3955 nausa
578 3898 627 3954 nl.
646 3905 705 3966 aas,
723 3898 754 3952 n
774 3898 836 3952 vm.
855 3902 905 3952 aaa
925 3897 971 3952 nl.
990 3894 1059 3951 aaa.

907 4118 1111 4128 ——-—-—

240 4287 348 4354 ⁴525.
372 4283 495 4351 Paulus
518 4284 681 4368 episcopus
705 4281 874 4349 Gnrcensis
890 4280 1060 4365 supplicat,
1081 4285 1235 4362 quatenns
1249 4278 1394 4346 Jobanni
1411 4281 1569 4348 Joirannis
1591 4282 1628 4347 rte
1642 4281 1759 4346 Laben-

231 4391 371 4472 εἰσίν)
393 4387 504 4455 clerico
527 4387 741 4454 Olomucensis
770 4387 848 4472 dioc.
878 4385 1082 4452 canonicatus
1111 4390 1140 4450 et
1163 4385 1347 4470 praebenda
1378 4384 1523 4464 ecciesiae
1553 4383 1760 4450 Bricineusis

237 4499 286 4559 ct
321 4493 430 4560 Ottoui
467 4492 628 4560 Jobaunis
663 4492 701 4557 de
739 4491 959 4572 Lobenstein·)
998 4488 1107 4555 clerico
1144 4487 1354 4554 Olomucensis
1391 4489 1468 4555 dioc.
1499 4489 1708 4553 canonicatus
1731 4492 1761 4553 et

215 4597 435 4680 ,praebenda
470 4596 617 4664 ecclcsiae
649 4595 863 4682 Tridentinae,
908 4595 962 4677 qui
989 4598 1072 4678 par
1094 4595 1318 4678 promotionem
1358 4593 1447 4658 Petri
1475 4593 1563 4659 electi
1593 4591 1761 4658 Louentini

234 4703 422 4788 vacabunt,
434 4706 637 4769 reserarentur.
651 4739 692 4750 —
708 4696 803 4782 ,Fiat
820 4700 881 4767 (Μ
898 4699 1012 4785 „Apud
1034 4697 1267 4764 Villamnonam
1281 4698 1505 4763 Aninionensr‘s
1520 4697 1596 4782 dioc.
1617 4697 1682 4762 Vll
1694 4695 1759 4762 eat.

855 4803 950 4872 Junii
972 4826 1001 4870 a.
1026 4805 1161 4885 quinto‚“
1594 4821 1597 4826 ¹
1770 4805 1773 4814 '

1063 4941 1159 5026 Apud
1189 4940 1425 5017 Villamnooom,
1448 4941 1534 5006 1357
1558 4941 1640 5007 Maii
1661 4942 1713 5006 26.
1769 4949 1772 4952 ’

376 5098 533 5205 neuim.
553 5108 585 5188 aa
604 5133 650 5188 ra.
671 5139 729 5194 142.
749 5163 780 5173 -
796 5137 820 5198 ι)
839 5131 1023 5199 ,nocentum
1042 5130 1136 5200 mppr.
