3944 6060
230 415 294 482 358
825 409 896 460 Acta
913 406 1066 462 innocentii
1083 405 1129 460 vl.

229 640 304 687 vere
327 622 450 702 sibique
474 621 607 685 eandem
630 637 751 683 sacram
774 618 922 701 paginam
945 617 1122 697 ubicunque
1146 615 1280 682 docendi
1302 614 1468 681 licenciam
1490 614 1625 698 elargiri
1648 613 1741 679 licite

229 727 347 806 valeas,
371 725 562 790 auctoritate
586 723 762 805 apostolica
784 727 896 788 tenore
918 721 1117 805 presencium
1140 721 1342 804 concedimus
1367 720 1563 785 facultatem.
1601 721 1639 784 l).
1664 718 1742 784 Ani·

230 831 324 894 niane
348 830 378 894 ll
402 848 473 894 non.
496 828 616 910 Aprilis
640 847 667 891 a
691 828 836 910 septima.

360 1018 390 1071 ll.
410 1019 459 1070 riv.
481 1023 525 1071 141
548 1016 595 1070 fal.
615 1022 684 1070 557'.
707 1047 732 1056 -
751 1017 814 1085 Rag.
834 1014 907 1083 apud
928 1015 1091 1085 Werunslup.
1111 1015 1251 1084 Excerpta
1269 1031 1313 1070 nr.
1332 1021 1391 1070 483,

232 1403 322 1470 906.
347 1401 480 1468 Nicotao
504 1400 642 1466 Fridtini
663 1399 848 1484 providetur
869 1403 955 1464 mota
972 1399 1103 1482 proprio
1126 1398 1163 1464 dc
1185 1399 1373 1463 canonicatu
1394 1396 1542 1463 ecclesiae
1563 1396 1746 1478 Propensis

418 1507 474 1570 snb
497 1507 710 1590 expectatione
729 1503 937 1588 praebendae,
961 1504 1140 1584 dipnitatis,
1161 1507 1350 1586 personatus
1372 1501 1420 1566 aet
1441 1500 1552 1582 officii.

280 1735 289 1754 ⁶
304 1628 332 1750 p
381 1736 389 1753 ι
1217 1643 1381 1722 aaaron,
1403 1643 1490 1707 raso
1512 1641 1639 1726 apae
1666 1639 1698 1705 7.

364 1838 401 1900 Ι).
426 1835 447 1902 f.
470 1835 602 1900 Nicolaa
637 1835 771 1900 Fridlini
804 1835 953 1901 canonica
987 1833 1139 1916 Pragensi
1173 1834 1309 1900 salutem
1332 1842 1392 1900 etc.
1427 1834 1650 1918 Sallragancia
1684 1835 1748 1900 tibi

235 1942 456 2025 probitatis..
478 1991 510 2008 ..
557 1939 710 2005 Voleutes
744 1940 853 2022 itaque
876 1940 943 2022 tibi,
966 1938 1019 2020 qui
1044 1989 1050 2002 .
1071 1985 1078 2001 .
1099 1992 1104 2003 .
1127 1990 1134 2003 .
1163 1937 1268 2004 Caroli
1292 1939 1503 2005 Ramanmuvn
1535 1939 1748 2021 imperatoris

354 2043 520 2108 familiaris
555 2043 668 2108 existis
671 2092 786 2116 .....
821 2044 958 2126 graciam
992 2042 1097 2106 facere
1131 2044 1313 2125 specialem,
1351 2029 1569 2110 canonicatum
1603 2043 1750 2110 ecclesie

236 2150 405 2231 Pragensis
425 2199 431 2212 .
451 2198 457 2211 .
477 2198 484 2213 .
504 2197 511 2210 .
535 2153 622 2212 rnatu
646 2147 783 2230 propria,
806 2166 867 2211 nan
891 2147 931 2211 ad
953 2153 1040 2211 tuam
1064 2146 1114 2209 vel
1138 2146 1271 2210 alterins
1302 2165 1359 2228 pro
1390 2153 1423 2212 te
1447 2146 1538 2213 uobis
1561 2164 1662 2229 super
1686 2147 1749 2214 hac

235 2253 340 2319 ablate
374 2251 543 2334 peticionis
578 2252 775 2330 instanciam,
810 2253 867 2315 sed
898 2252 937 2315 de
960 2256 1070 2315 nostra
1102 2269 1190 2315 rnera
1223 2251 1429 2335 liberalitate,
1466 2251 1645 2334 apostolica
1681 2252 1746 2318 tibi

236 2357 425 2423 auctoritate
462 2355 653 2422 conferimus
691 2363 725 2422 et
759 2357 798 2421 de
833 2357 887 2421 illo
922 2357 1022 2421 eciam
1056 2355 1269 2438 providemus,
1303 2355 1497 2438 prebendam
1531 2375 1607 2421 vera
1638 2355 1749 2439 ipsius

236 2461 371 2527 ecclesie
405 2479 548 2526 necnon
573 2461 772 2543 dignitatem,
807 2466 1013 2542 personatum
1048 2460 1100 2524 vel
1123 2458 1260 2525 officinm
1294 2480 1363 2526 cum
1387 2480 1462 2526 cara
1485 2462 1536 2526 vel
1560 2460 1630 2526 sine
1655 2481 1748 2542 cura,

236 2567 335 2632 ecianr
360 2566 387 2630 si
411 2565 550 2648 dignitas
573 2566 644 2648 ipsa
665 2566 697 2629 in
721 2565 832 2630 eadem
846 2565 998 2647 Pragensi
1021 2564 1158 2629 ecclesia
1180 2564 1281 2630 maior
1302 2571 1375 2647 post
1397 2566 1610 2647 pontificalem
1635 2565 1751 2650 fuerit,

237 2677 271 2735 at
294 2672 334 2734 ad
358 2688 427 2735 earn
452 2670 522 2751 quis
546 2670 748 2735 consueverit
770 2689 828 2752 per
850 2669 1043 2734 eleccionem
1067 2668 1195 2750 assumi,
1228 2676 1262 2732 at
1284 2669 1383 2734 eciarn
1419 2670 1446 2734 si
1469 2670 1513 2734 sit
1535 2669 1751 2752 disposiciani

237 2776 411 2859 apostalice
444 2781 616 2856 reservata,
640 2775 692 2839 si.
713 2825 720 2838 .
741 2825 774 2840 ..
809 2775 842 2839 iu
866 2774 952 2840 dicta
976 2774 1128 2857 Pragensi
1152 2773 1288 2837 ecclesia
1322 2780 1437 2838 vacant
1459 2773 1500 2838 ad
1524 2791 1670 2857 presens,
1694 2778 1751 2842 vel

238 2899 307 2945 cnm
330 2880 422 2945 simul
447 2885 502 2944 ant
525 2880 704 2944 successive
728 2880 911 2945 vacaverint
913 2927 1027 2959 .....
1052 2877 1243 2944 conferenda
1274 2878 1386 2944 tibi..
1409 2928 1441 2943 ..
1475 2879 1644 2946 donaciani
1669 2900 1750 2964 apa

238 2984 351 3049 stalice
375 2999 574 3049 reservamus
594 3034 601 3049 .
621 3035 627 3048 .
647 3035 653 3048 .
675 3036 681 3049 .

367 3121 406 3187 D.
431 3120 586 3187 Auiniane
610 3121 670 3188 Vll
693 3122 735 3187 id.
760 3122 878 3205 Aprilis
901 3141 928 3187 a.
954 3122 1098 3205 septima.

372 3263 409 3328 ln
432 3282 460 3328 e.
483 3282 513 3327 m
517 3311 631 3328 .....
655 3260 913 3328 Lathomuslensi
945 3283 980 3327 aa
999 3313 1032 3329 ..
1065 3263 1224 3329 Mindensi
1248 3264 1407 3347 episcopis
1438 3282 1475 3330 ac
1494 3317 1500 3331 .
1520 3315 1527 3330 .
1548 3316 1582 3331 ..
1623 3264 1753 3334 decana

240 3365 375 3434 ecclesie
399 3386 423 3433 s.
448 3367 586 3451 Agricali
610 3369 844 3434 Aninianensis.

368 3559 400 3614 R.
419 3560 470 3619 Ar,
490 3565 538 3612 140
557 3557 603 3612 iol.
632 3556 955 3627 mantuanense.
975 3561 1024 3611 76¹.
1052 3585 1084 3595 —-
1120 3555 1151 3609 ln
1171 3556 1204 3610 a.
1230 3555 1324 3625 Suppl.
1343 3562 1377 3610 30
1395 3555 1442 3610 lal.
1470 3563 1504 3611 45
1523 3556 1558 3611 de
1577 3559 1746 3626 provisione

241 3645 382 3716 praedicta
400 3653 467 3700 nata
485 3661 545 3699 cum
564 3645 733 3700 resolutione
751 3660 853 3713 papae:
872 3643 944 3712 ,Fiat
962 3650 1037 3697 matu
1055 3643 1166 3712 propria
1185 3644 1216 3695 G‘
1234 3643 1378 3711 reperitur.

243 4047 333 4114 907.
357 4045 484 4111 ⁴‘ilberto
506 4044 628 4110 Auen
649 4045 802 4110 tennione
825 4047 1021 4110 annuarum
1041 4042 1262 4109 solvendornm
1284 4044 1322 4109 do
1343 4046 1570 4129 praepositura
1593 4048 1756 4116 andaciae

711 4170 737 4214 s.
761 4150 850 4213 Petri
872 4149 905 4213 in
927 4146 1064 4213 Bnonno
1082 4152 1284 4230 prorogator.

1394 4289 1478 4354 1359
1500 4288 1625 4374 apaan
1647 4294 1704 4356 13.

373 4479 454 4543 Item
477 4478 677 4561 presentacio
712 4498 769 4561 per
792 4477 983 4544 abbatissam
1018 4482 1052 4542 et
1082 4485 1271 4546 conventam
1305 4481 1490 4545 manasterii
1523 4481 1683 4549 Parteceli
1708 4485 1752 4551 de

243 4602 379 4665 persana
401 4584 523 4648 Alberti
545 4583 669 4649 Alberti
692 4584 732 4647 ad
755 4583 987 4665 preposituram
1017 4584 1151 4647 ecclesie
1182 4584 1349 4666 collegiata
1380 4603 1404 4649 s.
1437 4584 1525 4650 Patri
1557 4584 1590 4650 in
1613 4585 1751 4654 Brunna

245 4687 464 4752 Olamucensis
489 4687 566 4752 diac.
590 4691 624 4750 et
647 4687 847 4769 institucio·)
882 4706 939 4769 per
969 4689 1151 4770 episcopum
1188 4688 1428 4755 Olamucensem
1464 4687 1585 4775 factal)
1608 4691 1650 4754 de
1672 4710 1748 4773 per·

245 4811 323 4857 sona
340 4792 416 4856 dicti
441 4792 563 4856 Alberti
588 4793 760 4857 addictam
785 4791 1017 4874 preposituram
1040 4791 1169 4856 fuerunt
1191 4811 1249 4874 per
1272 4794 1431 4858 dominum
1454 4813 1567 4877 papam
1591 4795 1750 4861 Innocen-

245 4897 327 4961 cium
350 4895 394 4959 Vl
418 4894 599 4961 cavrfirrnate
630 4897 681 4960 vel
706 4897 809 4960 cidem
833 4897 872 4959 de
895 4915 976 4961 navo
1000 4897 1159 4978 provisum
1190 4897 1229 4960 de
1255 4897 1341 4961 dicta
1363 4898 1566 4980 prepositura
1595 4904 1750 4981 tanquam

245 5001 284 5064 de
298 5001 470 5064 reservatis
494 5000 568 5064 Vlll
584 5001 647 5064 kal.
672 5001 859 5065 Novembris
882 5021 909 5065 a.
934 5000 961 5064 V
976 4999 1016 5082 ¹);
1040 5001 1149 5066 finavit
1172 5001 1211 5064 ad
1236 4999 1354 5066 CXVII
1369 5000 1428 5067 lior
1467 5021 1536 5067 cum
1549 5002 1682 5069 dimidia
1707 5005 1749 5070 de

245 5104 373 5169 florenis
410 5105 559 5185 ponderis
598 5105 762 5169 sentencie
794 5104 961 5169 solvendos
997 5125 1015 5168 a
1046 5105 1127 5170 festa
1162 5105 1278 5187 pasche
1314 5106 1354 5169 ad
1378 5125 1503 5184 annum,
1538 5125 1600 5188 qua
1636 5107 1751 5190 decet3

245 5206 430 5273 MCCCLlX
461 5209 511 5272 die
536 5208 614 5274 lllll
638 5209 754 5273 mensis
779 5209 897 5291 Aprilis
931 5210 1027 5274 solvit
1061 5230 1117 5292 per
1147 5228 1259 5274 marrus
1295 5211 1413 5275 domini
1439 5210 1580 5276 Ozakani
1603 5214 1752 5279 canonici

247 5312 389 5394 predicta
420 5313 555 5377 ecclesie
586 5332 610 5378 s.
643 5313 728 5377 Petri
760 5364 794 5376 ..
842 5311 929 5397 ‚CXJ
951 5312 1017 5377 liar.
1072 5315 1263 5396 Prorogatus
1301 5313 1361 5379 fuit
1400 5315 1461 5381 sibi
1503 5316 1660 5382 terminus
1697 5318 1752 5383 die
