<?xml version="1.0" encoding="UTF-8"?>
<!DOCTYPE html PUBLIC "-//W3C//DTD XHTML 1.0 Transitional//EN"
    "http://www.w3.org/TR/xhtml1/DTD/xhtml1-transitional.dtd">
<html xmlns="http://www.w3.org/1999/xhtml" xml:lang="en" lang="en">
 <head>
  <title>
</title>
<meta http-equiv="Content-Type" content="text/html;charset=utf-8" />
  <meta name='ocr-system' content='tesseract 3.04.00' />
  <meta name='ocr-capabilities' content='ocr_page ocr_carea ocr_par ocr_line ocrx_word'/>
</head>
<body>
  <div class='ocr_page' id='page_1' title='image "./monumentavatica00vatigoog_0576.png"; bbox 0 0 3944 6060; ppageno 0'>
   <div class='ocr_carea' id='block_1_1' title="bbox 697 443 1686 516">
    <p class='ocr_par' dir='ltr' id='par_1_1' title="bbox 697 443 1686 516">
     <span class='ocr_line' id='line_1_1' title="bbox 697 443 1686 516; baseline 0.022 -21"><span class='ocrx_word' id='word_1_1' title='bbox 697 448 764 496; x_wconf 84' lang='lat' dir='ltr'>ress</span> <span class='ocrx_word' id='word_1_2' title='bbox 781 443 860 497; x_wconf 82' lang='lat' dir='ltr'>Junii</span> <span class='ocrx_word' id='word_1_3' title='bbox 877 449 893 495; x_wconf 78' lang='lat' dir='ltr'>a</span> <span class='ocrx_word' id='word_1_4' title='bbox 913 473 945 484; x_wconf 90' lang='lat'>-</span> <span class='ocrx_word' id='word_1_5' title='bbox 965 450 1033 498; x_wconf 75' lang='lat' dir='ltr'>ress</span> <span class='ocrx_word' id='word_1_6' title='bbox 1051 445 1121 499; x_wconf 80' lang='lat' dir='ltr'>surii</span> <span class='ocrx_word' id='word_1_7' title='bbox 1139 452 1164 499; x_wconf 88' lang='lat' dir='ltr'>s.</span> <span class='ocrx_word' id='word_1_8' title='bbox 1620 450 1686 516; x_wconf 75' lang='lat'>523</span> 
     </span>
    </p>
   </div>
   <div class='ocr_carea' id='block_1_2' title="bbox 180 651 1686 1049">
    <p class='ocr_par' dir='ltr' id='par_1_2' title="bbox 180 651 1685 842">
     <span class='ocr_line' id='line_1_2' title="bbox 308 651 1685 736; baseline 0.004 -20"><span class='ocrx_word' id='word_1_9' title='bbox 308 654 399 717; x_wconf 79' lang='lat' dir='ltr'>Anno</span> <span class='ocrx_word' id='word_1_10' title='bbox 421 653 529 718; x_wconf 83' lang='lat' dir='ltr'>LXIII</span> <span class='ocrx_word' id='word_1_11' title='bbox 552 653 604 717; x_wconf 89' lang='lat' dir='ltr'>die</span> <span class='ocrx_word' id='word_1_12' title='bbox 626 653 693 718; x_wconf 90' lang='lat'><em>1111</em></span> <span class='ocrx_word' id='word_1_13' title='bbox 714 653 792 718; x_wconf 87' lang='lat' dir='ltr'>Julii</span> <span class='ocrx_word' id='word_1_14' title='bbox 815 651 877 717; x_wconf 80' lang='lat' dir='ltr'>fuit</span> <span class='ocrx_word' id='word_1_15' title='bbox 899 653 1004 718; x_wconf 90' lang='lat' dir='ltr'>eidem</span> <span class='ocrx_word' id='word_1_16' title='bbox 1034 662 1224 736; x_wconf 85' lang='lat' dir='ltr'>prorogatus</span> <span class='ocrx_word' id='word_1_17' title='bbox 1256 655 1412 720; x_wconf 89' lang='lat' dir='ltr'>terminus</span> <span class='ocrx_word' id='word_1_18' title='bbox 1441 674 1542 736; x_wconf 89' lang='lat' dir='ltr'>usque</span> <span class='ocrx_word' id='word_1_19' title='bbox 1574 657 1614 720; x_wconf 87' lang='lat' dir='ltr'>ad</span> <span class='ocrx_word' id='word_1_20' title='bbox 1639 656 1685 721; x_wconf 75' lang='lat' dir='ltr'>Ie</span> 
     </span>
     <span class='ocr_line' id='line_1_3' title="bbox 180 757 1596 842; baseline 0 -22"><span class='ocrx_word' id='word_1_21' title='bbox 180 764 264 821; x_wconf 90' lang='lat' dir='ltr'>stum</span> <span class='ocrx_word' id='word_1_22' title='bbox 286 757 425 821; x_wconf 90' lang='lat' dir='ltr'>omnium</span> <span class='ocrx_word' id='word_1_23' title='bbox 448 762 630 821; x_wconf 88' lang='lat' dir='ltr'>sanctornm</span> <span class='ocrx_word' id='word_1_24' title='bbox 652 758 796 839; x_wconf 84' lang='lat' dir='ltr'>proxime</span> <span class='ocrx_word' id='word_1_25' title='bbox 819 764 988 822; x_wconf 80' lang='lat' dir='ltr'>venturum</span> <span class='ocrx_word' id='word_1_26' title='bbox 1011 760 1070 823; x_wconf 90' lang='lat' dir='ltr'>sub</span> <span class='ocrx_word' id='word_1_27' title='bbox 1094 759 1216 824; x_wconf 88' lang='lat' dir='ltr'>eIsdem</span> <span class='ocrx_word' id='word_1_28' title='bbox 1239 760 1332 842; x_wconf 90' lang='lat' dir='ltr'>penis</span> <span class='ocrx_word' id='word_1_29' title='bbox 1354 767 1390 824; x_wconf 91' lang='lat' dir='ltr'>et</span> <span class='ocrx_word' id='word_1_30' title='bbox 1410 761 1596 825; x_wconf 80' lang='lat' dir='ltr'>sentenciis.</span> 
     </span>
    </p>

    <p class='ocr_par' dir='ltr' id='par_1_3' title="bbox 182 860 1686 1049">
     <span class='ocr_line' id='line_1_4' title="bbox 309 860 1686 946; baseline 0.002 -20"><span class='ocrx_word' id='word_1_31' title='bbox 309 860 431 926; x_wconf 84' lang='lat' dir='ltr'>Eodem</span> <span class='ocrx_word' id='word_1_32' title='bbox 454 879 537 926; x_wconf 87' lang='lat' dir='ltr'>anno</span> <span class='ocrx_word' id='word_1_33' title='bbox 560 860 613 925; x_wconf 90' lang='lat' dir='ltr'>die</span> <span class='ocrx_word' id='word_1_34' title='bbox 636 861 750 926; x_wconf 88' lang='lat' dir='ltr'>ultima</span> <span class='ocrx_word' id='word_1_35' title='bbox 770 861 891 926; x_wconf 82' lang='lat' dir='ltr'><strong>mensis</strong></span> <span class='ocrx_word' id='word_1_36' title='bbox 914 860 1064 927; x_wconf 82' lang='lat' dir='ltr'>Octobris</span> <span class='ocrx_word' id='word_1_37' title='bbox 1098 861 1287 928; x_wconf 83' lang='lat' dir='ltr'>certificavit</span> <span class='ocrx_word' id='word_1_38' title='bbox 1309 881 1465 928; x_wconf 87' lang='lat' dir='ltr'>cameram</span> <span class='ocrx_word' id='word_1_39' title='bbox 1490 881 1550 946; x_wconf 89' lang='lat' dir='ltr'>per</span> <span class='ocrx_word' id='word_1_40' title='bbox 1570 864 1686 929; x_wconf 85' lang='lat' dir='ltr'>literas</span> 
     </span>
     <span class='ocr_line' id='line_1_5' title="bbox 182 964 1686 1049; baseline 0.003 -20"><span class='ocrx_word' id='word_1_41' title='bbox 182 964 370 1037; x_wconf 86' lang='lat' dir='ltr'>collectoris,</span> <span class='ocrx_word' id='word_1_42' title='bbox 393 965 477 1045; x_wconf 88' lang='lat' dir='ltr'>quod</span> <span class='ocrx_word' id='word_1_43' title='bbox 499 965 657 1029; x_wconf 73' lang='lat' dir='ltr'>medietas</span> <span class='ocrx_word' id='word_1_44' title='bbox 679 964 839 1030; x_wconf 75' lang='lat' dir='ltr'>buctuum</span> <span class='ocrx_word' id='word_1_45' title='bbox 862 965 1068 1032; x_wconf 80' lang='lat' dir='ltr'>canonicatus</span> <span class='ocrx_word' id='word_1_46' title='bbox 1090 973 1124 1031; x_wconf 90' lang='lat' dir='ltr'>et</span> <span class='ocrx_word' id='word_1_47' title='bbox 1146 968 1309 1049; x_wconf 90' lang='lat' dir='ltr'>prebende</span> <span class='ocrx_word' id='word_1_48' title='bbox 1338 968 1553 1049; x_wconf 88' lang='lat' dir='ltr'>predictorum</span> <span class='ocrx_word' id='word_1_49' title='bbox 1561 966 1588 1046; x_wconf 62' lang='grc' dir='ltr'>ι)</span> <span class='ocrx_word' id='word_1_50' title='bbox 1622 987 1686 1034; x_wconf 93' lang='lat' dir='ltr'>uon</span> 
     </span>
    </p>
   </div>
   <div class='ocr_carea' id='block_1_3' title="bbox 181 1068 1685 1236">
    <p class='ocr_par' dir='ltr' id='par_1_4' title="bbox 181 1068 1685 1236">
     <span class='ocr_line' id='line_1_6' title="bbox 182 1068 1685 1153; baseline 0.004 -21"><span class='ocrx_word' id='word_1_51' title='bbox 182 1068 397 1132; x_wconf 74' lang='lat' dir='ltr'>ascendebant</span> <span class='ocrx_word' id='word_1_52' title='bbox 418 1085 571 1132; x_wconf 90' lang='lat' dir='ltr'>summam</span> <span class='ocrx_word' id='word_1_53' title='bbox 593 1068 654 1134; x_wconf 94' lang='lat' dir='ltr'>XX</span> <span class='ocrx_word' id='word_1_54' title='bbox 677 1068 867 1135; x_wconf 85' lang='lat' dir='ltr'>florenorum</span> <span class='ocrx_word' id='word_1_55' title='bbox 890 1068 971 1148; x_wconf 86' lang='lat' dir='ltr'>auri,</span> <span class='ocrx_word' id='word_1_56' title='bbox 1002 1088 1082 1151; x_wconf 87' lang='lat' dir='ltr'>quos</span> <span class='ocrx_word' id='word_1_57' title='bbox 1106 1071 1202 1136; x_wconf 82' lang='lat' dir='ltr'>solvit</span> <span class='ocrx_word' id='word_1_58' title='bbox 1222 1089 1282 1153; x_wconf 88' lang='lat' dir='ltr'>per</span> <span class='ocrx_word' id='word_1_59' title='bbox 1304 1088 1415 1135; x_wconf 92' lang='lat' dir='ltr'>manus</span> <span class='ocrx_word' id='word_1_60' title='bbox 1437 1072 1528 1135; x_wconf 91' lang='lat' dir='ltr'>Pauli</span> <span class='ocrx_word' id='word_1_61' title='bbox 1552 1072 1685 1138; x_wconf 82' lang='lat' dir='ltr'>Martini</span> 
     </span>
     <span class='ocr_line' id='line_1_7' title="bbox 181 1170 405 1236; baseline -0.009 1"><span class='ocrx_word' id='word_1_62' title='bbox 181 1209 224 1219; x_wconf 89' lang='lat'>-</span> <span class='ocrx_word' id='word_1_63' title='bbox 244 1172 313 1236; x_wconf 94' lang='lat' dir='ltr'>XX.</span> <span class='ocrx_word' id='word_1_64' title='bbox 338 1170 405 1236; x_wconf 84' lang='lat' dir='ltr'>tior.</span> 
     </span>
    </p>
   </div>
   <div class='ocr_carea' id='block_1_4' title="bbox 315 1357 1690 1432">
    <p class='ocr_par' dir='ltr' id='par_1_5' title="bbox 315 1357 1690 1432">
     <span class='ocr_line' id='line_1_8' title="bbox 315 1357 1690 1432; baseline 0.004 -20"><span class='ocrx_word' id='word_1_65' title='bbox 315 1358 386 1413; x_wconf 89' lang='lat' dir='ltr'>CoIl.</span> <span class='ocrx_word' id='word_1_66' title='bbox 405 1357 493 1412; x_wconf 79' lang='lat' dir='ltr'>Alam.</span> <span class='ocrx_word' id='word_1_67' title='bbox 513 1362 708 1424; x_wconf 73' lang='lat' dir='ltr'>(leel—136⁴)</span> <span class='ocrx_word' id='word_1_68' title='bbox 727 1375 768 1412; x_wconf 91' lang='lat' dir='ltr'>nr.</span> <span class='ocrx_word' id='word_1_69' title='bbox 788 1359 860 1414; x_wconf 79' lang='lat' dir='ltr'>stol.</span> <span class='ocrx_word' id='word_1_70' title='bbox 879 1368 920 1415; x_wconf 83' lang='grc'>49.</span> <span class='ocrx_word' id='word_1_71' title='bbox 940 1391 975 1402; x_wconf 93' lang='grc'>-</span> <span class='ocrx_word' id='word_1_72' title='bbox 996 1365 1021 1429; x_wconf 80' lang='lat'>¹)</span> <span class='ocrx_word' id='word_1_73' title='bbox 1040 1360 1203 1431; x_wconf 84' lang='lat' dir='ltr'>Suppletum</span> <span class='ocrx_word' id='word_1_74' title='bbox 1222 1361 1332 1416; x_wconf 82' lang='lat' dir='ltr'>extolio</span> <span class='ocrx_word' id='word_1_75' title='bbox 1351 1368 1393 1418; x_wconf 77' lang='lat'>20.</span> <span class='ocrx_word' id='word_1_76' title='bbox 1413 1364 1439 1429; x_wconf 74' lang='lat' dir='ltr'>b)</span> <span class='ocrx_word' id='word_1_77' title='bbox 1459 1363 1608 1432; x_wconf 83' lang='lat' dir='ltr'>,predictis‘</span> <span class='ocrx_word' id='word_1_78' title='bbox 1627 1364 1690 1419; x_wconf 81' lang='lat' dir='ltr'>coll</span> 
     </span>
    </p>
   </div>
   <div class='ocr_carea' id='block_1_5' title="bbox 831 1573 997 1580">
    <p class='ocr_par' dir='ltr' id='par_1_6' title="bbox 831 1573 997 1580">
     <span class='ocr_line' id='line_1_9' title="bbox 831 1573 997 1580; baseline 0.012 -2"><span class='ocrx_word' id='word_1_79' title='bbox 831 1573 997 1580; x_wconf 71' lang='lat'>—</span> 
     </span>
    </p>
   </div>
   <div class='ocr_carea' id='block_1_6' title="bbox 182 1741 1694 2239">
    <p class='ocr_par' dir='ltr' id='par_1_7' title="bbox 182 1741 1694 2239">
     <span class='ocr_line' id='line_1_10' title="bbox 182 1741 1690 1826; baseline 0.002 -18"><span class='ocrx_word' id='word_1_80' title='bbox 182 1743 301 1809; x_wconf 80' lang='lat'><strong><em>1318.</em></strong></span> <span class='ocrx_word' id='word_1_81' title='bbox 337 1741 371 1807; x_wconf 89' lang='lat' dir='ltr'>S.</span> <span class='ocrx_word' id='word_1_82' title='bbox 394 1741 536 1826; x_wconf 71' lang='lat' dir='ltr'>Apricoti</span> <span class='ocrx_word' id='word_1_83' title='bbox 559 1741 782 1806; x_wconf 78' lang='lat' dir='ltr'>Aoiaioneaeis</span> <span class='ocrx_word' id='word_1_84' title='bbox 818 1747 849 1805; x_wconf 90' lang='lat' dir='ltr'>et</span> <span class='ocrx_word' id='word_1_85' title='bbox 870 1763 895 1806; x_wconf 89' lang='lat' dir='ltr'>s.</span> <span class='ocrx_word' id='word_1_86' title='bbox 918 1743 1034 1810; x_wconf 85' lang='lat' dir='ltr'>Jacobi</span> <span class='ocrx_word' id='word_1_87' title='bbox 1065 1747 1159 1808; x_wconf 76' lang='lat' dir='ltr'>extra</span> <span class='ocrx_word' id='word_1_88' title='bbox 1180 1764 1286 1808; x_wconf 87' lang='lat' dir='ltr'>maros</span> <span class='ocrx_word' id='word_1_89' title='bbox 1308 1742 1557 1824; x_wconf 76' lang='lat' dir='ltr'>Baraberperrses</span> <span class='ocrx_word' id='word_1_90' title='bbox 1579 1744 1690 1812; x_wconf 75' lang='lat' dir='ltr'>ecclesi</span> 
     </span>
     <span class='ocr_line' id='line_1_11' title="bbox 183 1845 1694 1931; baseline 0.003 -23"><span class='ocrx_word' id='word_1_91' title='bbox 183 1865 276 1908; x_wconf 81' lang='lat' dir='ltr'>arum</span> <span class='ocrx_word' id='word_1_92' title='bbox 297 1845 427 1911; x_wconf 64' lang='lat' dir='ltr'>mais</span> <span class='ocrx_word' id='word_1_93' title='bbox 449 1867 487 1911; x_wconf 91' lang='lat' dir='ltr'>ac</span> <span class='ocrx_word' id='word_1_94' title='bbox 502 1847 626 1911; x_wconf 78' lang='lat' dir='ltr'>cantori</span> <span class='ocrx_word' id='word_1_95' title='bbox 647 1846 830 1926; x_wconf 74' lang='lat' dir='ltr'>Eystetensi</span> <span class='ocrx_word' id='word_1_96' title='bbox 844 1846 1027 1921; x_wconf 81' lang='lat' dir='ltr'>mandatur,</span> <span class='ocrx_word' id='word_1_97' title='bbox 1051 1851 1205 1931; x_wconf 68' lang='lat' dir='ltr'>canterius</span> <span class='ocrx_word' id='word_1_98' title='bbox 1233 1848 1341 1913; x_wconf 87' lang='lat' dir='ltr'>Utrico</span> <span class='ocrx_word' id='word_1_99' title='bbox 1363 1848 1444 1912; x_wconf 87' lang='lat' dir='ltr'>dicto</span> <span class='ocrx_word' id='word_1_100' title='bbox 1465 1848 1560 1911; x_wconf 79' lang='lat' dir='ltr'>Karrtc</span> <span class='ocrx_word' id='word_1_101' title='bbox 1575 1848 1694 1913; x_wconf 79' lang='lat' dir='ltr'>clerico-</span> 
     </span>
     <span class='ocr_line' id='line_1_12' title="bbox 182 1949 1687 2033; baseline 0.003 -21"><span class='ocrx_word' id='word_1_102' title='bbox 182 1949 377 2028; x_wconf 69' lang='lat' dir='ltr'>Eysteteasis</span> <span class='ocrx_word' id='word_1_103' title='bbox 400 1950 478 2015; x_wconf 85' lang='lat' dir='ltr'>dioc.</span> <span class='ocrx_word' id='word_1_104' title='bbox 498 1953 689 2032; x_wconf 73' lang='lat' dir='ltr'>perpetuam</span> <span class='ocrx_word' id='word_1_105' title='bbox 722 1949 881 2013; x_wconf 78' lang='lat' dir='ltr'>vicariam</span> <span class='ocrx_word' id='word_1_106' title='bbox 898 1950 1098 2032; x_wconf 70' lang='lat' dir='ltr'>paroehialis</span> <span class='ocrx_word' id='word_1_107' title='bbox 1121 1950 1266 2015; x_wconf 60' lang='lat' dir='ltr'>eccleaae</span> <span class='ocrx_word' id='word_1_108' title='bbox 1286 1951 1321 2017; x_wconf 84' lang='lat' dir='ltr'>ia</span> <span class='ocrx_word' id='word_1_109' title='bbox 1346 1950 1557 2033; x_wconf 71' lang='lat' dir='ltr'>Iaqotstadt2)</span> <span class='ocrx_word' id='word_1_110' title='bbox 1581 1952 1687 2017; x_wconf 82' lang='lat' dir='ltr'>dictae</span> 
     </span>
     <span class='ocr_line' id='line_1_13' title="bbox 182 2050 1687 2139; baseline 0.005 -25"><span class='ocrx_word' id='word_1_111' title='bbox 182 2050 259 2116; x_wconf 88' lang='lat' dir='ltr'>dioc.</span> <span class='ocrx_word' id='word_1_112' title='bbox 293 2053 337 2117; x_wconf 86' lang='lat' dir='ltr'>ad</span> <span class='ocrx_word' id='word_1_113' title='bbox 357 2053 621 2137; x_wconf 62' lang='lat' dir='ltr'>supplicationem</span> <span class='ocrx_word' id='word_1_114' title='bbox 656 2051 764 2119; x_wconf 82' lang='lat' dir='ltr'>Caroli</span> <span class='ocrx_word' id='word_1_115' title='bbox 787 2055 1000 2118; x_wconf 80' lang='lat' dir='ltr'>Romanorwa</span> <span class='ocrx_word' id='word_1_116' title='bbox 1033 2055 1236 2138; x_wconf 83' lang='lat' dir='ltr'>imperatoris</span> <span class='ocrx_word' id='word_1_117' title='bbox 1264 2061 1293 2119; x_wconf 89' lang='lat' dir='ltr'>et</span> <span class='ocrx_word' id='word_1_118' title='bbox 1316 2053 1489 2121; x_wconf 83' lang='lat' dir='ltr'>Bobemioe</span> <span class='ocrx_word' id='word_1_119' title='bbox 1510 2056 1594 2139; x_wconf 80' lang='lat' dir='ltr'>repis</span> <span class='ocrx_word' id='word_1_120' title='bbox 1616 2076 1687 2121; x_wconf 81' lang='lat' dir='ltr'>coa·</span> 
     </span>
     <span class='ocr_line' id='line_1_14' title="bbox 281 2156 1576 2239; baseline 0.001 -18"><span class='ocrx_word' id='word_1_121' title='bbox 281 2159 408 2235; x_wconf 76' lang='lat' dir='ltr'>ferant.</span> <span class='ocrx_word' id='word_1_122' title='bbox 435 2156 648 2238; x_wconf 72' lang='lat' dir='ltr'>„Laudabitia</span> <span class='ocrx_word' id='word_1_123' title='bbox 665 2157 859 2239; x_wconf 80' lang='lat' dir='ltr'>probitatis“</span> <span class='ocrx_word' id='word_1_124' title='bbox 887 2159 1063 2237; x_wconf 79' lang='lat' dir='ltr'>„Aaiaioac</span> <span class='ocrx_word' id='word_1_125' title='bbox 1084 2160 1160 2223; x_wconf 88' lang='lat' dir='ltr'>IIII</span> <span class='ocrx_word' id='word_1_126' title='bbox 1177 2159 1241 2223; x_wconf 76' lang='lat' dir='ltr'>aar.</span> <span class='ocrx_word' id='word_1_127' title='bbox 1264 2158 1348 2225; x_wconf 75' lang='lat' dir='ltr'>Jab‘r·</span> <span class='ocrx_word' id='word_1_128' title='bbox 1370 2180 1399 2224; x_wconf 89' lang='lat' dir='ltr'>a.</span> <span class='ocrx_word' id='word_1_129' title='bbox 1425 2158 1576 2224; x_wconf 60' lang='lat' dir='ltr'>deciawfl</span> 
     </span>
    </p>
   </div>
   <div class='ocr_carea' id='block_1_7' title="bbox 250 2279 1641 2552">
    <p class='ocr_par' dir='ltr' id='par_1_8' title="bbox 250 2279 1641 2552">
     <span class='ocr_line' id='line_1_15' title="bbox 250 2279 1641 2433; baseline 0.004 -77"><span class='ocrx_word' id='word_1_130' title='bbox 250 2279 285 2433; x_wconf 47' lang='lat' dir='ltr'>&#39;XV&#39;</span> <span class='ocrx_word' id='word_1_131' title='bbox 1179 2294 1342 2379; x_wconf 81' lang='lat' dir='ltr'>Aoiar&#39;orsc,</span> <span class='ocrx_word' id='word_1_132' title='bbox 1367 2298 1450 2362; x_wconf 80' lang='lat'><strong><em>1362</em></strong></span> <span class='ocrx_word' id='word_1_133' title='bbox 1472 2298 1566 2364; x_wconf 76' lang='lat' dir='ltr'>Juait</span> <span class='ocrx_word' id='word_1_134' title='bbox 1587 2298 1641 2362; x_wconf 81' lang='lat'>28.</span> 
     </span>
     <span class='ocr_line' id='line_1_16' title="bbox 315 2483 967 2552; baseline 0 -14"><span class='ocrx_word' id='word_1_135' title='bbox 315 2485 346 2538; x_wconf 68' lang='lat' dir='ltr'>It</span> <span class='ocrx_word' id='word_1_136' title='bbox 366 2486 414 2536; x_wconf 80' lang='lat' dir='ltr'>Av.</span> <span class='ocrx_word' id='word_1_137' title='bbox 438 2491 486 2538; x_wconf 71' lang='lat'>149</span> <span class='ocrx_word' id='word_1_138' title='bbox 505 2483 552 2538; x_wconf 86' lang='lat' dir='ltr'>Iol.</span> <span class='ocrx_word' id='word_1_139' title='bbox 571 2489 630 2538; x_wconf 79' lang='lat' dir='ltr'>eto.</span> <span class='ocrx_word' id='word_1_140' title='bbox 654 2515 679 2523; x_wconf 98' lang='lat'>-</span> <span class='ocrx_word' id='word_1_141' title='bbox 703 2492 730 2543; x_wconf 60' lang='grc' dir='ltr'>ι)</span> <span class='ocrx_word' id='word_1_142' title='bbox 747 2484 899 2552; x_wconf 71' lang='lat' dir='ltr'>,Ingelstat‘</span> <span class='ocrx_word' id='word_1_143' title='bbox 917 2487 967 2538; x_wconf 79' lang='lat' dir='ltr'>Ar.</span> 
     </span>
    </p>
   </div>
   <div class='ocr_carea' id='block_1_8' title="bbox 186 2862 1688 3034">
    <p class='ocr_par' dir='ltr' id='par_1_9' title="bbox 186 2862 1688 3034">
     <span class='ocr_line' id='line_1_17' title="bbox 186 2862 1688 2950; baseline 0.001 -19"><span class='ocrx_word' id='word_1_144' title='bbox 186 2866 303 2932; x_wconf 85' lang='lat'><strong><em>1319.</em></strong></span> <span class='ocrx_word' id='word_1_145' title='bbox 335 2862 505 2947; x_wconf 79' lang='lat' dir='ltr'>Computas</span> <span class='ocrx_word' id='word_1_146' title='bbox 540 2885 682 2929; x_wconf 80' lang='lat' dir='ltr'>caenerae</span> <span class='ocrx_word' id='word_1_147' title='bbox 712 2865 906 2947; x_wconf 84' lang='lat' dir='ltr'>apostolicae</span> <span class='ocrx_word' id='word_1_148' title='bbox 935 2865 973 2930; x_wconf 80' lang='lat' dir='ltr'>a</span> <span class='ocrx_word' id='word_1_149' title='bbox 998 2867 1146 2948; x_wconf 81' lang='lat' dir='ltr'>pecuniis</span> <span class='ocrx_word' id='word_1_150' title='bbox 1174 2868 1306 2948; x_wconf 82' lang='lat' dir='ltr'>receptis</span> <span class='ocrx_word' id='word_1_151' title='bbox 1337 2866 1553 2947; x_wconf 66' lang='lat' dir='ltr'>detractibus</span> <span class='ocrx_word' id='word_1_152' title='bbox 1576 2867 1688 2950; x_wconf 75' lang='lat' dir='ltr'>benefi-</span> 
     </span>
     <span class='ocr_line' id='line_1_18' title="bbox 632 2969 1238 3034; baseline 0.007 -4"><span class='ocrx_word' id='word_1_153' title='bbox 632 2969 747 3032; x_wconf 85' lang='lat' dir='ltr'>tiorum</span> <span class='ocrx_word' id='word_1_154' title='bbox 769 2969 951 3033; x_wconf 79' lang='lat' dir='ltr'>vacantium</span> <span class='ocrx_word' id='word_1_155' title='bbox 973 2970 1010 3033; x_wconf 83' lang='lat' dir='ltr'>ia</span> <span class='ocrx_word' id='word_1_156' title='bbox 1030 2969 1238 3034; x_wconf 82' lang='lat' dir='ltr'>Alamannia.</span> 
     </span>
    </p>
   </div>
   <div class='ocr_carea' id='block_1_9' title="bbox 1034 3107 1642 3176">
    <p class='ocr_par' dir='ltr' id='par_1_10' title="bbox 1034 3107 1642 3176">
     <span class='ocr_line' id='line_1_19' title="bbox 1034 3107 1642 3176; baseline 0.003 -5"><span class='ocrx_word' id='word_1_157' title='bbox 1034 3110 1118 3172; x_wconf 85' lang='lat'><em>1362</em></span> <span class='ocrx_word' id='word_1_158' title='bbox 1141 3107 1226 3175; x_wconf 77' lang='lat' dir='ltr'>Julit</span> <span class='ocrx_word' id='word_1_159' title='bbox 1250 3111 1290 3172; x_wconf 86' lang='lat'>12</span> <span class='ocrx_word' id='word_1_160' title='bbox 1313 3144 1355 3156; x_wconf 91' lang='lat'><em>-</em></span> <span class='ocrx_word' id='word_1_161' title='bbox 1378 3108 1463 3173; x_wconf 82' lang='lat'><strong><em>1364</em></strong></span> <span class='ocrx_word' id='word_1_162' title='bbox 1485 3108 1569 3176; x_wconf 75' lang='lat' dir='ltr'>Jultr&#39;</span> <span class='ocrx_word' id='word_1_163' title='bbox 1590 3110 1642 3173; x_wconf 84' lang='lat'>19.</span> 
     </span>
    </p>
   </div>
   <div class='ocr_carea' id='block_1_10' title="bbox 184 3295 1694 3794">
    <p class='ocr_par' dir='ltr' id='par_1_11' title="bbox 184 3295 1694 3794">
     <span class='ocr_line' id='line_1_20' title="bbox 313 3295 1694 3380; baseline 0.001 -19"><span class='ocrx_word' id='word_1_164' title='bbox 313 3295 464 3378; x_wconf 89' lang='lat' dir='ltr'>Sequitur</span> <span class='ocrx_word' id='word_1_165' title='bbox 486 3303 653 3379; x_wconf 89' lang='lat' dir='ltr'>computus</span> <span class='ocrx_word' id='word_1_166' title='bbox 675 3296 782 3361; x_wconf 87' lang='lat' dir='ltr'>brevis</span> <span class='ocrx_word' id='word_1_167' title='bbox 806 3297 953 3361; x_wconf 90' lang='lat' dir='ltr'>redditus</span> <span class='ocrx_word' id='word_1_168' title='bbox 970 3314 1094 3361; x_wconf 89' lang='lat' dir='ltr'>camere</span> <span class='ocrx_word' id='word_1_169' title='bbox 1119 3297 1292 3378; x_wconf 88' lang='lat' dir='ltr'>apostolice</span> <span class='ocrx_word' id='word_1_170' title='bbox 1315 3317 1373 3380; x_wconf 91' lang='lat' dir='ltr'>per</span> <span class='ocrx_word' id='word_1_171' title='bbox 1394 3316 1444 3361; x_wconf 90' lang='lat' dir='ltr'>me</span> <span class='ocrx_word' id='word_1_172' title='bbox 1466 3299 1622 3363; x_wconf 88' lang='lat' dir='ltr'>Eblouem</span> <span class='ocrx_word' id='word_1_173' title='bbox 1646 3299 1694 3363; x_wconf 83' lang='lat' dir='ltr'>de</span> 
     </span>
     <span class='ocr_line' id='line_1_21' title="bbox 184 3400 1688 3483; baseline 0.001 -18"><span class='ocrx_word' id='word_1_174' title='bbox 184 3401 328 3466; x_wconf 89' lang='lat' dir='ltr'>Mederio</span> <span class='ocrx_word' id='word_1_175' title='bbox 350 3400 500 3465; x_wconf 90' lang='lat' dir='ltr'>clericum</span> <span class='ocrx_word' id='word_1_176' title='bbox 524 3419 649 3465; x_wconf 88' lang='lat' dir='ltr'>camere</span> <span class='ocrx_word' id='word_1_177' title='bbox 674 3401 853 3483; x_wconf 88' lang='lat' dir='ltr'>apostoIIce</span> <span class='ocrx_word' id='word_1_178' title='bbox 878 3401 918 3465; x_wconf 89' lang='lat' dir='ltr'>de</span> <span class='ocrx_word' id='word_1_179' title='bbox 940 3400 1087 3482; x_wconf 88' lang='lat' dir='ltr'>pecuniis</span> <span class='ocrx_word' id='word_1_180' title='bbox 1110 3401 1226 3465; x_wconf 84' lang='lat' dir='ltr'>levatis</span> <span class='ocrx_word' id='word_1_181' title='bbox 1249 3405 1283 3463; x_wconf 92' lang='lat' dir='ltr'>et</span> <span class='ocrx_word' id='word_1_182' title='bbox 1306 3401 1444 3482; x_wconf 86' lang='lat' dir='ltr'>receptis</span> <span class='ocrx_word' id='word_1_183' title='bbox 1468 3401 1507 3465; x_wconf 89' lang='lat' dir='ltr'>de</span> <span class='ocrx_word' id='word_1_184' title='bbox 1531 3401 1688 3467; x_wconf 87' lang='lat' dir='ltr'>fructibus</span> 
     </span>
     <span class='ocr_line' id='line_1_22' title="bbox 184 3501 1688 3585; baseline 0.001 -17"><span class='ocrx_word' id='word_1_185' title='bbox 184 3501 406 3569; x_wconf 87' lang='lat' dir='ltr'>beneficiorum</span> <span class='ocrx_word' id='word_1_186' title='bbox 429 3505 613 3569; x_wconf 78' lang='lat' dir='ltr'>vacantium</span> <span class='ocrx_word' id='word_1_187' title='bbox 636 3505 670 3569; x_wconf 95' lang='lat' dir='ltr'>in</span> <span class='ocrx_word' id='word_1_188' title='bbox 692 3504 860 3568; x_wconf 83' lang='lat' dir='ltr'>Alamania</span> <span class='ocrx_word' id='word_1_189' title='bbox 891 3523 910 3568; x_wconf 86' lang='lat' dir='ltr'>a</span> <span class='ocrx_word' id='word_1_190' title='bbox 933 3505 985 3568; x_wconf 92' lang='lat' dir='ltr'>die</span> <span class='ocrx_word' id='word_1_191' title='bbox 1020 3503 1081 3567; x_wconf 89' lang='lat' dir='ltr'>XII</span> <span class='ocrx_word' id='word_1_192' title='bbox 1105 3504 1224 3567; x_wconf 89' lang='lat' dir='ltr'>mensis</span> <span class='ocrx_word' id='word_1_193' title='bbox 1258 3503 1335 3567; x_wconf 87' lang='lat' dir='ltr'>Julii</span> <span class='ocrx_word' id='word_1_194' title='bbox 1370 3504 1444 3566; x_wconf 90' lang='lat' dir='ltr'>anni</span> <span class='ocrx_word' id='word_1_195' title='bbox 1473 3504 1562 3569; x_wconf 90' lang='lat' dir='ltr'>LXII</span> <span class='ocrx_word' id='word_1_196' title='bbox 1585 3522 1688 3585; x_wconf 89' lang='lat' dir='ltr'>usque</span> 
     </span>
     <span class='ocr_line' id='line_1_23' title="bbox 184 3606 1686 3673; baseline -0.001 0"><span class='ocrx_word' id='word_1_197' title='bbox 184 3609 224 3673; x_wconf 90' lang='lat' dir='ltr'>ad</span> <span class='ocrx_word' id='word_1_198' title='bbox 246 3608 331 3672; x_wconf 91' lang='lat' dir='ltr'>diem</span> <span class='ocrx_word' id='word_1_199' title='bbox 352 3608 427 3673; x_wconf 93' lang='lat' dir='ltr'>XIX</span> <span class='ocrx_word' id='word_1_200' title='bbox 449 3608 569 3672; x_wconf 91' lang='lat' dir='ltr'>mensis</span> <span class='ocrx_word' id='word_1_201' title='bbox 591 3607 670 3673; x_wconf 87' lang='lat' dir='ltr'>Julii</span> <span class='ocrx_word' id='word_1_202' title='bbox 694 3608 769 3672; x_wconf 87' lang='lat' dir='ltr'>anni</span> <span class='ocrx_word' id='word_1_203' title='bbox 784 3608 906 3672; x_wconf 93' lang='lat' dir='ltr'>LXIIII</span> <span class='ocrx_word' id='word_1_204' title='bbox 921 3608 1075 3672; x_wconf 85' lang='lat' dir='ltr'>inclusive</span> <span class='ocrx_word' id='word_1_205' title='bbox 1100 3614 1134 3672; x_wconf 90' lang='lat' dir='ltr'>et</span> <span class='ocrx_word' id='word_1_206' title='bbox 1150 3608 1250 3671; x_wconf 86' lang='lat' dir='ltr'>eciam</span> <span class='ocrx_word' id='word_1_207' title='bbox 1267 3607 1306 3670; x_wconf 92' lang='lat' dir='ltr'>de</span> <span class='ocrx_word' id='word_1_208' title='bbox 1323 3606 1418 3671; x_wconf 87' lang='lat' dir='ltr'>restis</span> <span class='ocrx_word' id='word_1_209' title='bbox 1442 3607 1558 3672; x_wconf 86' lang='lat' dir='ltr'>debitis</span> <span class='ocrx_word' id='word_1_210' title='bbox 1581 3608 1686 3673; x_wconf 89' lang='lat' dir='ltr'>eidem</span> 
     </span>
     <span class='ocr_line' id='line_1_24' title="bbox 184 3708 1689 3794; baseline -0.001 -17"><span class='ocrx_word' id='word_1_211' title='bbox 184 3731 307 3778; x_wconf 88' lang='lat' dir='ltr'>camere</span> <span class='ocrx_word' id='word_1_212' title='bbox 330 3730 370 3776; x_wconf 83' lang='lat' dir='ltr'>cx</span> <span class='ocrx_word' id='word_1_213' title='bbox 393 3714 498 3777; x_wconf 88' lang='lat' dir='ltr'>causis</span> <span class='ocrx_word' id='word_1_214' title='bbox 522 3712 715 3794; x_wconf 87' lang='lat' dir='ltr'>supradictis</span> <span class='ocrx_word' id='word_1_215' title='bbox 739 3731 758 3775; x_wconf 83' lang='lat' dir='ltr'>a</span> <span class='ocrx_word' id='word_1_216' title='bbox 781 3713 832 3777; x_wconf 91' lang='lat' dir='ltr'>die</span> <span class='ocrx_word' id='word_1_217' title='bbox 856 3712 964 3778; x_wconf 91' lang='lat' dir='ltr'>XVIII</span> <span class='ocrx_word' id='word_1_218' title='bbox 986 3712 1105 3776; x_wconf 90' lang='lat' dir='ltr'>mensis</span> <span class='ocrx_word' id='word_1_219' title='bbox 1129 3710 1327 3792; x_wconf 82' lang='lat' dir='ltr'>Septembris</span> <span class='ocrx_word' id='word_1_220' title='bbox 1357 3708 1560 3792; x_wconf 89' lang='lat' dir='ltr'>pontificatus</span> <span class='ocrx_word' id='word_1_221' title='bbox 1582 3710 1689 3777; x_wconf 79' lang='lat' dir='ltr'>felitis</span> 
     </span>
    </p>
   </div>
   <div class='ocr_carea' id='block_1_11' title="bbox 186 3813 1688 4002">
    <p class='ocr_par' dir='ltr' id='par_1_12' title="bbox 186 3813 1688 4002">
     <span class='ocr_line' id='line_1_25' title="bbox 186 3813 1688 3898; baseline 0 -18"><span class='ocrx_word' id='word_1_222' title='bbox 186 3817 418 3881; x_wconf 86' lang='lat' dir='ltr'>recordacionis</span> <span class='ocrx_word' id='word_1_223' title='bbox 442 3817 560 3881; x_wconf 90' lang='lat' dir='ltr'>domini</span> <span class='ocrx_word' id='word_1_224' title='bbox 583 3816 767 3881; x_wconf 86' lang='lat' dir='ltr'>innocencii</span> <span class='ocrx_word' id='word_1_225' title='bbox 790 3833 872 3898; x_wconf 88' lang='lat' dir='ltr'>pape</span> <span class='ocrx_word' id='word_1_226' title='bbox 896 3815 939 3880; x_wconf 94' lang='lat' dir='ltr'>VI</span> <span class='ocrx_word' id='word_1_227' title='bbox 963 3816 1038 3880; x_wconf 88' lang='lat' dir='ltr'>anni</span> <span class='ocrx_word' id='word_1_228' title='bbox 1060 3816 1124 3880; x_wconf 92' lang='lat' dir='ltr'>IIII</span> <span class='ocrx_word' id='word_1_229' title='bbox 1149 3833 1248 3896; x_wconf 88' lang='lat' dir='ltr'>usque</span> <span class='ocrx_word' id='word_1_230' title='bbox 1272 3815 1311 3878; x_wconf 87' lang='lat' dir='ltr'>sd</span> <span class='ocrx_word' id='word_1_231' title='bbox 1335 3815 1418 3878; x_wconf 91' lang='lat' dir='ltr'>diem</span> <span class='ocrx_word' id='word_1_232' title='bbox 1441 3813 1504 3879; x_wconf 91' lang='lat' dir='ltr'>XII</span> <span class='ocrx_word' id='word_1_233' title='bbox 1525 3815 1604 3880; x_wconf 87' lang='lat' dir='ltr'>Julii</span> <span class='ocrx_word' id='word_1_234' title='bbox 1620 3834 1688 3880; x_wconf 91' lang='lat' dir='ltr'>ann</span> 
     </span>
     <span class='ocr_line' id='line_1_26' title="bbox 187 3920 445 4002; baseline -0.004 -18"><span class='ocrx_word' id='word_1_235' title='bbox 187 3920 276 3985; x_wconf 91' lang='lat' dir='ltr'>LXII</span> <span class='ocrx_word' id='word_1_236' title='bbox 299 3921 445 4002; x_wconf 89' lang='lat' dir='ltr'>predicti.</span> 
     </span>
    </p>
   </div>
   <div class='ocr_carea' id='block_1_12' title="bbox 185 4125 1689 4628">
    <p class='ocr_par' dir='ltr' id='par_1_13' title="bbox 314 4125 1687 4212">
     <span class='ocr_line' id='line_1_27' title="bbox 314 4125 1687 4212; baseline -0.001 -17"><span class='ocrx_word' id='word_1_237' title='bbox 314 4131 397 4195; x_wconf 91' lang='lat' dir='ltr'>item</span> <span class='ocrx_word' id='word_1_238' title='bbox 420 4136 583 4212; x_wconf 88' lang='lat' dir='ltr'>computat</span> <span class='ocrx_word' id='word_1_239' title='bbox 606 4147 640 4194; x_wconf 91' lang='lat' dir='ltr'>se</span> <span class='ocrx_word' id='word_1_240' title='bbox 664 4129 826 4212; x_wconf 89' lang='lat' dir='ltr'>recepisse</span> <span class='ocrx_word' id='word_1_241' title='bbox 850 4128 1036 4194; x_wconf 80' lang='lat' dir='ltr'>incivitate</span> <span class='ocrx_word' id='word_1_242' title='bbox 1059 4134 1094 4193; x_wconf 90' lang='lat' dir='ltr'>et</span> <span class='ocrx_word' id='word_1_243' title='bbox 1116 4127 1237 4192; x_wconf 90' lang='lat' dir='ltr'>diocesi</span> <span class='ocrx_word' id='word_1_244' title='bbox 1260 4127 1416 4190; x_wconf 89' lang='lat' dir='ltr'>blisnensi</span> <span class='ocrx_word' id='word_1_245' title='bbox 1441 4163 1479 4173; x_wconf 99' lang='lat'>-</span> <span class='ocrx_word' id='word_1_246' title='bbox 1496 4127 1524 4191; x_wconf 95' lang='lat' dir='ltr'>X</span> <span class='ocrx_word' id='word_1_247' title='bbox 1540 4125 1687 4194; x_wconf 85' lang='lat' dir='ltr'>florenos</span> 
     </span>
    </p>

    <p class='ocr_par' dir='ltr' id='par_1_14' title="bbox 189 4229 1689 4422">
     <span class='ocr_line' id='line_1_28' title="bbox 314 4229 1689 4317; baseline -0.003 -17"><span class='ocrx_word' id='word_1_248' title='bbox 314 4235 395 4300; x_wconf 89' lang='lat' dir='ltr'>Item</span> <span class='ocrx_word' id='word_1_249' title='bbox 430 4240 593 4317; x_wconf 86' lang='lat' dir='ltr'>computat</span> <span class='ocrx_word' id='word_1_250' title='bbox 627 4240 751 4299; x_wconf 88' lang='lat' dir='ltr'>restare</span> <span class='ocrx_word' id='word_1_251' title='bbox 776 4235 808 4298; x_wconf 92' lang='lat' dir='ltr'>iu</span> <span class='ocrx_word' id='word_1_252' title='bbox 832 4234 962 4298; x_wconf 89' lang='lat' dir='ltr'>civitate</span> <span class='ocrx_word' id='word_1_253' title='bbox 997 4240 1031 4297; x_wconf 91' lang='lat' dir='ltr'>et</span> <span class='ocrx_word' id='word_1_254' title='bbox 1054 4231 1173 4296; x_wconf 86' lang='lat' dir='ltr'>diocesi</span> <span class='ocrx_word' id='word_1_255' title='bbox 1208 4229 1364 4294; x_wconf 87' lang='lat' dir='ltr'>Misnensi</span> <span class='ocrx_word' id='word_1_256' title='bbox 1397 4248 1455 4310; x_wconf 91' lang='lat' dir='ltr'>pro</span> <span class='ocrx_word' id='word_1_257' title='bbox 1489 4233 1689 4312; x_wconf 89' lang='lat' dir='ltr'>temporibus</span> 
     </span>
     <span class='ocr_line' id='line_1_29' title="bbox 189 4335 968 4422; baseline -0.008 -17"><span class='ocrx_word' id='word_1_258' title='bbox 189 4339 480 4422; x_wconf 89' lang='lat' dir='ltr'>suprascriptis-</span> <span class='ocrx_word' id='word_1_259' title='bbox 505 4335 618 4402; x_wconf 86' lang='lat' dir='ltr'>CLVII</span> <span class='ocrx_word' id='word_1_260' title='bbox 640 4336 710 4403; x_wconf 90' lang='lat' dir='ltr'>flor.</span> <span class='ocrx_word' id='word_1_261' title='bbox 735 4356 805 4401; x_wconf 91' lang='lat' dir='ltr'>cum</span> <span class='ocrx_word' id='word_1_262' title='bbox 828 4337 968 4402; x_wconf 91' lang='lat' dir='ltr'>dimidio.</span> 
     </span>
    </p>

    <p class='ocr_par' dir='ltr' id='par_1_15' title="bbox 185 4436 1689 4628">
     <span class='ocr_line' id='line_1_30' title="bbox 314 4436 1689 4524; baseline -0.002 -18"><span class='ocrx_word' id='word_1_263' title='bbox 314 4443 396 4507; x_wconf 89' lang='lat' dir='ltr'>Item</span> <span class='ocrx_word' id='word_1_264' title='bbox 419 4447 586 4524; x_wconf 86' lang='lat' dir='ltr'>computat</span> <span class='ocrx_word' id='word_1_265' title='bbox 621 4447 745 4506; x_wconf 88' lang='lat' dir='ltr'>restare</span> <span class='ocrx_word' id='word_1_266' title='bbox 781 4441 915 4521; x_wconf 88' lang='lat' dir='ltr'>quedam</span> <span class='ocrx_word' id='word_1_267' title='bbox 949 4438 1113 4520; x_wconf 82' lang='lat' dir='ltr'>beneficia,</span> <span class='ocrx_word' id='word_1_268' title='bbox 1148 4438 1188 4502; x_wconf 93' lang='lat' dir='ltr'>de</span> <span class='ocrx_word' id='word_1_269' title='bbox 1210 4436 1324 4517; x_wconf 88' lang='lat' dir='ltr'>quibus</span> <span class='ocrx_word' id='word_1_270' title='bbox 1358 4436 1492 4500; x_wconf 88' lang='lat' dir='ltr'>debetur</span> <span class='ocrx_word' id='word_1_271' title='bbox 1521 4438 1689 4520; x_wconf 81' lang='lat' dir='ltr'>medietas,</span> 
     </span>
     <span class='ocr_line' id='line_1_31' title="bbox 185 4545 708 4628; baseline -0.008 -16"><span class='ocrx_word' id='word_1_272' title='bbox 185 4566 246 4628; x_wconf 89' lang='lat' dir='ltr'>que</span> <span class='ocrx_word' id='word_1_273' title='bbox 269 4547 399 4612; x_wconf 86' lang='lat' dir='ltr'>suntin</span> <span class='ocrx_word' id='word_1_274' title='bbox 422 4563 553 4610; x_wconf 91' lang='lat' dir='ltr'>numero</span> <span class='ocrx_word' id='word_1_275' title='bbox 579 4583 614 4591; x_wconf 95' lang='lat'>-</span> <span class='ocrx_word' id='word_1_276' title='bbox 640 4545 708 4610; x_wconf 89' lang='lat' dir='ltr'>XV.</span> 
     </span>
    </p>
   </div>
   <div class='ocr_carea' id='block_1_13' title="bbox 314 4763 1695 4958">
    <p class='ocr_par' dir='ltr' id='par_1_16' title="bbox 314 4763 1695 4958">
     <span class='ocr_line' id='line_1_32' title="bbox 314 4763 1695 4853; baseline -0.001 -16"><span class='ocrx_word' id='word_1_277' title='bbox 314 4772 395 4837; x_wconf 90' lang='lat' dir='ltr'>Item</span> <span class='ocrx_word' id='word_1_278' title='bbox 411 4777 573 4853; x_wconf 89' lang='lat' dir='ltr'>computat</span> <span class='ocrx_word' id='word_1_279' title='bbox 588 4789 622 4835; x_wconf 91' lang='lat' dir='ltr'>se</span> <span class='ocrx_word' id='word_1_280' title='bbox 638 4771 799 4852; x_wconf 90' lang='lat' dir='ltr'>recepisse</span> <span class='ocrx_word' id='word_1_281' title='bbox 822 4771 856 4834; x_wconf 91' lang='lat' dir='ltr'>iu</span> <span class='ocrx_word' id='word_1_282' title='bbox 874 4770 1004 4834; x_wconf 86' lang='lat' dir='ltr'>civitate</span> <span class='ocrx_word' id='word_1_283' title='bbox 1028 4774 1062 4832; x_wconf 90' lang='lat' dir='ltr'>et</span> <span class='ocrx_word' id='word_1_284' title='bbox 1085 4767 1204 4832; x_wconf 88' lang='lat' dir='ltr'>diocesi</span> <span class='ocrx_word' id='word_1_285' title='bbox 1229 4764 1431 4831; x_wconf 91' lang='lat' dir='ltr'>Olomucensi</span> <span class='ocrx_word' id='word_1_286' title='bbox 1449 4801 1490 4811; x_wconf 94' lang='lat'><em>-</em></span> <span class='ocrx_word' id='word_1_287' title='bbox 1509 4763 1597 4831; x_wconf 87' lang='lat' dir='ltr'>XXV</span> <span class='ocrx_word' id='word_1_288' title='bbox 1619 4765 1695 4835; x_wconf 51' lang='lat' dir='ltr'>flors</span> 
     </span>
     <span class='ocr_line' id='line_1_33' title="bbox 315 4869 1690 4958; baseline -0.004 -16"><span class='ocrx_word' id='word_1_289' title='bbox 315 4877 397 4942; x_wconf 87' lang='lat' dir='ltr'>Item</span> <span class='ocrx_word' id='word_1_290' title='bbox 421 4881 584 4958; x_wconf 86' lang='lat' dir='ltr'>computat</span> <span class='ocrx_word' id='word_1_291' title='bbox 613 4880 736 4941; x_wconf 88' lang='lat' dir='ltr'>restare</span> <span class='ocrx_word' id='word_1_292' title='bbox 767 4875 800 4938; x_wconf 93' lang='lat' dir='ltr'>iu</span> <span class='ocrx_word' id='word_1_293' title='bbox 824 4873 953 4938; x_wconf 85' lang='lat' dir='ltr'>civitate</span> <span class='ocrx_word' id='word_1_294' title='bbox 976 4878 1011 4936; x_wconf 90' lang='lat' dir='ltr'>et</span> <span class='ocrx_word' id='word_1_295' title='bbox 1042 4872 1162 4936; x_wconf 90' lang='lat' dir='ltr'>diocesi</span> <span class='ocrx_word' id='word_1_296' title='bbox 1187 4869 1391 4936; x_wconf 90' lang='lat' dir='ltr'>Olomucensi</span> <span class='ocrx_word' id='word_1_297' title='bbox 1413 4887 1470 4950; x_wconf 90' lang='lat' dir='ltr'>pro</span> <span class='ocrx_word' id='word_1_298' title='bbox 1494 4871 1690 4951; x_wconf 88' lang='lat' dir='ltr'>temporibus</span> 
     </span>
    </p>
   </div>
   <div class='ocr_carea' id='block_1_14' title="bbox 187 4975 696 5080">
    <p class='ocr_par' dir='ltr' id='par_1_17' title="bbox 187 4975 696 5080">
     <span class='ocr_line' id='line_1_34' title="bbox 187 4975 696 5080; baseline -0.008 -17"><span class='ocrx_word' id='word_1_299' title='bbox 187 4996 412 5080; x_wconf 69' lang='lat' dir='ltr'>suprascriptis</span> <span class='ocrx_word' id='word_1_300' title='bbox 434 5033 476 5044; x_wconf 90' lang='lat'>-</span> <span class='ocrx_word' id='word_1_301' title='bbox 489 4975 606 5061; x_wconf 73' lang='lat' dir='ltr'>v11⁶x</span> <span class='ocrx_word' id='word_1_302' title='bbox 629 4994 696 5061; x_wconf 77' lang='lat' dir='ltr'>flor.</span> 
     </span>
    </p>
   </div>
   <div class='ocr_carea' id='block_1_15' title="bbox 186 5112 1691 5289">
    <p class='ocr_par' dir='ltr' id='par_1_18' title="bbox 186 5112 1691 5289">
     <span class='ocr_line' id='line_1_35' title="bbox 314 5112 1691 5200; baseline -0.004 -17"><span class='ocrx_word' id='word_1_303' title='bbox 314 5119 396 5183; x_wconf 90' lang='lat' dir='ltr'>Item</span> <span class='ocrx_word' id='word_1_304' title='bbox 419 5124 582 5200; x_wconf 89' lang='lat' dir='ltr'>computat</span> <span class='ocrx_word' id='word_1_305' title='bbox 603 5123 726 5182; x_wconf 88' lang='lat' dir='ltr'>restare</span> <span class='ocrx_word' id='word_1_306' title='bbox 751 5117 885 5198; x_wconf 85' lang='lat' dir='ltr'>quedam</span> <span class='ocrx_word' id='word_1_307' title='bbox 909 5113 1073 5198; x_wconf 87' lang='lat' dir='ltr'>beneficia,</span> <span class='ocrx_word' id='word_1_308' title='bbox 1097 5115 1136 5180; x_wconf 87' lang='lat' dir='ltr'>de</span> <span class='ocrx_word' id='word_1_309' title='bbox 1160 5115 1274 5194; x_wconf 89' lang='lat' dir='ltr'>quibus</span> <span class='ocrx_word' id='word_1_310' title='bbox 1291 5113 1426 5178; x_wconf 90' lang='lat' dir='ltr'>debetur</span> <span class='ocrx_word' id='word_1_311' title='bbox 1440 5112 1604 5190; x_wconf 88' lang='lat' dir='ltr'>medIetas,</span> <span class='ocrx_word' id='word_1_312' title='bbox 1628 5130 1691 5193; x_wconf 88' lang='lat' dir='ltr'>que</span> 
     </span>
     <span class='ocr_line' id='line_1_36' title="bbox 186 5219 643 5289; baseline -0.011 0"><span class='ocrx_word' id='word_1_313' title='bbox 186 5224 317 5289; x_wconf 92' lang='lat' dir='ltr'>suntin</span> <span class='ocrx_word' id='word_1_314' title='bbox 339 5240 470 5287; x_wconf 90' lang='lat' dir='ltr'>numero</span> <span class='ocrx_word' id='word_1_315' title='bbox 497 5251 530 5267; x_wconf 39' lang='grc' dir='ltr'><strong>ι</strong></span> <span class='ocrx_word' id='word_1_316' title='bbox 558 5219 643 5286; x_wconf 91' lang='lat' dir='ltr'>XIX.</span> 
     </span>
    </p>
   </div>
   <div class='ocr_carea' id='block_1_16' title="bbox 0 0 1986 6052">
    <p class='ocr_par' dir='ltr' id='par_1_19' title="bbox 0 0 1986 6052">
     <span class='ocr_line' id='line_1_37' title="bbox 0 0 1986 6052; baseline 0 0"><span class='ocrx_word' id='word_1_317' title='bbox 0 0 1986 6052; x_wconf 95' lang='lat' dir='ltr'> </span> 
     </span>
    </p>
   </div>
  </div>
 </body>
</html>
