3990 6052
738 395 804 443 1868
822 389 947 445 Octobris
965 394 999 442 20
1021 418 1047 428 -
1069 388 1195 443 Octobris
1214 394 1255 444 28.
1691 390 1754 453 337

242 622 340 668 cauus
371 602 506 667 ecclesie
539 601 813 683 wissegradensis
848 599 1018 683 Pragensis
1056 599 1267 679 inpartibus,
1302 598 1356 663 ubi
1378 596 1493 677 luerat,
1517 597 1592 661 dum
1617 598 1756 677 viveret,

245 706 419 788 apostolice
444 705 530 770 sedis
554 705 687 769 nuncius
711 705 900 787 destinatus,
924 704 986 768 hiis
1010 703 1122 769 diebus
1145 702 1311 785 preteritis
1341 700 1556 782 vitaluuctus,
1579 701 1619 765 de
1643 700 1755 766 multis

243 817 279 874 et
301 809 436 875 diversis
467 809 671 891 pecuniarum
695 809 825 873 summis
848 814 883 872 et
905 808 996 873 bonis
1019 807 1091 871 aliis
1116 807 1156 870 ad
1179 824 1335 870 cameram
1366 813 1506 871 nostram
1531 806 1752 887 spectantibus

242 932 301 996 per
322 914 426 996 ipsum
441 914 475 978 iu
498 914 641 995 partibus
663 912 729 978 illis
752 912 896 978 collectis
919 912 1046 977 nomine
1070 911 1156 975 dicte
1180 928 1304 974 camere
1328 916 1362 974 et
1384 911 1525 992 receptis
1540 910 1679 975 nondum
1703 910 1750 973 in·

243 1017 409 1100 tegraliter
431 1017 641 1098 responderat
663 1016 768 1080 eidem
791 1034 915 1081 camere
940 1034 998 1080 nec
1020 1014 1205 1079 reddiderat
1241 1015 1405 1093 raciones;
1450 1020 1485 1078 et
1508 1020 1678 1095 propterea
1703 1033 1754 1077 vc·

243 1122 349 1186 lentes
365 1139 461 1203 super
475 1120 534 1185 hec
548 1120 650 1203 ipsius
666 1137 790 1185 camere
803 1119 1087 1200 indempnitatibus
1104 1136 1285 1200 precavere,
1303 1118 1497 1183 fraternitati
1513 1122 1539 1197 ²)
1563 1125 1628 1199 tue,
1643 1119 1682 1182 de
1693 1138 1755 1198 qua

245 1225 278 1290 iu
301 1225 427 1291 domiuo
450 1225 596 1289 fiduciam
631 1223 770 1306 gerimus
803 1223 989 1306 pleniorem,
1023 1241 1080 1304 per
1111 1222 1287 1304 apostolica
1317 1223 1437 1304 scripta
1471 1223 1696 1288 committimus
1722 1228 1756 1286 et

246 1329 440 1406 mandamus,
464 1335 622 1409 quatenus
636 1328 789 1410 pecunias
812 1334 847 1392 et
862 1329 944 1393 bona
972 1327 1152 1392 huiusmodi
1176 1345 1213 1390 ac
1244 1326 1344 1390 eciam
1367 1327 1484 1408 prefati
1508 1326 1619 1390 decani
1628 1323 1656 1405 b)
1680 1344 1754 1408 pro-

246 1432 325 1515 pria,
359 1450 545 1512 quecunque
579 1432 644 1495 sint
674 1439 708 1497 et
740 1432 774 1495 iu
798 1431 1036 1512 quibuscunque
1067 1432 1162 1494 rebus
1185 1430 1362 1494 consistant
1384 1436 1418 1493 et
1452 1448 1510 1512 per
1540 1448 1754 1510 quascumque

247 1535 451 1601 detineantur
481 1536 531 1599 vel
562 1536 739 1600 debeantur
772 1553 934 1616 personas,
963 1552 1058 1616 super
1081 1534 1194 1615 quibus
1226 1534 1414 1615 simpliciter
1436 1540 1470 1598 et
1493 1535 1533 1597 de
1557 1534 1659 1614 plano,
1683 1534 1754 1597 sine

247 1640 385 1720 strepitu
407 1647 442 1704 et
465 1640 564 1722 figura
585 1639 696 1704 iudicii
719 1645 752 1703 te
775 1638 935 1718 informes
973 1639 1099 1703 nomine
1122 1655 1245 1701 camere
1277 1638 1421 1718 predicte
1444 1639 1503 1701 sub
1526 1656 1620 1701 mauu
1645 1643 1755 1702 nostra

247 1763 375 1827 ponere,
400 1744 538 1826 exigere,
562 1743 705 1825 recipere
729 1761 765 1806 ac
788 1741 927 1806 fideliter
958 1742 1118 1806 custodire
1143 1759 1199 1805 seu
1222 1741 1327 1805 facere
1351 1741 1504 1806 custodiri
1528 1760 1597 1804 cum
1621 1742 1754 1823 integri-

247 1853 324 1929 tate,
347 1865 510 1928 quousque
544 1846 689 1912 raciones
720 1846 863 1928 legitime
895 1846 935 1909 de
965 1845 1119 1927 predictis
1158 1845 1242 1909 dicte
1274 1863 1398 1909 camere
1423 1846 1547 1909 reddite
1572 1846 1754 1926 etreliqua

247 1951 384 2034 prestita
407 1950 535 2032 fuerint,
561 1959 595 2014 et
622 1950 707 2015 aliud
731 1950 790 2014 tibi
824 1950 1005 2013 mandatum
1029 1966 1087 2029 per
1109 1966 1166 2012 nos
1189 1966 1286 2029 super
1316 1948 1374 2012 bec
1397 1950 1552 2031 extiterit,
1575 1968 1637 2013 non
1669 1955 1754 2030 post-

248 2073 357 2138 ponas,
381 2055 631 2119 contradictores
655 2072 779 2135 quoque
812 2059 845 2118 et
874 2053 1020 2134 rebelles
1051 2053 1266 2133 cuiuscunque
1297 2059 1400 2117 status
1424 2054 1554 2134 ordinis,
1579 2054 1756 2136 dignitatis,

248 2159 483 2242 preeminencie
507 2159 557 2222 vel
581 2158 774 2224 condicionis
798 2159 948 2234 existant,
980 2157 1080 2221 eciam
1112 2157 1138 2220 si
1170 2158 1343 2238 pontificali
1375 2159 1425 2221 vel
1456 2159 1567 2239 quavis
1598 2158 1662 2222 alia
1685 2176 1756 2240 pre-

248 2261 393 2345 fulgeant
426 2262 593 2344 dignitate,
628 2281 686 2345 per
716 2279 881 2326 censuram
916 2261 1166 2326 ecclesiasticam
1207 2262 1425 2344 appellacioue
1457 2263 1638 2343 postposita
1674 2281 1758 2327 com·

248 2366 417 2448 poscendo,
440 2385 502 2431 uon
525 2367 726 2431 obstantibus
757 2372 821 2430 tam
842 2416 848 2429 .
868 2418 873 2428 .
894 2414 928 2429 ..
973 2364 1129 2430 Bonifacii
1160 2384 1241 2446 pape
1266 2364 1352 2447 Vill,
1383 2365 1621 2447 predecessoris
1644 2365 1756 2443 nostri,

248 2488 312 2551 qua
333 2476 476 2552 cavetur,
507 2489 547 2534 ne
578 2470 694 2551 aliquis
724 2471 786 2534 nisi
816 2470 849 2532 in
880 2469 977 2533 certis
1012 2469 1155 2551 exceptis
1189 2469 1314 2534 casibus
1345 2475 1380 2532 et
1410 2469 1442 2532 in
1466 2468 1531 2535 illis
1554 2468 1640 2533 ultra
1662 2488 1756 2533 unam

250 2572 369 2637 dietam
392 2572 488 2638 afine
505 2591 562 2637 sue
586 2573 721 2638 diocesis
747 2573 786 2636 ad
802 2572 951 2636 iudicium
975 2578 1135 2654 evocetur,
1152 2591 1245 2652 quam
1265 2622 1271 2635 .
1292 2621 1298 2634 .
1319 2622 1352 2634 ..
1377 2573 1449 2636 aliis'
1473 2572 1757 2637 constitucionibus

249 2678 417 2743 contrariis
440 2678 787 2758 quibuscunque...
812 2675 964 2740 Volumus
988 2682 1104 2752 antem,
1137 2676 1220 2756 quod
1244 2676 1283 2739 de
1307 2677 1451 2757 pecuniis
1475 2682 1509 2740 et
1532 2677 1623 2741 bouis
1646 2676 1755 2740 huius·

250 2780 335 2846 modi
357 2799 416 2862 per
438 2786 471 2844 te
495 2780 681 2862 conscriptis
704 2779 851 2862 primitus
874 2779 1077 2861 integraliter
1109 2788 1143 2843 et
1165 2778 1305 2843 fideliter
1327 2780 1483 2861 prefatam
1507 2798 1664 2844 cameram
1687 2779 1754 2844 effi-

251 2901 324 2950 cere
358 2884 595 2967 particulariter
625 2890 659 2948 et
689 2884 839 2947 distincte
869 2882 1000 2947 studeas
1034 2883 1215 2963 cerciorem,
1246 2884 1392 2964 quodque
1416 2884 1498 2960 illos,
1523 2903 1542 2948 a
1564 2885 1678 2965 quibus
1702 2903 1756 2965 pe-

249 2987 359 3051 cunias
382 2994 416 3050 et
438 2989 520 3052 bona
542 2988 613 3069 ipsa
635 2987 806 3068 receperis,
830 2986 994 3051 absolvere
1026 2987 1132 3050 valeas
1155 2987 1281 3067 plenius
1304 2993 1339 3051 et
1368 2989 1507 3068 quittare
1537 2989 1576 3053 de
1599 2986 1672 3065 hiis,
1696 3005 1759 3069 que
1820 3072 1824 3079 ¹

249 3090 326 3155 inde
356 3092 396 3155 ab
426 3091 474 3155 eis
508 3091 651 3173 recipere
685 3096 717 3154 te
753 3091 925 3171 continget,
956 3090 1101 3155 faciendo
1133 3109 1229 3173 super
1259 3091 1318 3156 bec
1348 3093 1410 3157 duo
1441 3091 1550 3156 confici
1582 3090 1759 3156 consimilia

252 3194 379 3277 publica
408 3195 629 3276 instrumenta,
660 3213 791 3276 quorum
822 3212 884 3257 uno
915 3212 1014 3274 penes
1046 3195 1261 3277 assignatores
1292 3196 1342 3258 vel
1366 3196 1528 3259 solventes
1551 3197 1702 3278 pecunias
1725 3201 1760 3259 et

252 3300 334 3363 bona
362 3298 508 3381 predicta
544 3297 675 3363 dimisso
705 3298 861 3379 reliquum
893 3298 933 3361 ad
963 3298 1117 3378 prefatam
1150 3317 1306 3362 cameram
1337 3299 1499 3362 destinare
1529 3298 1667 3363 fideliter
1697 3317 1759 3363 non

252 3403 391 3468 omittas.
416 3404 454 3467 D.
478 3402 633 3468 Aninione
656 3402 734 3466 lllll
756 3403 817 3466 kal.
842 3401 1029 3466 Novembris
1052 3402 1255 3484 pontificatus
1280 3403 1414 3481 nostrie)
1439 3423 1466 3466 a.
1491 3401 1628 3475 seutodl.

383 3573 415 3626 R.
434 3573 494 3627 Vct.
513 3578 563 3628 243
582 3572 629 3626 fol.
652 3571 707 3625 172⁴
733 3573 765 3626 R.
784 3573 847 3626 Vct.
871 3572 966 3625 2441(
992 3573 1125 3639 (Archetr
1145 3591 1184 3627 nr.
1205 3580 1263 3626 328.
1284 3580 1307 3638 ι)
1326 3573 1506 3641 ,discrecioni‘
1524 3573 1635 3627 Archet.
1665 3578 1689 3640 b)
1708 3591 1759 3640 ,ar-

251 3660 330 3715 chid‘
348 3661 459 3714 Archet.
481 3669 505 3727 c)
530 3659 635 3729 ,pontif
655 3659 750 3714 nostri‘
770 3659 848 3714 deest
865 3659 895 3713 in
915 3659 1024 3714 Archet.
1053 3660 1078 3724 d)
1110 3660 1185 3724 ,xlll
1209 3661 1264 3713 kal.
1288 3692 1314 3700 —
1336 3664 1423 3715 sexto‘
1443 3661 1497 3715 alio
1524 3668 1689 3714 attramento
1708 3660 1758 3715 sed

253 3762 336 3801 manu
346 3745 442 3801 eadem
452 3746 622 3815 adscriptum
641 3747 790 3800 inArchet.
802 3747 874 3800 -ln
895 3753 971 3814 tergo
991 3746 1125 3800 minutae:
1145 3747 1220 3812 ,lilll
1239 3747 1364 3801 kal.Nov.
1385 3765 1409 3800 a.
1423 3746 1468 3799 l'l‘
1487 3757 1514 3800 et
1533 3746 1664 3801 inferius:
1686 3742 1760 3812 ,Rxf

254 4125 345 4193 865.
359 4123 514 4191 Gaium
536 4126 574 4190 dc
596 4127 728 4191 Lestlcov
750 4126 912 4211 confertur
934 4134 1019 4192 motu
1035 4129 1169 4210 proprio
1186 4128 1391 4192 canonicatus
1405 4132 1435 4192 ct
1446 4128 1630 4211 praebenda
1654 4148 1692 4193 cc
1707 4128 1760 4192 dc-

711 4235 847 4296 caactus
868 4231 1017 4296 ecclcsiae
1047 4231 1309 4312 Visscqradeasis.

1200 4369 1362 4448 Acinioac,
1386 4370 1473 4435 1358
1499 4369 1641 4435 Octobris
1664 4371 1717 4436 28.

337 4282 401 4399 ‚L

304 4421 417 4472 .XX.

386 4542 423 4606 Ι).
446 4541 467 4605 f.
494 4542 660 4607 Wilbelmo
695 4544 734 4607 dc
764 4544 893 4607 Lescaw
925 4545 1074 4608 carronico
1105 4551 1139 4607 et
1170 4545 1290 4608 decarne
1318 4544 1453 4607 ecclesie
1487 4543 1759 4625 wissegradensis

257 4662 355 4728 prope
378 4645 512 4727 Pragam
534 4647 670 4711 salutem
693 4653 753 4710 etc.
779 4647 966 4711 Laudabilia
988 4648 1184 4729 probitatis.
1205 4697 1263 4712 ...
1310 4648 1436 4711 Dudum
1459 4647 1615 4728 siquidem
1653 4665 1763 4711 onmes

258 4748 461 4813 canonicatus
489 4767 745 4830 quorumcunque
776 4750 980 4815 collectorum
1003 4758 1037 4815 et
1060 4751 1325 4816 subcollectorum
1359 4750 1517 4815 fructuum
1539 4751 1763 4815 berueficiorum

257 4851 546 4918 ecclesiasticorum
561 4870 685 4917 camere
709 4854 882 4935 apostolice
906 4854 1084 4921 debitorum
1109 4861 1183 4918 tunc
1207 4857 1357 4920 vaeancia
1387 4862 1421 4918 et
1443 4855 1651 4936 imposterum
1674 4874 1765 4919 vaca·

258 4959 329 5020 tura
350 4954 517 5020 colladoni
540 4962 575 5020 et
597 4957 801 5038 disposicioni
824 4963 933 5023 nostre
972 4965 1187 5041 reservantes
1212 4959 1410 5024 decrevimus
1443 4965 1559 5023 extunc
1582 4960 1707 5023 irritum
1730 4967 1765 5023 et

257 5057 361 5140 maus,
384 5058 412 5122 si
435 5076 528 5124 secus
551 5077 648 5141 super
663 5059 726 5124 hiis
756 5111 763 5124 .
784 5062 1064 5144 ...contingeret
1086 5063 1282 5145 attemptari.
1330 5061 1408 5127 Cum
1431 5062 1539 5141 itaque
1564 5063 1763 5143 postmodnm

258 5162 460 5227 canonicatus
492 5174 527 5227 et
555 5164 720 5246 prebenda
751 5183 786 5228 ac
816 5165 990 5229 decanatus
1021 5164 1156 5229 ecclesis
1189 5166 1462 5248 wissegradensis
1492 5184 1590 5248 prope
1623 5166 1766 5247 l'ragam,

258 5283 336 5346 quos
373 5266 531 5347 quondam
568 5266 730 5333 lohannes
768 5268 909 5333 Paduani
961 5268 1063 5350 ipsius
1101 5269 1236 5334 ecclesie
1281 5271 1450 5335 canonicus
1487 5277 1522 5334 et
1559 5270 1697 5333 alecauus
1729 5289 1766 5332 ac

1627 5410 1661 5458 22
