3990 6052
778 432 845 484 locs
870 427 1000 484 suntin
1023 459 1050 470 -
1070 428 1147 484 Junii
1166 434 1208 484 12.
1706 433 1749 499 39

241 638 414 722 pertinens,
444 641 589 703 reservet.
616 637 776 721 ,Dipnum
799 638 1013 703 arbitramur“
1042 638 1158 720 „Apud
1177 638 1407 704 Wlloruuouam
1431 637 1654 706 Auiuionensis
1673 639 1748 706 dioc.

316 831 345 882 Χ
770 743 829 808 III
846 743 890 810 id.
912 743 1008 811 tunic·
1037 764 1066 807 a.
1087 745 1222 827 punct

294 900 362 951 .x.
1038 883 1135 967 Apud
1165 883 1403 965 Viliomuouom,
1427 886 1513 949 1353
1536 886 1630 953 Junii
1652 888 1704 951 11.

375 1070 406 1125 R
425 1072 475 1124 Av.
496 1077 545 1127 128
563 1071 612 1127 101.
629 1076 690 1140 480,
708 1073 739 1127 R.
754 1072 816 1127 Vnt.
834 1077 885 1127 222
904 1072 952 1127 101.
972 1078 1030 1127 122.

246 1366 309 1434 st.
337 1366 462 1432 Decano
485 1366 631 1433 ecciesiae
657 1367 909 1454 Vrssepradensis
931 1367 1116 1453 mandatur,
1139 1373 1293 1450 quatenus
1314 1369 1471 1437 Bolsussio
1493 1375 1568 1436 noto
1590 1369 1747 1456 quondam

244 1471 375 1537 Arnesti
396 1472 434 1537 de
456 1472 672 1551 Pordubior¹)
696 1473 734 1538 de
755 1474 943 1539 canonicatu
972 1474 1119 1540 eeclesiae
1146 1473 1319 1555 Propensis
1340 1472 1397 1538 sub
1419 1476 1633 1558 expectatione
1650 1496 1747 1558 prae·

245 1575 363 1641 bendae
381 1575 544 1660 provideri
561 1582 721 1661 procnuet,
759 1597 820 1642 nou
842 1577 1047 1657 obstantibus,
1070 1578 1152 1659 quod
1168 1579 1429 1662 praeposituram
1457 1579 1604 1645 ecclesiae
1627 1578 1746 1644 Lutbo-

244 1681 423 1745 mericensis
445 1682 531 1745 etin
553 1680 682 1747 ecclesia
705 1704 731 1748 s.
755 1681 866 1763 Epidii
894 1682 1137 1747 Vratislaaiensi
1165 1683 1384 1748 eauouicoturn
1410 1688 1440 1748 et
1457 1684 1674 1768 praebendam
1696 1684 1746 1748 ob-

244 1785 330 1848 tinet.
356 1786 517 1868 ,Dipuum
538 1786 755 1852 arbitramur“
783 1783 899 1869 „Apud
929 1786 1159 1852 Viliomuouom
1181 1785 1406 1854 Auiuionensis
1428 1789 1506 1856 dioc.
1531 1790 1568 1854 ΙΙ
1587 1788 1629 1854 id.
1653 1786 1748 1852 Junii

899 1912 930 1957 a.
949 1892 1087 1975 primo.“

291 1994 358 2115 .{.
1030 2046 1127 2130 Apud
1159 2046 1397 2128 Viliomuouom,
1419 2049 1507 2114 1353
1528 2048 1623 2116 Junii
1644 2050 1696 2114 12.

372 2235 404 2288 R.
423 2240 473 2291 Ar.
493 2242 542 2291 124
560 2234 608 2291 101.
626 2242 687 2307 448,
705 2236 737 2291 R
756 2236 887 2293 1101220
906 2237 953 2291 101.
973 2241 1040 2292 364⁶.
1060 2266 1093 2276 -
1122 2238 1147 2304 ι)
1166 2236 1407 2304 ,20001οῇ0110

245 2533 305 2600 88.
330 2532 499 2600 Francisco
523 2533 662 2599 conradi
683 2534 721 2599 de
747 2535 815 2616 Tyn
832 2532 1018 2615 providetur
1039 2531 1078 2596 de
1099 2531 1287 2596 canonicatu
1315 2533 1460 2599 ecclesiae
1491 2533 1743 2619 Visseqradensis

242 2637 299 2702 sub
331 2639 545 2722 expectatione
573 2637 784 2722 praebendae,
829 2657 890 2702 uon
923 2634 1116 2700 obstantibus
1146 2639 1182 2699 ut
1209 2639 1245 2700 in
1274 2635 1503 2720 supplicatione
1528 2637 1585 2703 sub
1619 2661 1668 2704 nr.
1691 2640 1743 2706 82.

245 2742 337 2820 ,Vite
359 2762 398 2807 00
418 2745 559 2807 0000008
587 2741 703 2827 „Apud
732 2741 964 2807 anlamnouom
986 2738 1213 2805 Auiniouensis
1236 2739 1317 2807 dioc.
1339 2742 1379 2806 11
1397 2740 1439 2806 id.
1454 2742 1549 2808 Juuii
1564 2764 1593 2807 0.
1605 2745 1740 2827 001000.ιι

247 2881 280 2891 -
306 2848 344 2910 10
365 2867 390 2911 0.
414 2866 456 2911 nr.
479 2845 590 2912 abbati
619 2847 806 2912 monasterii
834 2843 1074 2909 Breouooicusis
1098 2863 1200 2928 prope
1229 2845 1373 2930 Praqarn
1395 2850 1424 2910 et
1450 2845 1639 2911 scholastico
1661 2848 1744 2912 Pra-

575 2952 681 3031 oensis
703 2973 743 3018 ae
763 2950 921 3016 sacristae
943 2947 1163 3014 Asinionensis
1185 2949 1398 3015 eeclesiarum.

290 3056 409 3158 j}
1034 3085 1131 3168 Apud
1161 3085 1400 3166 Wllarnncoarn,
1426 3087 1509 3153 1353
1532 3087 1626 3155 Junii
1646 3091 1699 3154 12.

369 3274 401 3328 R.
420 3276 471 3329 Ar.
491 3276 604 3330 124101.
625 3282 685 3338 464.
704 3276 735 3330 R.
754 3278 816 3333 Vct.
835 3275 952 3333 220101.
971 3276 1041 3330 178.

242 3568 303 3635 89.
319 3569 475 3653 Episcopo
489 3571 880 3651 Olomuceusimandutur‚
905 3576 1059 3654 00010000
1076 3569 1232 3636 Guilelmc
1255 3569 1293 3634 de
1315 3569 1522 3636 Vilbartier
1508 3592 1545 3636 ru
1566 3572 1742 3638 sacerdotio

239 3675 405 3738 constituto
427 3675 466 3738 dc
486 3677 675 3741 canonicatu
698 3675 846 3740 ecclesiae
868 3674 1042 3756 Propensis
1064 3674 1121 3737 sub
1140 3675 1354 3758 expectatione
1365 3674 1567 3759 proeberrdae
1581 3676 1743 3760 provideri

237 3781 392 3859 procuret,
437 3798 499 3843 non
532 3779 726 3844 obstantibus
759 3784 880 3844 elcut
911 3779 946 3843 in
975 3777 1204 3862 supplicatione
1229 3778 1287 3844 sub
1310 3800 1358 3845 nr.
1381 3783 1433 3846 82
1473 3780 1635 3863 ,Dipuurn
1656 3780 1741 3847 arbi·

330 3885 474 3947 10000οΆ
503 3883 619 3966 „Apud
649 3882 880 3948 Viliomuouom
904 3882 1130 3949 Aninionensis
1152 3882 1230 3948 dioc.
1254 3883 1353 3948 Ilid.
1377 3883 1515 3949 Juniis
1534 3884 1671 3967 primo.“

308 4037 337 4157 ξ
1031 4038 1127 4122 Apud
1157 4037 1397 4120 Villamnouam,
1424 4039 1507 4106 1353
1530 4040 1625 4108 Junii
1646 4044 1697 4106 12.

366 4225 1032 4297 unmfflmummffimu

237 4520 300 4587 90.
326 4519 403 4584 00οι
428 4522 540 4586 Ottoue
565 4521 688 4586 Ottonis
711 4523 749 4587 de
779 4523 930 4606 Wettin¹)
954 4523 1104 4588 cononica
1134 4523 1299 4600 diunensi,
1329 4524 1440 4606 quiin
1461 4527 1505 4591 18
1527 4527 1642 4601 aetatis
1663 4546 1739 4592 suae

237 4644 320 4689 anuo
335 4630 363 4689 et
380 4626 415 4690 in
428 4625 600 4691 minoribus
616 4628 804 4692 constitutus
822 4628 1057 4712 parrochialem
1080 4627 1242 4693 ecclesiam
1257 4627 1292 4691 iu
1314 4627 1456 4711 Pirnab)
1471 4630 1644 4696 Misneusis
1658 4631 1737 4701 dioc.

231 4750 292 4811 per
314 4729 394 4794 duos
413 4749 513 4794 ounos
529 4732 683 4814 possedit,
707 4733 943 4817 dispensatione
964 4753 1060 4821 super
1082 4732 1138 4799 lroc
1159 4752 1221 4797 nan
1243 4732 1376 4812 obtenta,
1392 4754 1486 4816 seque
1500 4734 1543 4798 ad
1557 4733 1739 4802 litterarum

237 4833 378 4899 studium
411 4836 543 4899 13000000
573 4834 749 4917 transtulit,
783 4837 987 4920 dispensatur
1015 4857 1109 4921 super
1137 4835 1384 4919 irrepularitate.
1433 4838 1629 4921 „Apostolice
1656 4841 1740 4906 sedis

281 4938 475 5021 benipnitos“
505 4939 619 5023 ,Apud
649 4940 880 5007 Viliomuouom
910 4940 1133 5007 Auiniouensis
1156 4941 1234 5006 dioc.
1259 4943 1300 5006 II
1316 4942 1360 5006 id.
1383 4941 1477 5006 lunii
1502 4965 1532 5007 a.
1559 4944 1692 5026 primo.“

305 5080 336 5216 Ξ
1013 5079 1109 5163 Apud
1146 5078 1384 5160 Villamuooam,
1417 5082 1501 5145 1353
1528 5082 1621 5145 Junii
1642 5084 1694 5146 12.

338 5333 371 5387 11.
390 5335 440 5387 Av.
461 5339 510 5387 120
529 5333 577 5389 101.
597 5335 667 5400 1112,
685 5335 716 5389 R.
736 5334 797 5390 Vst.
816 5337 933 5392 224101.
952 5342 1011 5391 420.
1035 5367 1061 5378 -
1091 5341 1117 5394 tt
1135 5336 1266 5408 ,Wyttyn‘
1285 5340 1336 5390 Ar.
1364 5336 1389 5403 b)
1408 5336 1513 5406 ,Pymu‘
1531 5336 1581 5388 As.
