3944 6060
231 409 274 473 34
832 410 902 462 Acta
921 404 1074 462 innocentii
1094 407 1141 461 VI.

230 616 285 697 qui
309 616 418 680 statim
442 613 554 680 eadem
577 614 694 698 adepta
717 615 758 680 ad
780 616 920 680 studium
944 635 979 682 se
1003 616 1170 682 transtulit
1192 624 1226 682 et
1249 618 1289 683 ad
1313 618 1456 685 ordInem
1480 620 1737 702 subdyaconatus

231 726 393 801 promotus
416 718 477 783 fuit
500 725 533 784 et
554 721 618 784 iam
641 737 737 784 causa
760 720 858 784 studii
880 720 913 784 iu
936 725 1045 785 restra
1067 739 1158 785 sacra
1180 722 1269 786 curia
1300 722 1515 805 personaliter
1545 730 1597 788 est
1619 723 1736 788 consti·

231 829 329 889 tutus.
363 823 468 901 Quare
492 824 681 906 supplicant,
705 823 855 904 quatinus
877 825 1013 888 eundem
1036 824 1206 891 habilitare
1230 845 1289 890 nec
1314 845 1375 890 non
1400 827 1439 890 de
1463 828 1576 892 eadem
1599 827 1736 892 ecclesia

231 927 271 992 de
293 946 373 993 novo
396 928 563 1010 providere
588 928 761 1010 dignemini
784 932 818 992 et
840 944 938 1008 super
961 928 1032 993 aliis
1057 929 1201 994 omnibus
1225 930 1417 1013 supradictis
1436 983 1442 994 .
1463 982 1469 995 .
1492 981 1525 995 ..
1548 931 1736 1014 dispensare

230 1049 416 1112 omnemque
454 1031 665 1098 inhabilitatis
695 1032 849 1096 maculam
868 1083 874 1096 .
896 1085 902 1097 .
924 1084 956 1097 ..
992 1033 1120 1116 penitus
1147 1034 1284 1115 abolere,
1318 1037 1561 1117 nonobstante,
1596 1032 1679 1115 quod
1702 1033 1736 1098 in

232 1137 369 1202 ecclesia
392 1137 548 1201 Misnensi
571 1137 611 1201 de
635 1136 821 1201 canonicatu
844 1143 878 1201 et
901 1137 1064 1219 prebenda
1087 1138 1148 1202 sibi
1166 1138 1326 1220 provisum
1342 1145 1393 1203 est
1407 1156 1466 1221 per
1481 1138 1641 1204 dominum
1664 1136 1736 1203 Cle·

231 1246 368 1306 mentem
404 1239 457 1323 Vl,
490 1244 628 1305 vestrum
659 1240 919 1323 predecessorem
933 1237 955 1315 ¹)
976 1293 982 1306 .
1001 1291 1007 1303 .
1027 1291 1058 1304 ..
1103 1247 1138 1307 et
1168 1260 1237 1306 curn
1265 1242 1337 1306 aliis
1371 1261 1434 1308 nou
1467 1242 1668 1308 obstantibus
1701 1247 1737 1307 et

232 1344 383 1410 clausulis
406 1344 580 1426 oportunis.

359 1448 432 1513 Fiat
454 1448 491 1514 G.
508 1449 546 1513 D.
570 1449 655 1531 apud
677 1448 897 1514 Vilamnouam
919 1450 1124 1515 Auinioeusis
1146 1450 1227 1515 dioc.
1251 1450 1283 1514 ll
1307 1450 1349 1514 id.
1371 1449 1462 1516 Junii
1486 1470 1513 1515 a.
1537 1457 1647 1533 primo.

360 1571 441 1636 Item
463 1571 654 1654 supplicant,
678 1577 835 1653 quatenus
857 1571 918 1636 sibi
940 1572 974 1637 in
996 1590 1165 1655 personam
1189 1572 1299 1637 dilecti
1322 1572 1372 1637 sui
1395 1572 1561 1637 servitoris
1592 1571 1733 1637 Ecbardi

230 1675 362 1741 Henrici
386 1674 425 1740 de
456 1673 573 1740 Santra
601 1674 773 1757 specialem
803 1675 941 1758 graciam
971 1675 1139 1759 facientes,
1172 1676 1277 1741 eidem
1309 1676 1348 1740 de
1378 1676 1568 1742 canonicatu
1598 1675 1736 1741 ecclesie

232 1798 256 1845 s.
293 1779 395 1845 Maris
429 1777 634 1844 Erfordensis
680 1778 867 1862 Maguntine
903 1779 982 1846 dioc.
1019 1781 1191 1864 dignemini
1225 1781 1403 1863 providere,
1433 1781 1628 1863 prebendam
1649 1797 1737 1847 veroa

231 1885 259 1950 si
281 1903 344 1966 qua
365 1888 459 1949 vacat
482 1884 521 1948 ad
545 1901 678 1966 presens
701 1882 752 1948 rel
775 1901 868 1964 quam
883 1884 1018 1966 primum
1033 1885 1203 1966 vacaverit,
1219 1884 1442 1950 conferendam
1457 1885 1607 1950 eidemin
1622 1885 1736 1949 eadem

231 1988 367 2055 ecclesia
390 2006 555 2053 reservare
579 2007 649 2053 cum
672 1988 906 2070 acceptaremus,
938 1988 1142 2066 inhibitione,
1175 1989 1305 2053 decreto
1322 2002 1371 2066 et
1402 1989 1544 2053 clausula
1574 1988 1738 2071 anteferri,

230 2095 472 2176 nonobstante,
497 2092 581 2173 quod
615 2092 769 2175 capellam
799 2109 824 2158 s.
855 2092 1010 2158 «Iohannis
1039 2092 1186 2175 Baptisbe
1220 2092 1254 2156 in
1284 2092 1427 2158 Ysenaco
1462 2093 1597 2158 ecclesie
1632 2110 1656 2157 s.
1679 2092 1736 2157 Ni·

231 2198 312 2265 colai
330 2215 486 2262 annexam
509 2197 652 2262 eiusdem
676 2196 755 2262 dioc.
788 2197 921 2279 obtinet,
955 2202 990 2262 et
1023 2215 1093 2261 cum
1116 2196 1189 2261 aliis
1212 2215 1274 2262 non
1304 2197 1505 2263 obstantibus
1529 2202 1562 2263 et
1584 2195 1737 2262 clausulis

232 2302 396 2386 oportunis
419 2307 453 2366 et
475 2301 698 2367 executoribus
721 2306 758 2367 ut
779 2302 813 2366 in
836 2300 947 2367 torma.

358 2405 431 2471 Fiat
454 2404 482 2470 G
485 2452 1719 2472 .............................

359 2528 397 2592 Ι).
421 2528 506 2610 apud
530 2526 758 2592 Villamnouam
782 2527 1008 2592 Auinionensis
1031 2527 1112 2592 dioc.
1136 2527 1191 2592 lll.
1215 2528 1257 2591 id.
1282 2527 1369 2592 Junii
1392 2546 1420 2591 a.
1445 2527 1557 2609 primo.

362 2716 395 2770 R.
415 2715 510 2786 Suppl.
528 2721 562 2771 22
581 2715 628 2771 tol.
647 2723 706 2772 202.
726 2746 758 2756 -
779 2718 799 2783 ¹)
818 2716 895 2771 Conf.
914 2717 989 2770 Mon.
1008 2717 1069 2770 Vat.
1088 2715 1101 2769 1
1119 2732 1159 2770 nr.
1181 2720 1256 2769 101⁷.

882 2927 1084 2939 ρ-

232 3100 293 3168 81.
324 3099 565 3185 Arebiepiseopo
594 3100 751 3181 Propensi
778 3103 809 3164 et
838 3099 1003 3164 abbatibus
1031 3099 1294 3164 monasteriorum
1323 3099 1359 3163 iu
1388 3098 1599 3180 Hasuupem)
1631 3119 1669 3165 ac
1701 3101 1738 3164 in

230 3202 438 3282 Rretrenunb
460 3204 644 3281 momatur,
673 3207 827 3287 quatenus
851 3203 997 3268 Erbareio
1020 3202 1153 3268 Henrici
1182 3202 1258 3268 dieti
1280 3203 1318 3268 de
1339 3202 1463 3268 Santra
1488 3204 1526 3268 de
1548 3203 1737 3269 camnuutu

231 3309 380 3374 eecbsiae
408 3309 435 3374 b.
468 3309 597 3375 Mariae
626 3307 834 3388 Erfurderssis
865 3309 1074 3391 Mapuntiuae
1103 3307 1181 3374 dioc.
1211 3308 1268 3373 sub
1297 3309 1509 3392 expectatione
1532 3307 1737 3391 praebendae

227 3412 390 3496 prouideri
414 3416 596 3496 procurent,
641 3433 702 3477 uon
735 3412 928 3477 obstantibus
957 3418 992 3476 ut
1018 3412 1052 3475 in
1073 3412 1303 3495 supplicatione
1324 3412 1381 3477 sub
1403 3433 1452 3476 ur.
1475 3413 1526 3478 80.
1575 3411 1737 3494 „Dipnurn

232 3516 446 3655 arbitxramur'*
482 3515 596 3599 „Apud
629 3515 861 3582 Vilamnouam
893 3515 1117 3582 Aniniouensis
1150 3516 1226 3582 dioc.
1261 3517 1317 3581 ΙΙΙ
1343 3515 1387 3583 id.
1417 3515 1512 3583 Junii
1540 3536 1571 3580 a.
1596 3513 1736 3599 primo⁸.

280 3692 331 3745 ,Χ
343 3731 349 3744 .
1025 3669 1123 3755 Apud
1152 3671 1391 3754 Vilamnouam,
1414 3673 1500 3737 1353
1523 3670 1617 3737 Juuii
1637 3671 1691 3736 11.

362 3863 393 3916 R.
418 3865 467 3916 Ar.
495 3866 544 3916 124
562 3861 610 3916 iol.
628 3864 688 3916 20⁷⁴
708 3867 735 3916 et
753 3861 800 3916 iol.
828 3867 895 3926 bbb‘,
920 3862 951 3916 li.
970 3859 1032 3915 Vat.
1057 3866 1107 3916 220
1131 3862 1177 3916 iol.
1195 3869 1255 3917 461'
1280 3871 1308 3918 et
1325 3864 1357 3918 R.
1375 3863 1437 3916 Vat.
1463 3867 1512 3916 223
1536 3862 1585 3917 fol.
1610 3863 1677 3916 121¹.
1702 3891 1736 3902 -

236 3957 260 4017 ⁸)
278 3950 468 4020 ‚Harunghen‘
487 3951 537 4003 Ar.
558 3950 584 4017 b)
603 3947 779 4010 ¹Bredeuore‘
796 3951 846 4002 Ar.
864 3978 896 3988 —
916 3948 1032 4003 Nomina
1055 3949 1281 4005 monasteriorum
1307 3950 1342 4005 de
1366 3950 1514 4020 Hasungen
1538 3955 1566 4004 et
1588 3946 1737 4004 Breitcnau

233 4036 334 4092 desunt
351 4037 379 4091 in
391 4037 422 4091 R.
436 4038 486 4092 Ar.
501 4043 551 4092 121
567 4035 614 4091 tol.
628 4038 687 4091 559¹
706 4042 734 4091 et
750 4035 783 4090 R.
797 4034 858 4092 Vat.
871 4039 922 4088 220
940 4033 987 4089 iol.
1000 4040 1068 4090 ltt'.

880 4245 1084 4262 ᾑ-

234 4421 297 4488 82.
332 4419 465 4487 Carolus
490 4421 700 4485 Rornanorum
729 4439 786 4485 rea
807 4417 977 4501 applicor,
1009 4424 1164 4500 quatenus
1185 4420 1407 4503 infrascriptis
1423 4421 1568 4504 personis
1591 4421 1737 4488 binaeue

799 4524 926 4608 prutiae
949 4523 1167 4588 mouebantur.

911 4662 1008 4745 Apud
1038 4662 1275 4751 Villamnouam,
1302 4665 1385 4732 1353
1405 4666 1500 4736 Junii
1521 4669 1561 4732 11
1586 4672 1616 4734 et
1638 4670 1692 4733 12.

362 4857 422 4921 Pro
445 4873 520 4939 rege
544 4857 763 4921 Romanorum.

363 4978 527 5060 Supplicat
556 4975 597 5043 Sss
625 4978 679 5043 Vre
701 4979 834 5043 devotus
875 4975 959 5042 filius
991 4984 1098 5042 vester
1131 4978 1267 5043 Karalus
1301 4980 1512 5044 Rornanorum
1542 4987 1576 5046 et
1605 4982 1738 5048 Boemie

233 5101 299 5164 rex,
322 5088 479 5164 quatenus
502 5081 564 5146 sibi
587 5100 683 5164 super
705 5080 917 5164 infrascriptis
940 5083 1110 5164 specialem
1135 5084 1271 5164 graciam
1294 5084 1465 5149 iacientes:

364 5203 441 5269 Cum
473 5203 619 5270 bohanne
648 5210 722 5267 nato
763 5204 917 5269 carissimi
955 5205 1107 5286 principis
1138 5205 1212 5270 olim
1244 5207 1345 5270 soceri
1376 5208 1426 5271 sui
1457 5208 1618 5291 Rodulphi
1647 5210 1739 5277 ducis

233 5307 379 5393 Benene,
402 5313 521 5374 utnon
545 5309 692 5374 obstante
716 5307 842 5371 deiectu
859 5308 1021 5378 natalium.
1046 5309 1283 5392 aucupantur,
1309 5311 1377 5376 sire
1393 5311 1432 5378 de
1448 5312 1646 5397 adulterio‚·)
1669 5314 1739 5383 sire
