4224 6182
878 489 955 553 1666
972 497 1077 566 Aprilis
1096 503 1122 551 6.
1690 501 1754 572 696

376 707 448 771 1161
471 707 503 771 16
527 705 626 773 forma
651 707 688 773 G.

376 810 456 876 Item
480 810 637 894 significat
659 813 764 878 eidem
787 811 826 879 ss
847 813 951 878 dictus
974 813 1240 896 archiepiscopus,
1274 813 1357 895 quod
1381 813 1498 879 dudum
1522 823 1658 882 vacante
1682 837 1751 900 par·

246 915 378 980 rochiali
401 915 538 980 ecclesia
560 916 593 980 in
617 916 772 1000 Gogyetin
807 917 1027 985 olomucensis
1050 919 1141 1000 dioc,
1176 918 1215 983 ad
1238 919 1513 1001 presentacionem
1548 920 1626 985 dicti
1650 921 1752 986 archi-

247 1019 389 1103 episcopi
412 1021 603 1104 pertinente,
627 1021 712 1087 idern
736 1022 994 1108 archiepiscopus
1018 1021 1207 1089 Michaelem
1231 1022 1269 1087 de
1293 1022 1447 1105 Rudnicz,
1482 1023 1666 1090 canonicum
1689 1045 1752 1093 mo·

247 1124 380 1190 6661661
403 1125 522 1190 Montis
544 1142 569 1189 s.
594 1126 705 1192 Karoli
726 1127 816 1191 iusta
847 1127 978 1209 Pragarn
1003 1128 1123 1193 ordinis
1146 1145 1171 1192 6.
1196 1127 1375 1210 Augustini,
1400 1128 1440 1191 ad
1465 1127 1524 1193 hoc
1547 1147 1567 1193 a
1590 1130 1748 1212 superiori

248 1247 304 1295 suo
320 1229 483 1294 licenciam
506 1231 676 1313 specialem
700 1231 880 1314 habentem,
905 1232 1031 1299 domino
1065 1231 1202 1298 iohanni
1226 1231 1374 1314 episcopo
1397 1230 1600 1299 Olomuccnsi
1623 1253 1751 1316 presen-

248 1335 337 1416 tavit,
361 1334 508 1416 idemque
531 1336 699 1419 episcopus
723 1336 842 1401 dictum
865 1336 1055 1402 Michaelem
1077 1337 1179 1418 ipsius
1201 1335 1337 1401 ecclesie
1360 1336 1503 1402 instituit
1525 1337 1558 1402 in
1581 1344 1748 1420 rectorem¹

249 1457 341 1519 quarn
365 1439 470 1504 tenuit
492 1444 527 1503 et
549 1439 694 1522 possedit
716 1459 775 1524 per
798 1459 897 1506 annos
921 1460 1013 1522 qnam
1036 1440 1143 1523 plures
1167 1446 1261 1523 prout
1283 1445 1374 1504 tenet
1396 1446 1431 1506 et
1452 1441 1598 1524 possidet
1619 1443 1752 1526 pacifice

248 1549 282 1609 et
304 1545 422 1626 quiete.
446 1542 612 1627 Supplicat
633 1544 732 1628 igitur
766 1545 850 1609 idem
873 1544 1139 1629 archiepiscopus,
1162 1555 1319 1626 quatenos
1353 1546 1628 1626 presentacionem
1651 1554 1685 1613 et
1706 1549 1753 1632 in·

249 1649 450 1715 scisucionem
465 1646 673 1733 huius[modi]
686 1655 720 1714 61
731 1649 794 1714 6116
809 1650 883 1714 1616
899 1655 1010 1714 666616
1025 1655 1096 1714 rata
1112 1649 1266 1714 habentes
1282 1653 1315 1714 et
1332 1655 1433 1732 grata,
1450 1650 1507 1714 illa
1522 1651 1698 1734 dignemini
1711 1653 1752 1718 de

248 1755 380 1838 speciali
395 1754 501 1837 gracia
516 1759 550 1818 et
565 1772 604 1819 ex
623 1760 712 1818 certa
727 1754 865 1818 sciencia
879 1753 1063 1819 conhrmare
1077 1753 1254 1836 supplendo
1270 1771 1394 1819 ornnem
1408 1753 1579 1839 defectum,
1597 1756 1625 1820 si
1637 1757 1707 1838 quis
1719 1758 1752 1822 in

248 1859 310 1924 hiis
323 1858 456 1926 forsitan
469 1859 649 1942 intervenit,
667 1879 703 1923 ac
718 1855 830 1923 'eidem
842 1857 991 1923 Michaeli
1006 1858 1045 1922 de
1062 1859 1168 1940 gracia
1181 1859 1325 1940 ampliori
1338 1860 1522 1935 concedere,
1535 1860 1618 1940 quod
1635 1860 1751 1926 dictam

249 1966 416 2030 ecclesiam
439 1984 508 2031 cum
536 1964 598 2029 alia
620 1963 811 2046 parrochiali
841 1964 978 2029 ecclesia
1001 1963 1101 2028 libere
1125 1962 1232 2028 valeat
1254 1970 1435 2046 permutare
1468 1965 1751 2032 constitutionibus

249 2069 431 2152 apostolicis
461 2074 494 2133 et
517 2069 589 2135 aliis
619 2088 654 2133 ac
685 2069 815 2133 statutis
838 2075 872 2133 et
895 2067 1177 2133 consuetudinibus
1207 2069 1327 2134 ordinis
1350 2067 1466 2152 prefati
1489 2070 1657 2136 contrariis
1689 2089 1751 2136 non

248 2175 448 2241 obstantibus
477 2174 714 2256 quibuscunque
738 2179 863 2239 etcum
890 2173 962 2238 61116
985 2193 1047 2238 666
1071 2173 1270 2239 obstantibus
1304 2179 1338 2238 et
1366 2172 1517 2238 clausulis
1540 2174 1711 2257 oportunis.
1723 2173 1752 2254 ἀ)

377 2277 459 2362 Fiat,
483 2279 511 2344 si
534 2279 619 2344 dicta
649 2278 783 2343 66616616
806 2283 959 2343 66666616
988 2275 1087 2342 fuerit
1110 2276 1268 2343 canonicis
1299 2277 1497 2362 regularibus
1529 2279 1696 2362 assignari,
1719 2284 1754 2343 et

248 2404 310 2451 non
333 2383 431 2450 inerit
453 2385 540 2449 aliud
562 2383 755 2467 canonicum,
778 2385 862 2466 quod
886 2385 1030 2466 obsistat,
1056 2383 1092 2447 G.

378 2488 460 2553 item
484 2488 650 2572 significat,
671 2489 773 2553 eidem
798 2487 838 2553 Sc
868 2489 972 2554 dictus
996 2486 1262 2571 archiepiscopus,
1287 2489 1369 2570 quod
1393 2506 1495 2570 nuper
1510 2486 1659 2552 feceratis
1682 2505 1751 2570 gra·

249 2595 330 2660 ciam
353 2594 395 2659 ad
417 2595 684 2676 supplicacionem
716 2595 833 2660 domini
865 2597 1076 2661 Romanorum
1106 2591 1308 2674 imperatoris
1338 2591 1457 2657 dilecto
1488 2608 1545 2656 suo
1575 2588 1752 2658 Wernhero

249 2699 398 2782 Tymonis
421 2698 536 2765 clerico
559 2699 731 2766 Misnensis
761 2701 839 2766 dioc.
865 2701 904 2764 de
928 2702 1113 2768 canonicatu
1145 2702 1202 2767 sub
1234 2697 1476 2781 exspectatione
1500 2699 1660 2780 prebende
1687 2718 1751 2763 ma·

250 2803 325 2870 ioris
350 2805 381 2869 in
405 2804 542 2868 66616616
564 2803 756 2887 Misnensi,1)
780 2825 878 2886 quare
907 2807 1067 2888 supplicat
1089 2808 1173 2872 idem
1204 2803 1470 2886 archiepiscopus,
1505 2809 1661 2886 qnatenus
1685 2804 1751 2886 dig·

249 2907 367 2973 nemini
390 2907 495 2973 eidem
518 2908 694 2974 Wernhero
725 2909 764 2974 de
788 2909 954 2992 dignitate,
972 2914 1149 2993 personatu
1178 2907 1229 2974 vel
1253 2907 1364 2990 oiiicio,
1387 2907 1487 2973 eciam
1518 2908 1546 2972 si
1569 2927 1675 2978 curam
1697 2907 1752 2972 ha·

249 3015 325 3079 hest
347 3014 530 3096 animarum,
555 3015 581 3078 61
611 3018 704 3079 vacat
726 3013 778 3078 vel
808 3031 878 3077 oum
909 3013 1043 3096 vacabit,
1073 3014 1107 3076 in
1130 3013 1240 3077 eadem
1272 3012 1409 3077 ecclesia
1431 3012 1470 3076 de
1495 3011 1640 3094 ampliori
1670 3012 1752 3076 dono

250 3120 355 3201 gracie
378 3119 556 3202 providere,
590 3124 685 3201 prout
705 3119 738 3184 16
762 3118 922 3201 peticione
958 3118 1037 3183 alias
1060 3137 1156 3201 super
1189 3118 1248 3184 hoc
1271 3122 1418 3200 porrecta
1451 3122 1624 3198 vestraque
1658 3117 1753 3182 beata

249 3242 344 3289 manu
366 3242 424 3306 per
446 3222 579 3306 simplex
602 3222 847 3306 ,6616166616
869 3223 1005 3306 petitum
1029 3223 1145 3306 extitit,
1168 3243 1260 3304 quarn
1284 3222 1546 3287 vicecancellaria
1568 3227 1676 3287 vestra
1690 3239 1752 3284 non

250 3328 399 3410 admittit,
423 3347 492 3392 cum
516 3327 666 3393 clausulis
689 3329 862 3409 oportunis.

380 3433 452 3497 Fiat
475 3433 512 3498 G.

378 3537 459 3602 ltem
483 3537 649 3619 supplicat,
671 3543 828 3617 quatenus
851 3557 908 3621 pro
934 3537 1028 3603 Petro
1052 3538 1208 3619 quondam
1242 3533 1411 3601 Theodrici
1436 3534 1581 3600 advocati
1605 3534 1644 3598 de
1675 3534 1754 3600 Los-

251 3641 353 3707 slauia
375 3643 564 3725 presbytero
589 3641 863 3707 Wratislaniensis
894 3642 974 3707 dioc.
1002 3639 1189 3706 beneficium
1211 3638 1463 3704 ecclesiasticum
1494 3657 1565 3701 cunr
1596 3656 1673 3702 cura
1701 3637 1753 3701 rel

251 3747 319 3812 6166
342 3764 425 3828 cura,
448 3764 564 3812 vacans
587 3747 638 3811 vel
661 3751 854 3826 vacaturum,
878 3751 1026 3829 spectans
1056 3745 1096 3809 ad
1119 3742 1331 3824 collationem,
1355 3742 1568 3825 provisionem
1599 3747 1659 3807 etc.
1684 3741 1752 3824 661-

251 3851 338 3934 scopi
360 3851 644 3934 WratislaniensiS,
668 3850 891 3917 conferendum
916 3850 1019 3915 eidem
1042 3847 1137 3914 Petro
1153 3845 1326 3930 dignemini
1349 3864 1524 3921 reservare,
1548 3865 1618 3911 cum
1642 3863 1754 3927 accep·

251 3955 385 4036 tacione,
407 3955 599 4021 inhibicione
622 3962 683 4021 616.
707 3960 744 4020 61
766 3974 870 4037 supra.

382 4060 455 4125 Fiat
478 4059 515 4124 G.

379 4164 460 4228 item
483 4164 648 4246 supplicat,
671 4169 707 4228 nt
729 4162 762 4226 in
784 4162 979 4227 Rudnicensi
1003 4179 1026 4226 s.
1051 4161 1152 4225 Maris
1177 4179 1212 4224 ac
1235 4159 1268 4223 in
1298 4158 1447 4225 Glacenai
1470 4164 1504 4223 et
1525 4157 1751 4224 Jermericensi

251 4266 452 4333 monasteriis
476 4267 697 4333 canonicorum
714 4266 906 4348 regularium
923 4264 1043 4332 ordinis
1059 4282 1083 4329 s.
1100 4261 1269 4348 Augustini
1287 4263 1455 4346 Pragensis
1471 4263 1550 4328 dioc.
1566 4263 1647 4329 66116
1663 4279 1754 4346 sepa·

250 4377 320 4437 rate
344 4390 401 4453 pro
424 4371 558 4454 singulis
581 4371 732 4436 iratribus
755 4371 788 4436 in
804 4369 959 4435 communi
982 4375 1089 4434 tamen
1112 4369 1296 4435 dormitorio
1319 4369 1460 4433 construi
1483 4372 1517 4431 et
1532 4366 1658 4450 1666616
1681 4383 1753 4448 per-

249 4474 299 4540 161
321 4476 459 4559 valeant,
483 4476 764 4544 constitucione..
785 4524 792 4540 .
813 4523 819 4536 .
851 4474 1018 4539 Benedicti
1041 4491 1123 4555 6666
1147 4473 1191 4537 Xl
1214 4492 1276 4538 non
1301 4475 1457 4555 obstante,
1482 4471 1656 4536 concedere
1681 4471 1748 4554 dig·
1797 4499 1801 4510 ·

251 4579 370 4644 nemini
393 4580 546 4662 graciose.

381 4682 491 4748 Faciat
513 4688 548 4747 61
570 4681 697 4747 ordinet
726 4683 830 4748 dictus
853 4681 1119 4764 archiepiscopus,
1151 4687 1246 4763 prout
1268 4679 1329 4744 sibi
1360 4679 1530 4758 videbitur,
1563 4678 1652 4743 cuius
1684 4696 1756 4744 con·

251 4787 423 4852 scienciam
445 4803 621 4852 oneramus.
647 4787 683 4852 G.

381 4890 462 4956 Item
486 4890 653 4974 supplicat,
676 4896 833 4971 quatenus
858 4891 1008 4974 dignetur
1030 4889 1092 4955 8²³⁸
1111 4889 1167 4953 Vm
1189 4889 1385 4955 committere
1409 4906 1542 4954 examen
1564 4886 1756 4967 Wratiuogii

250 4995 289 5060 de
320 4981 622 5061 11166616666116
647 4995 865 5078 spiritualibus
899 4994 1009 5060 vicarii
1033 4993 1200 5076 generalis,
1225 4993 1275 5057 cui
1298 5010 1400 5076 nuper
1423 4989 1637 5068 concessistis,
1674 4990 1758 5070 quod

252 5099 430 5164 6611661661
452 5099 591 5182 provisio
614 5099 653 5164 de
677 5099 795 5163 vicaria
826 5097 1091 5182 archiepiscopali
1125 5097 1157 5162 16
1188 5096 1325 5162 66616616
1354 5095 1508 5178 Pragensi
1530 5112 1589 5177 per
1622 5094 1758 5159 eundern

251 5202 523 5285 archiepiscopum
548 5204 607 5268 sibi
631 5201 714 5268 16616
738 5204 870 5285 perinde
901 5203 1053 5285 valerent,
1077 5221 1114 5266 66
1136 5201 1164 5266 61
1186 5201 1274 5266 66116
1305 5201 1344 5265 16
1369 5200 1481 5265 eadem
1506 5198 1623 5262 vicaria
1654 5214 1756 5261 reser-

253 5307 341 5371 racio
371 5305 571 5388 1661616661,
606 5325 676 5371 curn
706 5306 878 5371 adsedem
914 5307 1118 5387 apostolicam
1150 5310 1280 5389 propter
1313 5304 1449 5370 cilicium
1481 5303 1542 5369 sibi
1573 5302 1758 5367 incumbens

249 5415 388 5491 nequeat
412 5410 574 5476 commode
598 5411 811 5492 personaliter
833 5427 868 5476 se
891 5409 1045 5476 conterre.
