<?xml version="1.0" encoding="UTF-8"?>
<!DOCTYPE html PUBLIC "-//W3C//DTD XHTML 1.0 Transitional//EN"
    "http://www.w3.org/TR/xhtml1/DTD/xhtml1-transitional.dtd">
<html xmlns="http://www.w3.org/1999/xhtml" xml:lang="en" lang="en">
 <head>
  <title>
</title>
<meta http-equiv="Content-Type" content="text/html;charset=utf-8" />
  <meta name='ocr-system' content='tesseract 3.04.00' />
  <meta name='ocr-capabilities' content='ocr_page ocr_carea ocr_par ocr_line ocrx_word'/>
</head>
<body>
  <div class='ocr_page' id='page_1' title='image "./monumentavatica00vatigoog_0162.png"; bbox 0 0 3990 6052; ppageno 0'>
   <div class='ocr_carea' id='block_1_1' title="bbox 900 381 1752 452">
    <p class='ocr_par' dir='ltr' id='par_1_1' title="bbox 900 381 1752 452">
     <span class='ocr_line' id='line_1_1' title="bbox 900 381 1752 452; baseline 0.001 -18"><span class='ocrx_word' id='word_1_1' title='bbox 900 385 968 436; x_wconf 72' lang='lat'><strong>1354</strong></span> <span class='ocrx_word' id='word_1_2' title='bbox 987 381 1053 435; x_wconf 86' lang='lat' dir='ltr'>Maii</span> <span class='ocrx_word' id='word_1_3' title='bbox 1072 389 1095 436; x_wconf 83' lang='lat'>9.</span> <span class='ocrx_word' id='word_1_4' title='bbox 1690 387 1752 452; x_wconf 82' lang='lat'>105</span> 
     </span>
    </p>
   </div>
   <div class='ocr_carea' id='block_1_2' title="bbox 243 591 1755 2128">
    <p class='ocr_par' dir='ltr' id='par_1_2' title="bbox 243 591 1755 1922">
     <span class='ocr_line' id='line_1_2' title="bbox 244 591 1752 660; baseline 0 -2"><span class='ocrx_word' id='word_1_5' title='bbox 244 592 309 658; x_wconf 86' lang='lat' dir='ltr'>rico</span> <span class='ocrx_word' id='word_1_6' title='bbox 343 592 544 657; x_wconf 88' lang='lat' dir='ltr'>Patauiensis</span> <span class='ocrx_word' id='word_1_7' title='bbox 579 592 657 657; x_wconf 87' lang='lat' dir='ltr'>dioc.</span> <span class='ocrx_word' id='word_1_8' title='bbox 682 591 721 657; x_wconf 91' lang='lat' dir='ltr'>de</span> <span class='ocrx_word' id='word_1_9' title='bbox 745 593 902 657; x_wconf 87' lang='lat' dir='ltr'>decanatu</span> <span class='ocrx_word' id='word_1_10' title='bbox 932 593 1068 658; x_wconf 90' lang='lat' dir='ltr'>ecclesie</span> <span class='ocrx_word' id='word_1_11' title='bbox 1092 611 1116 657; x_wconf 91' lang='lat' dir='ltr'>s.</span> <span class='ocrx_word' id='word_1_12' title='bbox 1142 593 1288 658; x_wconf 85' lang='lat' dir='ltr'>Mauricii</span> <span class='ocrx_word' id='word_1_13' title='bbox 1311 593 1344 656; x_wconf 92' lang='lat' dir='ltr'>in</span> <span class='ocrx_word' id='word_1_14' title='bbox 1368 591 1508 658; x_wconf 89' lang='lat' dir='ltr'>Cremsir</span> <span class='ocrx_word' id='word_1_15' title='bbox 1531 592 1752 660; x_wconf 88' lang='lat' dir='ltr'>Olomucensis</span> 
     </span>
     <span class='ocr_line' id='line_1_3' title="bbox 245 694 1751 779; baseline -0.001 -14"><span class='ocrx_word' id='word_1_16' title='bbox 245 694 335 775; x_wconf 80' lang='lat' dir='ltr'>dioc,</span> <span class='ocrx_word' id='word_1_17' title='bbox 358 695 413 777; x_wconf 91' lang='lat' dir='ltr'>qui</span> <span class='ocrx_word' id='word_1_18' title='bbox 435 696 575 778; x_wconf 79' lang='lat' dir='ltr'>dignitas</span> <span class='ocrx_word' id='word_1_19' title='bbox 606 696 791 779; x_wconf 90' lang='lat' dir='ltr'>principalis</span> <span class='ocrx_word' id='word_1_20' title='bbox 821 703 855 761; x_wconf 90' lang='lat' dir='ltr'>et</span> <span class='ocrx_word' id='word_1_21' title='bbox 874 709 982 761; x_wconf 90' lang='lat' dir='ltr'>curata</span> <span class='ocrx_word' id='word_1_22' title='bbox 1003 697 1037 761; x_wconf 93' lang='lat' dir='ltr'>iu</span> <span class='ocrx_word' id='word_1_23' title='bbox 1068 697 1180 763; x_wconf 89' lang='lat' dir='ltr'>eadem</span> <span class='ocrx_word' id='word_1_24' title='bbox 1207 697 1345 761; x_wconf 88' lang='lat' dir='ltr'>ecclesia</span> <span class='ocrx_word' id='word_1_25' title='bbox 1367 697 1480 761; x_wconf 80' lang='lat' dir='ltr'>existit</span> <span class='ocrx_word' id='word_1_26' title='bbox 1502 703 1536 763; x_wconf 91' lang='lat' dir='ltr'>et</span> <span class='ocrx_word' id='word_1_27' title='bbox 1560 698 1602 762; x_wconf 90' lang='lat' dir='ltr'>ad</span> <span class='ocrx_word' id='word_1_28' title='bbox 1624 698 1751 765; x_wconf 89' lang='lat' dir='ltr'>collaci-</span> 
     </span>
     <span class='ocr_line' id='line_1_4' title="bbox 243 800 1749 883; baseline 0.001 -19"><span class='ocrx_word' id='word_1_29' title='bbox 243 816 336 869; x_wconf 91' lang='lat' dir='ltr'>ouem</span> <span class='ocrx_word' id='word_1_30' title='bbox 359 800 460 883; x_wconf 90' lang='lat' dir='ltr'>ipsius</span> <span class='ocrx_word' id='word_1_31' title='bbox 482 800 624 883; x_wconf 83' lang='lat' dir='ltr'>episcopi</span> <span class='ocrx_word' id='word_1_32' title='bbox 647 800 687 864; x_wconf 93' lang='lat' dir='ltr'>de</span> <span class='ocrx_word' id='word_1_33' title='bbox 711 800 942 866; x_wconf 87' lang='lat' dir='ltr'>consuetudine</span> <span class='ocrx_word' id='word_1_34' title='bbox 965 800 1116 882; x_wconf 82' lang='lat' dir='ltr'><strong>pertinet,</strong></span> <span class='ocrx_word' id='word_1_35' title='bbox 1151 807 1226 866; x_wconf 90' lang='lat' dir='ltr'>tunc</span> <span class='ocrx_word' id='word_1_36' title='bbox 1257 809 1389 865; x_wconf 88' lang='lat' dir='ltr'>vacante</span> <span class='ocrx_word' id='word_1_37' title='bbox 1419 818 1478 882; x_wconf 91' lang='lat' dir='ltr'>per</span> <span class='ocrx_word' id='word_1_38' title='bbox 1501 801 1622 870; x_wconf 88' lang='lat' dir='ltr'>obitum</span> <span class='ocrx_word' id='word_1_39' title='bbox 1644 800 1749 867; x_wconf 88' lang='lat' dir='ltr'>ultimi</span> 
     </span>
     <span class='ocr_line' id='line_1_5' title="bbox 245 903 1753 990; baseline 0.001 -23"><span class='ocrx_word' id='word_1_40' title='bbox 245 903 357 971; x_wconf 83' lang='lat' dir='ltr'>decani</span> <span class='ocrx_word' id='word_1_41' title='bbox 380 903 481 986; x_wconf 90' lang='lat' dir='ltr'>ipsius</span> <span class='ocrx_word' id='word_1_42' title='bbox 504 904 640 969; x_wconf 81' lang='lat' dir='ltr'>ecclesie</span> <span class='ocrx_word' id='word_1_43' title='bbox 674 910 765 970; x_wconf 83' lang='lat' dir='ltr'>extra</span> <span class='ocrx_word' id='word_1_44' title='bbox 788 905 960 969; x_wconf 82' lang='lat' dir='ltr'>Romanam</span> <span class='ocrx_word' id='word_1_45' title='bbox 985 905 1102 968; x_wconf 91' lang='lat' dir='ltr'>curiam</span> <span class='ocrx_word' id='word_1_46' title='bbox 1127 903 1278 990; x_wconf 83' lang='lat' dir='ltr'>defuncti,</span> <span class='ocrx_word' id='word_1_47' title='bbox 1314 923 1458 969; x_wconf 91' lang='lat' dir='ltr'>necnon</span> <span class='ocrx_word' id='word_1_48' title='bbox 1481 907 1753 987; x_wconf 86' lang='lat' dir='ltr'>permutacionem</span> 
     </span>
     <span class='ocr_line' id='line_1_6' title="bbox 245 1007 1751 1089; baseline -0.001 -15"><span class='ocrx_word' id='word_1_49' title='bbox 245 1009 445 1088; x_wconf 84' lang='lat' dir='ltr'>postmodum</span> <span class='ocrx_word' id='word_1_50' title='bbox 475 1007 592 1076; x_wconf 85' lang='lat' dir='ltr'>tactam</span> <span class='ocrx_word' id='word_1_51' title='bbox 622 1025 680 1089; x_wconf 89' lang='lat' dir='ltr'>per</span> <span class='ocrx_word' id='word_1_52' title='bbox 710 1008 829 1073; x_wconf 88' lang='lat' dir='ltr'>dictum</span> <span class='ocrx_word' id='word_1_53' title='bbox 853 1008 1030 1072; x_wconf 86' lang='lat' dir='ltr'>Ditmarum</span> <span class='ocrx_word' id='word_1_54' title='bbox 1058 1009 1098 1072; x_wconf 91' lang='lat' dir='ltr'>de</span> <span class='ocrx_word' id='word_1_55' title='bbox 1122 1009 1207 1073; x_wconf 89' lang='lat' dir='ltr'>dicto</span> <span class='ocrx_word' id='word_1_56' title='bbox 1231 1008 1388 1074; x_wconf 88' lang='lat' dir='ltr'>decanatu</span> <span class='ocrx_word' id='word_1_57' title='bbox 1411 1027 1482 1073; x_wconf 91' lang='lat' dir='ltr'>cum</span> <span class='ocrx_word' id='word_1_58' title='bbox 1505 1009 1644 1076; x_wconf 88' lang='lat' dir='ltr'>Heurico</span> <span class='ocrx_word' id='word_1_59' title='bbox 1667 1010 1751 1073; x_wconf 88' lang='lat' dir='ltr'>Reu-</span> 
     </span>
     <span class='ocr_line' id='line_1_7' title="bbox 246 1109 1751 1195; baseline 0.003 -23"><span class='ocrx_word' id='word_1_60' title='bbox 246 1109 315 1174; x_wconf 91' lang='lat' dir='ltr'>heri</span> <span class='ocrx_word' id='word_1_61' title='bbox 339 1111 379 1175; x_wconf 91' lang='lat' dir='ltr'>de</span> <span class='ocrx_word' id='word_1_62' title='bbox 402 1111 533 1183; x_wconf 85' lang='lat' dir='ltr'>Brunna</span> <span class='ocrx_word' id='word_1_63' title='bbox 555 1130 612 1194; x_wconf 92' lang='lat' dir='ltr'>pro</span> <span class='ocrx_word' id='word_1_64' title='bbox 635 1111 827 1194; x_wconf 83' lang='lat' dir='ltr'>parrochiali</span> <span class='ocrx_word' id='word_1_65' title='bbox 850 1110 988 1175; x_wconf 91' lang='lat' dir='ltr'>ecclesia</span> <span class='ocrx_word' id='word_1_66' title='bbox 1003 1112 1035 1176; x_wconf 93' lang='lat' dir='ltr'>in</span> <span class='ocrx_word' id='word_1_67' title='bbox 1052 1111 1146 1176; x_wconf 91' lang='lat' dir='ltr'>Nelib</span> <span class='ocrx_word' id='word_1_68' title='bbox 1161 1112 1186 1186; x_wconf 90' lang='lat'>¹)</span> <span class='ocrx_word' id='word_1_69' title='bbox 1209 1112 1293 1177; x_wconf 89' lang='lat' dir='ltr'>dicte</span> <span class='ocrx_word' id='word_1_70' title='bbox 1310 1112 1512 1177; x_wconf 89' lang='lat' dir='ltr'>Patauiensis</span> <span class='ocrx_word' id='word_1_71' title='bbox 1527 1113 1617 1185; x_wconf 89' lang='lat' dir='ltr'>dioc,</span> <span class='ocrx_word' id='word_1_72' title='bbox 1643 1113 1751 1195; x_wconf 81' lang='lat' dir='ltr'>digne-</span> 
     </span>
     <span class='ocr_line' id='line_1_8' title="bbox 246 1213 1752 1297; baseline 0.003 -21"><span class='ocrx_word' id='word_1_73' title='bbox 246 1213 323 1277; x_wconf 86' lang='lat' dir='ltr'>mini</span> <span class='ocrx_word' id='word_1_74' title='bbox 347 1232 387 1277; x_wconf 85' lang='lat' dir='ltr'>ex</span> <span class='ocrx_word' id='word_1_75' title='bbox 409 1221 499 1284; x_wconf 89' lang='lat' dir='ltr'>certa</span> <span class='ocrx_word' id='word_1_76' title='bbox 521 1215 661 1281; x_wconf 85' lang='lat' dir='ltr'>sciencia</span> <span class='ocrx_word' id='word_1_77' title='bbox 683 1214 879 1296; x_wconf 87' lang='lat' dir='ltr'>confirmare,</span> <span class='ocrx_word' id='word_1_78' title='bbox 903 1233 966 1279; x_wconf 92' lang='lat' dir='ltr'>non</span> <span class='ocrx_word' id='word_1_79' title='bbox 990 1216 1190 1279; x_wconf 81' lang='lat' dir='ltr'>obstantibus</span> <span class='ocrx_word' id='word_1_80' title='bbox 1214 1216 1452 1297; x_wconf 88' lang='lat' dir='ltr'>quibuscunque</span> <span class='ocrx_word' id='word_1_81' title='bbox 1475 1216 1752 1283; x_wconf 89' lang='lat' dir='ltr'>reservaciouibus</span> 
     </span>
     <span class='ocr_line' id='line_1_9' title="bbox 247 1318 1753 1402; baseline 0.003 -22"><span class='ocrx_word' id='word_1_82' title='bbox 247 1318 446 1400; x_wconf 86' lang='lat' dir='ltr'>specialibus,</span> <span class='ocrx_word' id='word_1_83' title='bbox 470 1337 527 1385; x_wconf 89' lang='lat' dir='ltr'>seu</span> <span class='ocrx_word' id='word_1_84' title='bbox 550 1320 633 1400; x_wconf 92' lang='lat' dir='ltr'>quod</span> <span class='ocrx_word' id='word_1_85' title='bbox 657 1319 761 1383; x_wconf 89' lang='lat' dir='ltr'>dictus</span> <span class='ocrx_word' id='word_1_86' title='bbox 784 1318 952 1400; x_wconf 91' lang='lat' dir='ltr'>Henricus,</span> <span class='ocrx_word' id='word_1_87' title='bbox 976 1319 1029 1400; x_wconf 92' lang='lat' dir='ltr'>qui</span> <span class='ocrx_word' id='word_1_88' title='bbox 1054 1320 1172 1384; x_wconf 88' lang='lat' dir='ltr'>dictum</span> <span class='ocrx_word' id='word_1_89' title='bbox 1196 1320 1384 1384; x_wconf 88' lang='lat' dir='ltr'>decanatum</span> <span class='ocrx_word' id='word_1_90' title='bbox 1408 1320 1561 1402; x_wconf 86' lang='lat' dir='ltr'>possidet,</span> <span class='ocrx_word' id='word_1_91' title='bbox 1584 1320 1617 1384; x_wconf 95' lang='lat' dir='ltr'>in</span> <span class='ocrx_word' id='word_1_92' title='bbox 1640 1321 1753 1385; x_wconf 91' lang='lat' dir='ltr'>eadem</span> 
     </span>
     <span class='ocr_line' id='line_1_10' title="bbox 246 1421 1754 1507; baseline 0 -19"><span class='ocrx_word' id='word_1_93' title='bbox 246 1421 384 1489; x_wconf 84' lang='lat' dir='ltr'>ecclesia</span> <span class='ocrx_word' id='word_1_94' title='bbox 409 1421 619 1487; x_wconf 87' lang='lat' dir='ltr'>Cremsirensi</span> <span class='ocrx_word' id='word_1_95' title='bbox 649 1429 684 1486; x_wconf 87' lang='lat' dir='ltr'>et</span> <span class='ocrx_word' id='word_1_96' title='bbox 707 1422 910 1487; x_wconf 89' lang='lat' dir='ltr'>Olomucensi</span> <span class='ocrx_word' id='word_1_97' title='bbox 940 1423 1087 1488; x_wconf 92' lang='lat' dir='ltr'>ecclesiis</span> <span class='ocrx_word' id='word_1_98' title='bbox 1100 1424 1134 1504; x_wconf 87' lang='lat' dir='ltr'>(l)</span> <span class='ocrx_word' id='word_1_99' title='bbox 1158 1424 1361 1488; x_wconf 86' lang='lat' dir='ltr'>canonicatus</span> <span class='ocrx_word' id='word_1_100' title='bbox 1393 1430 1428 1488; x_wconf 90' lang='lat' dir='ltr'>et</span> <span class='ocrx_word' id='word_1_101' title='bbox 1450 1425 1630 1507; x_wconf 88' lang='lat' dir='ltr'>prebendas</span> <span class='ocrx_word' id='word_1_102' title='bbox 1665 1424 1754 1490; x_wconf 89' lang='lat' dir='ltr'>etin</span> 
     </span>
     <span class='ocr_line' id='line_1_11' title="bbox 245 1525 1754 1607; baseline 0.003 -20"><span class='ocrx_word' id='word_1_103' title='bbox 245 1525 359 1595; x_wconf 83' lang='lat' dir='ltr'>eadem</span> <span class='ocrx_word' id='word_1_104' title='bbox 382 1525 586 1592; x_wconf 89' lang='lat' dir='ltr'>Olomucensi</span> <span class='ocrx_word' id='word_1_105' title='bbox 610 1527 880 1607; x_wconf 80' lang='lat' dir='ltr'>custodiamque</span> <span class='ocrx_word' id='word_1_106' title='bbox 904 1525 1037 1607; x_wconf 88' lang='lat' dir='ltr'>simplex</span> <span class='ocrx_word' id='word_1_107' title='bbox 1060 1525 1197 1592; x_wconf 85' lang='lat' dir='ltr'>officium</span> <span class='ocrx_word' id='word_1_108' title='bbox 1221 1545 1278 1592; x_wconf 94' lang='lat' dir='ltr'>seu</span> <span class='ocrx_word' id='word_1_109' title='bbox 1302 1525 1487 1592; x_wconf 85' lang='lat' dir='ltr'>beneficium</span> <span class='ocrx_word' id='word_1_110' title='bbox 1511 1529 1632 1604; x_wconf 80' lang='lat' dir='ltr'>existit,</span> <span class='ocrx_word' id='word_1_111' title='bbox 1649 1530 1754 1593; x_wconf 91' lang='lat' dir='ltr'>cuius·</span> 
     </span>
     <span class='ocr_line' id='line_1_12' title="bbox 247 1629 1755 1713; baseline 0.002 -21"><span class='ocrx_word' id='word_1_112' title='bbox 247 1647 308 1710; x_wconf 91' lang='lat' dir='ltr'>que</span> <span class='ocrx_word' id='word_1_113' title='bbox 331 1630 457 1697; x_wconf 88' lang='lat' dir='ltr'>racione</span> <span class='ocrx_word' id='word_1_114' title='bbox 480 1649 539 1695; x_wconf 90' lang='lat' dir='ltr'>nec</span> <span class='ocrx_word' id='word_1_115' title='bbox 555 1649 664 1695; x_wconf 90' lang='lat' dir='ltr'>vocem</span> <span class='ocrx_word' id='word_1_116' title='bbox 686 1631 720 1696; x_wconf 94' lang='lat' dir='ltr'>in</span> <span class='ocrx_word' id='word_1_117' title='bbox 743 1631 882 1713; x_wconf 86' lang='lat' dir='ltr'>capitulo</span> <span class='ocrx_word' id='word_1_118' title='bbox 906 1648 964 1694; x_wconf 90' lang='lat' dir='ltr'>nec</span> <span class='ocrx_word' id='word_1_119' title='bbox 988 1629 1116 1695; x_wconf 90' lang='lat' dir='ltr'>stallum</span> <span class='ocrx_word' id='word_1_120' title='bbox 1139 1630 1237 1695; x_wconf 90' lang='lat' dir='ltr'>habet</span> <span class='ocrx_word' id='word_1_121' title='bbox 1259 1631 1292 1695; x_wconf 91' lang='lat' dir='ltr'>in</span> <span class='ocrx_word' id='word_1_122' title='bbox 1308 1630 1412 1712; x_wconf 90' lang='lat' dir='ltr'>choro,</span> <span class='ocrx_word' id='word_1_123' title='bbox 1435 1632 1577 1696; x_wconf 90' lang='lat' dir='ltr'>noscitur</span> <span class='ocrx_word' id='word_1_124' title='bbox 1600 1632 1755 1711; x_wconf 88' lang='lat' dir='ltr'>obtinere,</span> 
     </span>
     <span class='ocr_line' id='line_1_13' title="bbox 246 1733 1752 1816; baseline 0.002 -20"><span class='ocrx_word' id='word_1_125' title='bbox 246 1750 317 1801; x_wconf 92' lang='lat' dir='ltr'>cum</span> <span class='ocrx_word' id='word_1_126' title='bbox 341 1733 413 1799; x_wconf 92' lang='lat' dir='ltr'>aliis</span> <span class='ocrx_word' id='word_1_127' title='bbox 435 1753 498 1801; x_wconf 90' lang='lat' dir='ltr'>nou</span> <span class='ocrx_word' id='word_1_128' title='bbox 521 1735 722 1801; x_wconf 88' lang='lat' dir='ltr'>obstantibus</span> <span class='ocrx_word' id='word_1_129' title='bbox 745 1741 780 1800; x_wconf 94' lang='lat' dir='ltr'>et</span> <span class='ocrx_word' id='word_1_130' title='bbox 802 1734 954 1799; x_wconf 86' lang='lat' dir='ltr'>clausulis</span> <span class='ocrx_word' id='word_1_131' title='bbox 970 1735 1135 1816; x_wconf 86' lang='lat' dir='ltr'>oportunis</span> <span class='ocrx_word' id='word_1_132' title='bbox 1151 1741 1185 1798; x_wconf 90' lang='lat' dir='ltr'>et</span> <span class='ocrx_word' id='word_1_133' title='bbox 1201 1735 1434 1800; x_wconf 81' lang='lat' dir='ltr'>executoribus.</span> <span class='ocrx_word' id='word_1_134' title='bbox 1459 1735 1503 1798; x_wconf 87' lang='lat' dir='ltr'>Et</span> <span class='ocrx_word' id='word_1_135' title='bbox 1518 1736 1601 1814; x_wconf 92' lang='lat' dir='ltr'>quod</span> <span class='ocrx_word' id='word_1_136' title='bbox 1617 1753 1752 1800; x_wconf 85' lang='lat' dir='ltr'>examen</span> 
     </span>
     <span class='ocr_line' id='line_1_14' title="bbox 247 1836 794 1922; baseline 0.002 -21"><span class='ocrx_word' id='word_1_137' title='bbox 247 1836 348 1919; x_wconf 89' lang='lat' dir='ltr'>ipsius</span> <span class='ocrx_word' id='word_1_138' title='bbox 371 1840 589 1904; x_wconf 88' lang='lat' dir='ltr'>committatur</span> <span class='ocrx_word' id='word_1_139' title='bbox 611 1840 653 1904; x_wconf 87' lang='lat' dir='ltr'>ad</span> <span class='ocrx_word' id='word_1_140' title='bbox 674 1845 794 1922; x_wconf 89' lang='lat' dir='ltr'>partes.</span> 
     </span>
    </p>

    <p class='ocr_par' dir='ltr' id='par_1_3' title="bbox 248 1941 1753 2128">
     <span class='ocr_line' id='line_1_15' title="bbox 351 1941 1753 2025; baseline 0.002 -20"><span class='ocrx_word' id='word_1_141' title='bbox 351 1941 424 2006; x_wconf 88' lang='lat' dir='ltr'>Fiat</span> <span class='ocrx_word' id='word_1_142' title='bbox 447 1943 486 2007; x_wconf 94' lang='lat' dir='ltr'>de</span> <span class='ocrx_word' id='word_1_143' title='bbox 510 1962 600 2024; x_wconf 89' lang='lat' dir='ltr'>novo,</span> <span class='ocrx_word' id='word_1_144' title='bbox 624 1943 686 2007; x_wconf 93' lang='lat' dir='ltr'>nisi</span> <span class='ocrx_word' id='word_1_145' title='bbox 710 1941 804 2007; x_wconf 88' lang='lat' dir='ltr'>alteri</span> <span class='ocrx_word' id='word_1_146' title='bbox 826 1942 924 2007; x_wconf 87' lang='lat' dir='ltr'>fuerit</span> <span class='ocrx_word' id='word_1_147' title='bbox 946 1944 996 2009; x_wconf 91' lang='lat' dir='ltr'>ius</span> <span class='ocrx_word' id='word_1_148' title='bbox 1019 1944 1179 2025; x_wconf 87' lang='lat' dir='ltr'>quesitum</span> <span class='ocrx_word' id='word_1_149' title='bbox 1203 1943 1239 2008; x_wconf 86' lang='lat' dir='ltr'>G.</span> <span class='ocrx_word' id='word_1_150' title='bbox 1265 1944 1308 2007; x_wconf 89' lang='lat' dir='ltr'>Et</span> <span class='ocrx_word' id='word_1_151' title='bbox 1334 1944 1418 2025; x_wconf 91' lang='lat' dir='ltr'>quod</span> <span class='ocrx_word' id='word_1_152' title='bbox 1442 1949 1587 2008; x_wconf 88' lang='lat' dir='ltr'>transeat</span> <span class='ocrx_word' id='word_1_153' title='bbox 1603 1944 1672 2008; x_wconf 90' lang='lat' dir='ltr'>sine</span> <span class='ocrx_word' id='word_1_154' title='bbox 1689 1944 1753 2009; x_wconf 88' lang='lat' dir='ltr'>alia</span> 
     </span>
     <span class='ocr_line' id='line_1_16' title="bbox 248 2045 1462 2128; baseline 0.002 -19"><span class='ocrx_word' id='word_1_155' title='bbox 248 2045 399 2111; x_wconf 92' lang='lat' dir='ltr'>leccione.</span> <span class='ocrx_word' id='word_1_156' title='bbox 424 2047 496 2111; x_wconf 88' lang='lat' dir='ltr'>Fiat</span> <span class='ocrx_word' id='word_1_157' title='bbox 520 2047 556 2111; x_wconf 86' lang='lat' dir='ltr'>G.</span> <span class='ocrx_word' id='word_1_158' title='bbox 582 2047 620 2110; x_wconf 92' lang='lat' dir='ltr'>D.</span> <span class='ocrx_word' id='word_1_159' title='bbox 645 2047 730 2128; x_wconf 87' lang='lat' dir='ltr'>apud</span> <span class='ocrx_word' id='word_1_160' title='bbox 753 2046 987 2112; x_wconf 90' lang='lat' dir='ltr'>Villamnouam</span> <span class='ocrx_word' id='word_1_161' title='bbox 1010 2046 1070 2110; x_wconf 91' lang='lat' dir='ltr'>VII</span> <span class='ocrx_word' id='word_1_162' title='bbox 1093 2047 1136 2111; x_wconf 94' lang='lat' dir='ltr'>id.</span> <span class='ocrx_word' id='word_1_163' title='bbox 1160 2047 1238 2111; x_wconf 87' lang='lat' dir='ltr'>Maii</span> <span class='ocrx_word' id='word_1_164' title='bbox 1262 2066 1290 2111; x_wconf 78' lang='lat' dir='ltr'>a,</span> <span class='ocrx_word' id='word_1_165' title='bbox 1315 2048 1462 2112; x_wconf 89' lang='lat' dir='ltr'>secundo.</span> 
     </span>
    </p>
   </div>
   <div class='ocr_carea' id='block_1_3' title="bbox 377 2233 1284 2303">
    <p class='ocr_par' dir='ltr' id='par_1_4' title="bbox 377 2233 1284 2303">
     <span class='ocr_line' id='line_1_17' title="bbox 377 2233 1284 2303; baseline -0.001 -16"><span class='ocrx_word' id='word_1_166' title='bbox 377 2234 409 2287; x_wconf 84' lang='lat' dir='ltr'>R.</span> <span class='ocrx_word' id='word_1_167' title='bbox 429 2233 524 2303; x_wconf 87' lang='lat' dir='ltr'>Suppl.</span> <span class='ocrx_word' id='word_1_168' title='bbox 543 2233 641 2288; x_wconf 75' lang='lat' dir='ltr'>estol.</span> <span class='ocrx_word' id='word_1_169' title='bbox 662 2240 720 2288; x_wconf 82' lang='lat'>109.</span> <span class='ocrx_word' id='word_1_170' title='bbox 739 2265 772 2273; x_wconf 91' lang='lat'>-</span> <span class='ocrx_word' id='word_1_171' title='bbox 794 2236 812 2302; x_wconf 86' lang='lat'>¹)</span> <span class='ocrx_word' id='word_1_172' title='bbox 832 2233 1037 2289; x_wconf 79' lang='lat' dir='ltr'>Neliszalb</span> <span class='ocrx_word' id='word_1_173' title='bbox 1056 2234 1084 2287; x_wconf 92' lang='lat' dir='ltr'>in</span> <span class='ocrx_word' id='word_1_174' title='bbox 1103 2236 1216 2288; x_wconf 79' lang='lat' dir='ltr'>dustria</span> <span class='ocrx_word' id='word_1_175' title='bbox 1234 2233 1284 2288; x_wconf 81' lang='lat' dir='ltr'>lut.</span> 
     </span>
    </p>
   </div>
   <div class='ocr_carea' id='block_1_4' title="bbox 250 2613 1758 3097">
    <p class='ocr_par' dir='ltr' id='par_1_5' title="bbox 250 2613 1756 2701">
     <span class='ocr_line' id='line_1_18' title="bbox 250 2613 1756 2701; baseline -0.003 -17"><span class='ocrx_word' id='word_1_176' title='bbox 250 2618 339 2684; x_wconf 78' lang='lat'><strong><em>249.</em></strong></span> <span class='ocrx_word' id='word_1_177' title='bbox 366 2613 499 2681; x_wconf 76' lang='lat' dir='ltr'>Carolus</span> <span class='ocrx_word' id='word_1_178' title='bbox 523 2617 738 2680; x_wconf 71' lang='lat' dir='ltr'>Rmauorum</span> <span class='ocrx_word' id='word_1_179' title='bbox 771 2620 801 2680; x_wconf 88' lang='lat' dir='ltr'>et</span> <span class='ocrx_word' id='word_1_180' title='bbox 823 2614 995 2680; x_wconf 69' lang='lat' dir='ltr'>Bobeniae</span> <span class='ocrx_word' id='word_1_181' title='bbox 1025 2636 1082 2680; x_wconf 77' lang='lat' dir='ltr'>rea</span> <span class='ocrx_word' id='word_1_182' title='bbox 1111 2619 1279 2701; x_wconf 81' lang='lat' dir='ltr'>supplicat,</span> <span class='ocrx_word' id='word_1_183' title='bbox 1317 2620 1472 2698; x_wconf 83' lang='lat' dir='ltr'>quatenus</span> <span class='ocrx_word' id='word_1_184' title='bbox 1501 2615 1756 2699; x_wconf 78' lang='lat' dir='ltr'>archiepiscopus</span> 
     </span>
    </p>

    <p class='ocr_par' dir='ltr' id='par_1_6' title="bbox 251 2719 1758 2804">
     <span class='ocr_line' id='line_1_19' title="bbox 251 2719 1758 2804; baseline -0.001 -21"><span class='ocrx_word' id='word_1_185' title='bbox 251 2720 433 2801; x_wconf 78' lang='lat' dir='ltr'>Propensis,</span> <span class='ocrx_word' id='word_1_186' title='bbox 468 2720 543 2784; x_wconf 84' lang='lat' dir='ltr'>dum</span> <span class='ocrx_word' id='word_1_187' title='bbox 565 2720 600 2783; x_wconf 85' lang='lat' dir='ltr'>in</span> <span class='ocrx_word' id='word_1_188' title='bbox 617 2719 856 2802; x_wconf 86' lang='lat' dir='ltr'>pontificalibus</span> <span class='ocrx_word' id='word_1_189' title='bbox 879 2741 949 2784; x_wconf 89' lang='lat' dir='ltr'>eum</span> <span class='ocrx_word' id='word_1_190' title='bbox 972 2720 1080 2785; x_wconf 91' lang='lat' dir='ltr'>baculo</span> <span class='ocrx_word' id='word_1_191' title='bbox 1101 2723 1267 2801; x_wconf 87' lang='lat' dir='ltr'>quandam</span> <span class='ocrx_word' id='word_1_192' title='bbox 1284 2721 1482 2804; x_wconf 81' lang='lat' dir='ltr'>particulam</span> <span class='ocrx_word' id='word_1_193' title='bbox 1505 2720 1532 2784; x_wconf 91' lang='lat' dir='ltr'>b.</span> <span class='ocrx_word' id='word_1_194' title='bbox 1549 2721 1638 2784; x_wconf 85' lang='lat' dir='ltr'>Petri</span> <span class='ocrx_word' id='word_1_195' title='bbox 1659 2720 1758 2784; x_wconf 86' lang='lat' dir='ltr'>conti·</span> 
     </span>
    </p>

    <p class='ocr_par' dir='ltr' id='par_1_7' title="bbox 250 2823 1757 2908">
     <span class='ocr_line' id='line_1_20' title="bbox 250 2823 1757 2908; baseline 0.001 -20"><span class='ocrx_word' id='word_1_196' title='bbox 250 2828 340 2888; x_wconf 84' lang='lat' dir='ltr'>neate</span> <span class='ocrx_word' id='word_1_197' title='bbox 373 2823 548 2903; x_wconf 78' lang='lat' dir='ltr'>celebrabit,</span> <span class='ocrx_word' id='word_1_198' title='bbox 572 2823 787 2906; x_wconf 74' lang='lat' dir='ltr'>indeclpcntv&#39;as</span> <span class='ocrx_word' id='word_1_199' title='bbox 818 2823 951 2904; x_wconf 74' lang='lat' dir='ltr'>elarpiri</span> <span class='ocrx_word' id='word_1_200' title='bbox 972 2823 1087 2888; x_wconf 84' lang='lat' dir='ltr'>valeat.</span> <span class='ocrx_word' id='word_1_201' title='bbox 1112 2862 1153 2871; x_wconf 95' lang='lat'>—</span> <span class='ocrx_word' id='word_1_202' title='bbox 1179 2825 1274 2908; x_wconf 78' lang='lat' dir='ltr'>,blut</span> <span class='ocrx_word' id='word_1_203' title='bbox 1297 2825 1334 2888; x_wconf 84' lang='lat' dir='ltr'>de</span> <span class='ocrx_word' id='word_1_204' title='bbox 1357 2843 1440 2889; x_wconf 87' lang='lat' dir='ltr'>anno</span> <span class='ocrx_word' id='word_1_205' title='bbox 1455 2829 1485 2888; x_wconf 90' lang='lat' dir='ltr'>et</span> <span class='ocrx_word' id='word_1_206' title='bbox 1507 2825 1566 2887; x_wconf 85' lang='lat' dir='ltr'>XL</span> <span class='ocrx_word' id='word_1_207' title='bbox 1592 2823 1700 2888; x_wconf 79' lang='lat' dir='ltr'>diebus</span> <span class='ocrx_word' id='word_1_208' title='bbox 1718 2823 1757 2889; x_wconf 75' lang='lat' dir='ltr'>G.</span> 
     </span>
    </p>

    <p class='ocr_par' dir='ltr' id='par_1_8' title="bbox 251 2926 1756 3097">
     <span class='ocr_line' id='line_1_21' title="bbox 251 2926 1756 3009; baseline -0.003 -15"><span class='ocrx_word' id='word_1_209' title='bbox 251 2929 325 2994; x_wconf 78' lang='lat' dir='ltr'>Sine</span> <span class='ocrx_word' id='word_1_210' title='bbox 348 2930 416 2993; x_wconf 84' lang='lat' dir='ltr'>alia</span> <span class='ocrx_word' id='word_1_211' title='bbox 438 2928 581 2994; x_wconf 81' lang='lat' dir='ltr'>leccione.</span> <span class='ocrx_word' id='word_1_212' title='bbox 605 2931 679 2992; x_wconf 84' lang='lat' dir='ltr'>Fiat</span> <span class='ocrx_word' id='word_1_213' title='bbox 705 2926 743 2991; x_wconf 75' lang='lat' dir='ltr'>G.</span> <span class='ocrx_word' id='word_1_214' title='bbox 768 2930 809 2992; x_wconf 89' lang='lat' dir='ltr'>D.</span> <span class='ocrx_word' id='word_1_215' title='bbox 834 2929 921 3009; x_wconf 84' lang='lat' dir='ltr'>apud</span> <span class='ocrx_word' id='word_1_216' title='bbox 944 2927 1176 2992; x_wconf 86' lang='lat' dir='ltr'>Villamnouam</span> <span class='ocrx_word' id='word_1_217' title='bbox 1192 2927 1417 2993; x_wconf 82' lang='lat' dir='ltr'>Aulaionensis</span> <span class='ocrx_word' id='word_1_218' title='bbox 1433 2928 1511 2994; x_wconf 84' lang='lat' dir='ltr'>dioc.</span> <span class='ocrx_word' id='word_1_219' title='bbox 1539 2929 1599 2992; x_wconf 89' lang='lat' dir='ltr'>VII</span> <span class='ocrx_word' id='word_1_220' title='bbox 1608 2928 1653 2992; x_wconf 83' lang='lat' dir='ltr'>id.</span> <span class='ocrx_word' id='word_1_221' title='bbox 1671 2928 1756 2993; x_wconf 83' lang='lat' dir='ltr'>Maii</span> 
     </span>
     <span class='ocr_line' id='line_1_22' title="bbox 902 3033 1122 3097; baseline -0.005 -2"><span class='ocrx_word' id='word_1_222' title='bbox 902 3053 933 3097; x_wconf 92' lang='lat' dir='ltr'>a.</span> <span class='ocrx_word' id='word_1_223' title='bbox 957 3033 1122 3097; x_wconf 76' lang='lat' dir='ltr'>secundo⁸.</span> 
     </span>
    </p>
   </div>
   <div class='ocr_carea' id='block_1_5' title="bbox 1078 3169 1712 3253">
    <p class='ocr_par' dir='ltr' id='par_1_9' title="bbox 1078 3169 1712 3253">
     <span class='ocr_line' id='line_1_23' title="bbox 1078 3169 1712 3253; baseline -0.008 -16"><span class='ocrx_word' id='word_1_224' title='bbox 1078 3169 1173 3253; x_wconf 80' lang='lat' dir='ltr'>Apud</span> <span class='ocrx_word' id='word_1_225' title='bbox 1203 3169 1442 3243; x_wconf 63' lang='lat' dir='ltr'>ledemallum,</span> <span class='ocrx_word' id='word_1_226' title='bbox 1464 3169 1552 3234; x_wconf 62' lang='lat'>1354</span> <span class='ocrx_word' id='word_1_227' title='bbox 1575 3169 1661 3234; x_wconf 84' lang='lat' dir='ltr'>Maii</span> <span class='ocrx_word' id='word_1_228' title='bbox 1682 3172 1712 3234; x_wconf 87' lang='grc'>9.</span> 
     </span>
    </p>
   </div>
   <div class='ocr_carea' id='block_1_6' title="bbox 384 3358 727 3429">
    <p class='ocr_par' dir='ltr' id='par_1_10' title="bbox 384 3358 727 3429">
     <span class='ocr_line' id='line_1_24' title="bbox 384 3358 727 3429; baseline -0.003 -17"><span class='ocrx_word' id='word_1_229' title='bbox 384 3358 415 3412; x_wconf 85' lang='lat' dir='ltr'>R.</span> <span class='ocrx_word' id='word_1_230' title='bbox 434 3359 530 3429; x_wconf 90' lang='lat' dir='ltr'>Suppl.</span> <span class='ocrx_word' id='word_1_231' title='bbox 549 3365 582 3412; x_wconf 78' lang='lat'>25</span> <span class='ocrx_word' id='word_1_232' title='bbox 602 3358 648 3413; x_wconf 85' lang='lat' dir='ltr'>tol.</span> <span class='ocrx_word' id='word_1_233' title='bbox 671 3365 727 3413; x_wconf 84' lang='grc'>110.</span> 
     </span>
    </p>
   </div>
   <div class='ocr_carea' id='block_1_7' title="bbox 902 3538 1107 3545">
    <p class='ocr_par' dir='ltr' id='par_1_11' title="bbox 902 3538 1107 3545">
     <span class='ocr_line' id='line_1_25' title="bbox 902 3538 1107 3545; baseline 0 -1"><span class='ocrx_word' id='word_1_234' title='bbox 902 3538 1107 3545; x_wconf 41' lang='grc' dir='ltr'>...ὴ-.-</span> 
     </span>
    </p>
   </div>
   <div class='ocr_carea' id='block_1_8' title="bbox 251 3705 1758 4055">
    <p class='ocr_par' dir='ltr' id='par_1_12' title="bbox 251 3705 1758 4055">
     <span class='ocr_line' id='line_1_26' title="bbox 253 3705 1758 3791; baseline -0.004 -19"><span class='ocrx_word' id='word_1_235' title='bbox 253 3708 343 3773; x_wconf 78' lang='grc'><em>260.</em></span> <span class='ocrx_word' id='word_1_236' title='bbox 369 3708 611 3791; x_wconf 75' lang='lat' dir='ltr'>Arelaiepiscopo</span> <span class='ocrx_word' id='word_1_237' title='bbox 635 3708 792 3788; x_wconf 81' lang='lat' dir='ltr'>Prapensi</span> <span class='ocrx_word' id='word_1_238' title='bbox 806 3713 835 3773; x_wconf 92' lang='lat' dir='ltr'>et</span> <span class='ocrx_word' id='word_1_239' title='bbox 850 3707 1076 3772; x_wconf 73' lang='lat' dir='ltr'>successoribus</span> <span class='ocrx_word' id='word_1_240' title='bbox 1088 3707 1155 3771; x_wconf 88' lang='lat' dir='ltr'>eius</span> <span class='ocrx_word' id='word_1_241' title='bbox 1171 3707 1361 3786; x_wconf 68' lang='lat' dir='ltr'>indulcetur,</span> <span class='ocrx_word' id='word_1_242' title='bbox 1376 3709 1413 3768; x_wconf 90' lang='lat' dir='ltr'>nt</span> <span class='ocrx_word' id='word_1_243' title='bbox 1435 3705 1673 3786; x_wconf 78' lang='lat' dir='ltr'>quotiescunque</span> <span class='ocrx_word' id='word_1_244' title='bbox 1688 3722 1758 3768; x_wconf 88' lang='lat' dir='ltr'>cum</span> 
     </span>
     <span class='ocr_line' id='line_1_27' title="bbox 251 3806 1754 3897; baseline -0.003 -23"><span class='ocrx_word' id='word_1_245' title='bbox 251 3810 363 3875; x_wconf 87' lang='lat' dir='ltr'>baculo</span> <span class='ocrx_word' id='word_1_246' title='bbox 373 3812 536 3897; x_wconf 80' lang='lat' dir='ltr'>pastorali</span> <span class='ocrx_word' id='word_1_247' title='bbox 546 3812 741 3895; x_wconf 82' lang='lat' dir='ltr'>particulam</span> <span class='ocrx_word' id='word_1_248' title='bbox 756 3812 861 3876; x_wconf 69' lang='lat' dir='ltr'>bacilli</span> <span class='ocrx_word' id='word_1_249' title='bbox 877 3812 904 3876; x_wconf 92' lang='lat' dir='ltr'>b.</span> <span class='ocrx_word' id='word_1_250' title='bbox 923 3812 1011 3876; x_wconf 84' lang='lat' dir='ltr'>Petri</span> <span class='ocrx_word' id='word_1_251' title='bbox 1026 3810 1200 3874; x_wconf 81' lang='lat' dir='ltr'>continente</span> <span class='ocrx_word' id='word_1_252' title='bbox 1215 3810 1249 3872; x_wconf 84' lang='lat' dir='ltr'>in</span> <span class='ocrx_word' id='word_1_253' title='bbox 1260 3807 1496 3892; x_wconf 63' lang='lat' dir='ltr'>pontificalibus</span> <span class='ocrx_word' id='word_1_254' title='bbox 1519 3806 1754 3884; x_wconf 81' lang='lat' dir='ltr'>celebraverint,</span> 
     </span>
     <span class='ocr_line' id='line_1_28' title="bbox 341 3914 1284 4055; baseline -0.007 -71"><span class='ocrx_word' id='word_1_255' title='bbox 341 4004 369 4055; x_wconf 73' lang='lat' dir='ltr'><em>X</em></span> <span class='ocrx_word' id='word_1_256' title='bbox 762 3916 976 3997; x_wconf 64' lang='lat' dir='ltr'>indulgentias</span> <span class='ocrx_word' id='word_1_257' title='bbox 998 3914 1131 3995; x_wconf 80' lang='lat' dir='ltr'>elarpiri</span> <span class='ocrx_word' id='word_1_258' title='bbox 1148 3914 1284 3998; x_wconf 85' lang='lat' dir='ltr'>possint.</span> 
     </span>
    </p>
   </div>
   <div class='ocr_carea' id='block_1_9' title="bbox 319 4049 1714 4137">
    <p class='ocr_par' dir='ltr' id='par_1_13' title="bbox 319 4049 1714 4137">
     <span class='ocr_line' id='line_1_29' title="bbox 319 4049 1714 4137; baseline -0.007 -13"><span class='ocrx_word' id='word_1_259' title='bbox 319 4073 369 4127; x_wconf 85' lang='grc' dir='ltr'>,Χ</span> <span class='ocrx_word' id='word_1_260' title='bbox 381 4114 387 4125; x_wconf 90' lang='grc'><strong>.</strong></span> <span class='ocrx_word' id='word_1_261' title='bbox 1100 4052 1197 4137; x_wconf 81' lang='lat' dir='ltr'>Apud</span> <span class='ocrx_word' id='word_1_262' title='bbox 1206 4050 1444 4130; x_wconf 76' lang='lat' dir='ltr'>lb‘llamnoeam,</span> <span class='ocrx_word' id='word_1_263' title='bbox 1468 4051 1554 4115; x_wconf 78' lang='lat'><strong><em>1354</em></strong></span> <span class='ocrx_word' id='word_1_264' title='bbox 1578 4049 1665 4122; x_wconf 84' lang='lat' dir='ltr'>Maii</span> <span class='ocrx_word' id='word_1_265' title='bbox 1685 4052 1714 4114; x_wconf 85' lang='lat'>9.</span> 
     </span>
    </p>
   </div>
   <div class='ocr_carea' id='block_1_10' title="bbox 254 4241 1762 5371">
    <p class='ocr_par' dir='ltr' id='par_1_14' title="bbox 254 4241 1762 5371">
     <span class='ocr_line' id='line_1_30' title="bbox 358 4241 1742 4327; baseline -0.007 -15"><span class='ocrx_word' id='word_1_266' title='bbox 358 4248 437 4312; x_wconf 89' lang='lat' dir='ltr'>Ven.</span> <span class='ocrx_word' id='word_1_267' title='bbox 460 4247 489 4311; x_wconf 83' lang='lat' dir='ltr'>lc</span> <span class='ocrx_word' id='word_1_268' title='bbox 491 4296 607 4312; x_wconf 92' lang='grc'><strong>.....</strong></span> <span class='ocrx_word' id='word_1_269' title='bbox 639 4245 875 4327; x_wconf 89' lang='lat' dir='ltr'>archiepiscopo</span> <span class='ocrx_word' id='word_1_270' title='bbox 909 4244 1062 4326; x_wconf 89' lang='lat' dir='ltr'>Pragensi</span> <span class='ocrx_word' id='word_1_271' title='bbox 1096 4244 1231 4307; x_wconf 86' lang='lat' dir='ltr'>salutem</span> <span class='ocrx_word' id='word_1_272' title='bbox 1267 4249 1326 4306; x_wconf 91' lang='lat' dir='ltr'>etc.</span> <span class='ocrx_word' id='word_1_273' title='bbox 1362 4241 1433 4306; x_wconf 86' lang='lat' dir='ltr'>Etsi</span> <span class='ocrx_word' id='word_1_274' title='bbox 1472 4247 1660 4304; x_wconf 87' lang='lat' dir='ltr'>sanctorum.</span> <span class='ocrx_word' id='word_1_275' title='bbox 1682 4292 1689 4307; x_wconf 91' lang='lat'><strong>.</strong></span> <span class='ocrx_word' id='word_1_276' title='bbox 1709 4291 1742 4304; x_wconf 90' lang='lat'>..</span> 
     </span>
     <span class='ocr_line' id='line_1_31' title="bbox 254 4344 1759 4433; baseline -0.007 -17"><span class='ocrx_word' id='word_1_277' title='bbox 254 4350 332 4416; x_wconf 85' lang='lat' dir='ltr'>Cum</span> <span class='ocrx_word' id='word_1_278' title='bbox 362 4351 472 4433; x_wconf 89' lang='lat' dir='ltr'>itaque</span> <span class='ocrx_word' id='word_1_279' title='bbox 491 4398 498 4413; x_wconf 91' lang='lat'><strong>.</strong></span> <span class='ocrx_word' id='word_1_280' title='bbox 518 4401 525 4414; x_wconf 85' lang='lat'><em>.</em></span> <span class='ocrx_word' id='word_1_281' title='bbox 546 4402 552 4415; x_wconf 95' lang='lat'><strong><em>.</em></strong></span> <span class='ocrx_word' id='word_1_282' title='bbox 573 4401 580 4415; x_wconf 90' lang='lat'><strong>.</strong></span> <span class='ocrx_word' id='word_1_283' title='bbox 605 4350 742 4415; x_wconf 85' lang='lat' dir='ltr'>Karolus</span> <span class='ocrx_word' id='word_1_284' title='bbox 775 4351 985 4415; x_wconf 88' lang='lat' dir='ltr'>Romanorum</span> <span class='ocrx_word' id='word_1_285' title='bbox 1017 4355 1051 4412; x_wconf 87' lang='lat' dir='ltr'>et</span> <span class='ocrx_word' id='word_1_286' title='bbox 1080 4348 1209 4412; x_wconf 92' lang='lat' dir='ltr'>Boemie</span> <span class='ocrx_word' id='word_1_287' title='bbox 1240 4365 1296 4410; x_wconf 87' lang='lat' dir='ltr'>rex</span> <span class='ocrx_word' id='word_1_288' title='bbox 1319 4346 1506 4410; x_wconf 85' lang='lat' dir='ltr'>illustris..</span> <span class='ocrx_word' id='word_1_289' title='bbox 1527 4397 1533 4408; x_wconf 94' lang='lat'><em>.</em></span> <span class='ocrx_word' id='word_1_290' title='bbox 1554 4395 1560 4408; x_wconf 93' lang='lat'>.</span> <span class='ocrx_word' id='word_1_291' title='bbox 1592 4344 1759 4425; x_wconf 89' lang='lat' dir='ltr'>quandam,</span> 
     </span>
     <span class='ocr_line' id='line_1_32' title="bbox 255 4448 1761 4537; baseline -0.007 -16"><span class='ocrx_word' id='word_1_292' title='bbox 255 4456 338 4521; x_wconf 88' lang='lat' dir='ltr'>sicut</span> <span class='ocrx_word' id='word_1_293' title='bbox 367 4456 436 4537; x_wconf 91' lang='lat' dir='ltr'>ipse</span> <span class='ocrx_word' id='word_1_294' title='bbox 474 4455 565 4520; x_wconf 94' lang='lat' dir='ltr'>nobis</span> <span class='ocrx_word' id='word_1_295' title='bbox 601 4453 782 4536; x_wconf 85' lang='lat' dir='ltr'>siguificare</span> <span class='ocrx_word' id='word_1_296' title='bbox 821 4453 952 4535; x_wconf 86' lang='lat' dir='ltr'>curavit,</span> <span class='ocrx_word' id='word_1_297' title='bbox 986 4453 1173 4534; x_wconf 87' lang='lat' dir='ltr'>particulam</span> <span class='ocrx_word' id='word_1_298' title='bbox 1211 4452 1315 4515; x_wconf 87' lang='lat' dir='ltr'>baculi</span> <span class='ocrx_word' id='word_1_299' title='bbox 1352 4449 1530 4531; x_wconf 91' lang='lat' dir='ltr'>pastoralis,</span> <span class='ocrx_word' id='word_1_300' title='bbox 1565 4465 1657 4528; x_wconf 91' lang='lat' dir='ltr'>quem</span> <span class='ocrx_word' id='word_1_301' title='bbox 1691 4448 1761 4529; x_wconf 92' lang='lat' dir='ltr'>ipse</span> 
     </span>
     <span class='ocr_line' id='line_1_33' title="bbox 255 4551 1762 4643; baseline -0.006 -20"><span class='ocrx_word' id='word_1_302' title='bbox 255 4559 368 4624; x_wconf 89' lang='lat' dir='ltr'>beatus</span> <span class='ocrx_word' id='word_1_303' title='bbox 392 4560 557 4643; x_wconf 91' lang='lat' dir='ltr'>apostolus</span> <span class='ocrx_word' id='word_1_304' title='bbox 582 4578 601 4622; x_wconf 91' lang='lat' dir='ltr'>a</span> <span class='ocrx_word' id='word_1_305' title='bbox 623 4577 658 4623; x_wconf 91' lang='lat' dir='ltr'>se</span> <span class='ocrx_word' id='word_1_306' title='bbox 681 4559 714 4622; x_wconf 94' lang='lat' dir='ltr'>in</span> <span class='ocrx_word' id='word_1_307' title='bbox 739 4575 796 4623; x_wconf 92' lang='lat' dir='ltr'>suo</span> <span class='ocrx_word' id='word_1_308' title='bbox 820 4557 1000 4640; x_wconf 88' lang='lat' dir='ltr'>apostolatu</span> <span class='ocrx_word' id='word_1_309' title='bbox 1025 4562 1184 4638; x_wconf 77' lang='lat' dir='ltr'>gestatum</span> <span class='ocrx_word' id='word_1_310' title='bbox 1208 4556 1333 4619; x_wconf 92' lang='lat' dir='ltr'>demum</span> <span class='ocrx_word' id='word_1_311' title='bbox 1357 4556 1451 4619; x_wconf 88' lang='lat' dir='ltr'>beato</span> <span class='ocrx_word' id='word_1_312' title='bbox 1474 4554 1621 4617; x_wconf 86' lang='lat' dir='ltr'>Materno</span> <span class='ocrx_word' id='word_1_313' title='bbox 1643 4551 1762 4633; x_wconf 86' lang='lat' dir='ltr'>legitur</span> 
     </span>
     <span class='ocr_line' id='line_1_34' title="bbox 255 4655 1762 4745; baseline -0.008 -17"><span class='ocrx_word' id='word_1_314' title='bbox 255 4664 437 4745; x_wconf 86' lang='lat' dir='ltr'>tradidisse,</span> <span class='ocrx_word' id='word_1_315' title='bbox 472 4663 656 4745; x_wconf 90' lang='lat' dir='ltr'>peripsum</span> <span class='ocrx_word' id='word_1_316' title='bbox 681 4663 832 4727; x_wconf 86' lang='lat' dir='ltr'>Karolum</span> <span class='ocrx_word' id='word_1_317' title='bbox 856 4679 969 4743; x_wconf 89' lang='lat' dir='ltr'>magne</span> <span class='ocrx_word' id='word_1_318' title='bbox 1002 4658 1184 4725; x_wconf 89' lang='lat' dir='ltr'>devocionis</span> <span class='ocrx_word' id='word_1_319' title='bbox 1214 4657 1284 4721; x_wconf 89' lang='lat' dir='ltr'>zelo</span> <span class='ocrx_word' id='word_1_320' title='bbox 1315 4675 1352 4719; x_wconf 87' lang='lat' dir='ltr'>ac</span> <span class='ocrx_word' id='word_1_321' title='bbox 1375 4655 1480 4720; x_wconf 91' lang='lat' dir='ltr'>studio</span> <span class='ocrx_word' id='word_1_322' title='bbox 1504 4660 1704 4737; x_wconf 87' lang='lat' dir='ltr'>procuratam</span> <span class='ocrx_word' id='word_1_323' title='bbox 1728 4659 1762 4716; x_wconf 87' lang='lat' dir='ltr'>et</span> 
     </span>
     <span class='ocr_line' id='line_1_35' title="bbox 255 4758 1761 4844; baseline -0.007 -14"><span class='ocrx_word' id='word_1_324' title='bbox 255 4765 396 4832; x_wconf 85' lang='lat' dir='ltr'>habitam</span> <span class='ocrx_word' id='word_1_325' title='bbox 426 4767 467 4831; x_wconf 87' lang='lat' dir='ltr'>ad</span> <span class='ocrx_word' id='word_1_326' title='bbox 499 4765 597 4832; x_wconf 89' lang='lat' dir='ltr'>divini</span> <span class='ocrx_word' id='word_1_327' title='bbox 632 4765 768 4829; x_wconf 93' lang='lat' dir='ltr'>nominis</span> <span class='ocrx_word' id='word_1_328' title='bbox 799 4765 926 4828; x_wconf 86' lang='lat' dir='ltr'>laudern</span> <span class='ocrx_word' id='word_1_329' title='bbox 957 4769 992 4828; x_wconf 91' lang='lat' dir='ltr'>et</span> <span class='ocrx_word' id='word_1_330' title='bbox 1020 4762 1122 4844; x_wconf 91' lang='lat' dir='ltr'>ipsius</span> <span class='ocrx_word' id='word_1_331' title='bbox 1157 4759 1290 4842; x_wconf 87' lang='lat' dir='ltr'>apostoli</span> <span class='ocrx_word' id='word_1_332' title='bbox 1316 4759 1531 4825; x_wconf 88' lang='lat' dir='ltr'>reverenciam</span> <span class='ocrx_word' id='word_1_333' title='bbox 1555 4765 1589 4822; x_wconf 87' lang='lat' dir='ltr'>et</span> <span class='ocrx_word' id='word_1_334' title='bbox 1611 4758 1761 4823; x_wconf 90' lang='lat' dir='ltr'>honorem</span> 
     </span>
     <span class='ocr_line' id='line_1_36' title="bbox 256 4862 1761 4952; baseline -0.008 -16"><span class='ocrx_word' id='word_1_335' title='bbox 256 4871 289 4935; x_wconf 93' lang='lat' dir='ltr'>in</span> <span class='ocrx_word' id='word_1_336' title='bbox 311 4871 446 4952; x_wconf 92' lang='lat' dir='ltr'>quodam</span> <span class='ocrx_word' id='word_1_337' title='bbox 478 4870 541 4935; x_wconf 90' lang='lat' dir='ltr'>alio</span> <span class='ocrx_word' id='word_1_338' title='bbox 574 4869 686 4934; x_wconf 89' lang='lat' dir='ltr'>baculo</span> <span class='ocrx_word' id='word_1_339' title='bbox 710 4867 863 4950; x_wconf 87' lang='lat' dir='ltr'>pastorali</span> <span class='ocrx_word' id='word_1_340' title='bbox 895 4867 934 4931; x_wconf 93' lang='lat' dir='ltr'>de</span> <span class='ocrx_word' id='word_1_341' title='bbox 958 4885 1040 4932; x_wconf 87' lang='lat' dir='ltr'>novo</span> <span class='ocrx_word' id='word_1_342' title='bbox 1063 4864 1225 4929; x_wconf 88' lang='lat' dir='ltr'>formando</span> <span class='ocrx_word' id='word_1_343' title='bbox 1257 4881 1313 4927; x_wconf 95' lang='lat' dir='ltr'>seu</span> <span class='ocrx_word' id='word_1_344' title='bbox 1336 4862 1521 4927; x_wconf 81' lang='lat' dir='ltr'>fabricando</span> <span class='ocrx_word' id='word_1_345' title='bbox 1545 4881 1614 4926; x_wconf 90' lang='lat' dir='ltr'>curn</span> <span class='ocrx_word' id='word_1_346' title='bbox 1639 4862 1761 4942; x_wconf 78' lang='lat' dir='ltr'>magnis</span> 
     </span>
     <span class='ocr_line' id='line_1_37' title="bbox 256 4966 1760 5055; baseline -0.009 -14"><span class='ocrx_word' id='word_1_347' title='bbox 256 4982 290 5041; x_wconf 89' lang='lat' dir='ltr'>et</span> <span class='ocrx_word' id='word_1_348' title='bbox 312 4975 499 5040; x_wconf 88' lang='lat' dir='ltr'>decentibus</span> <span class='ocrx_word' id='word_1_349' title='bbox 530 4973 727 5039; x_wconf 89' lang='lat' dir='ltr'>ornamentis</span> <span class='ocrx_word' id='word_1_350' title='bbox 750 4990 868 5055; x_wconf 91' lang='lat' dir='ltr'>ponere</span> <span class='ocrx_word' id='word_1_351' title='bbox 904 4989 960 5035; x_wconf 93' lang='lat' dir='ltr'>seu</span> <span class='ocrx_word' id='word_1_352' title='bbox 984 4970 1059 5053; x_wconf 91' lang='lat' dir='ltr'>poni</span> <span class='ocrx_word' id='word_1_353' title='bbox 1079 4968 1184 5032; x_wconf 87' lang='lat' dir='ltr'>facere</span> <span class='ocrx_word' id='word_1_354' title='bbox 1219 4967 1369 5047; x_wconf 90' lang='lat' dir='ltr'>illamque</span> <span class='ocrx_word' id='word_1_355' title='bbox 1402 4967 1447 5030; x_wconf 91' lang='lat' dir='ltr'>sic</span> <span class='ocrx_word' id='word_1_356' title='bbox 1472 4967 1608 5046; x_wconf 87' lang='lat' dir='ltr'>positam</span> <span class='ocrx_word' id='word_1_357' title='bbox 1632 4966 1663 5029; x_wconf 92' lang='lat' dir='ltr'>in</span> <span class='ocrx_word' id='word_1_358' title='bbox 1689 4967 1760 5028; x_wconf 78' lang='lat' dir='ltr'>l’ra-</span> 
     </span>
     <span class='ocr_line' id='line_1_38' title="bbox 256 5068 1762 5163; baseline -0.009 -18"><span class='ocrx_word' id='word_1_359' title='bbox 256 5080 346 5163; x_wconf 83' lang='lat' dir='ltr'>gensi</span> <span class='ocrx_word' id='word_1_360' title='bbox 370 5079 507 5145; x_wconf 89' lang='lat' dir='ltr'>ecclesia</span> <span class='ocrx_word' id='word_1_361' title='bbox 529 5077 701 5143; x_wconf 80' lang='lat' dir='ltr'>honorilice</span> <span class='ocrx_word' id='word_1_362' title='bbox 725 5075 881 5141; x_wconf 89' lang='lat' dir='ltr'>collocare</span> <span class='ocrx_word' id='word_1_363' title='bbox 905 5073 1109 5157; x_wconf 85' lang='lat' dir='ltr'>proposuerit</span> <span class='ocrx_word' id='word_1_364' title='bbox 1141 5079 1176 5136; x_wconf 87' lang='lat' dir='ltr'>et</span> <span class='ocrx_word' id='word_1_365' title='bbox 1198 5071 1354 5151; x_wconf 77' lang='lat' dir='ltr'>intendat,</span> <span class='ocrx_word' id='word_1_366' title='bbox 1377 5087 1435 5133; x_wconf 92' lang='lat' dir='ltr'>nos</span> <span class='ocrx_word' id='word_1_367' title='bbox 1470 5069 1647 5150; x_wconf 84' lang='lat' dir='ltr'>cupientes,</span> <span class='ocrx_word' id='word_1_368' title='bbox 1678 5068 1762 5149; x_wconf 93' lang='lat' dir='ltr'>quod</span> 
     </span>
     <span class='ocr_line' id='line_1_39' title="bbox 257 5171 1761 5267; baseline -0.009 -18"><span class='ocrx_word' id='word_1_369' title='bbox 257 5202 333 5267; x_wconf 82' lang='lat' dir='ltr'>erga</span> <span class='ocrx_word' id='word_1_370' title='bbox 355 5185 458 5266; x_wconf 89' lang='lat' dir='ltr'>ipsum</span> <span class='ocrx_word' id='word_1_371' title='bbox 474 5182 662 5265; x_wconf 87' lang='lat' dir='ltr'>apostolum,</span> <span class='ocrx_word' id='word_1_372' title='bbox 686 5181 776 5245; x_wconf 91' lang='lat' dir='ltr'>cuius</span> <span class='ocrx_word' id='word_1_373' title='bbox 799 5198 865 5261; x_wconf 92' lang='lat' dir='ltr'>nos,</span> <span class='ocrx_word' id='word_1_374' title='bbox 889 5197 1077 5261; x_wconf 88' lang='lat' dir='ltr'>quamquam</span> <span class='ocrx_word' id='word_1_375' title='bbox 1101 5175 1260 5257; x_wconf 91' lang='lat' dir='ltr'>immeriti,</span> <span class='ocrx_word' id='word_1_376' title='bbox 1285 5191 1392 5238; x_wconf 92' lang='lat' dir='ltr'>sumus</span> <span class='ocrx_word' id='word_1_377' title='bbox 1416 5173 1523 5237; x_wconf 88' lang='lat' dir='ltr'>divino</span> <span class='ocrx_word' id='word_1_378' title='bbox 1546 5172 1674 5236; x_wconf 84' lang='lat' dir='ltr'>laverrte</span> <span class='ocrx_word' id='word_1_379' title='bbox 1699 5171 1761 5236; x_wconf 87' lang='lat' dir='ltr'>cle·</span> 
     </span>
     <span class='ocr_line' id='line_1_40' title="bbox 258 5275 1761 5371; baseline -0.009 -19"><span class='ocrx_word' id='word_1_380' title='bbox 258 5288 379 5352; x_wconf 84' lang='lat' dir='ltr'>moncia</span> <span class='ocrx_word' id='word_1_381' title='bbox 401 5290 434 5354; x_wconf 92' lang='lat' dir='ltr'>in</span> <span class='ocrx_word' id='word_1_382' title='bbox 458 5287 657 5371; x_wconf 85' lang='lat' dir='ltr'>apostolatus</span> <span class='ocrx_word' id='word_1_383' title='bbox 680 5285 783 5351; x_wconf 87' lang='lat' dir='ltr'>officio</span> <span class='ocrx_word' id='word_1_384' title='bbox 807 5302 980 5365; x_wconf 91' lang='lat' dir='ltr'>successor,</span> <span class='ocrx_word' id='word_1_385' title='bbox 1014 5287 1105 5346; x_wconf 89' lang='lat' dir='ltr'>tanto</span> <span class='ocrx_word' id='word_1_386' title='bbox 1134 5280 1315 5346; x_wconf 86' lang='lat' dir='ltr'>tervencius</span> <span class='ocrx_word' id='word_1_387' title='bbox 1345 5283 1468 5344; x_wconf 89' lang='lat' dir='ltr'>crescat</span> <span class='ocrx_word' id='word_1_388' title='bbox 1491 5277 1620 5341; x_wconf 91' lang='lat' dir='ltr'>devocio</span> <span class='ocrx_word' id='word_1_389' title='bbox 1644 5275 1761 5358; x_wconf 88' lang='lat' dir='ltr'>populi,</span> 
     </span>
    </p>
   </div>
   <div class='ocr_carea' id='block_1_11' title="bbox 0 0 2016 6052">
    <p class='ocr_par' dir='ltr' id='par_1_15' title="bbox 0 0 2016 6052">
     <span class='ocr_line' id='line_1_41' title="bbox 0 0 2016 6052; baseline 0 0"><span class='ocrx_word' id='word_1_390' title='bbox 0 0 2016 6052; x_wconf 95' lang='lat' dir='ltr'> </span> 
     </span>
    </p>
   </div>
  </div>
 </body>
</html>
