3990 6052
725 389 790 439 rsus
809 381 934 436 Octobris
952 388 986 436 28
1006 413 1034 424 -
1056 384 1216 440 Decembris
1237 391 1276 438 12.
1709 391 1751 454 67

377 592 589 658 Reseruamus
612 593 649 659 G.
673 594 717 660 m
739 594 822 676 quod
844 599 989 660 transeat
1010 593 1080 660 sine
1103 594 1168 659 alia
1189 593 1339 661 leccione.
1365 595 1437 661 Fiat
1464 596 1500 661 G.
1524 598 1563 666 D.
1590 599 1749 666 buinioue

250 697 295 762 XI
319 697 382 762 kal.
408 698 594 764 Decembris
615 717 644 764 a
667 697 778 780 primo.

377 887 410 942 R„
438 886 535 959 Suppl.
559 893 592 944 il
619 887 666 943 fol.
701 883 769 943 12⁸⁴.
799 918 829 929 -
855 889 880 957 ⁸)
910 896 1067 953 ,reservare
1097 886 1193 958 Suppl.
1225 918 1258 930 —
1287 887 1320 944 ln
1350 906 1434 962 marg.
1464 891 1532 948 clm:
1564 892 1752 961 ‚Reiormccio

248 972 350 1044 gracie,
369 977 407 1029 E!
904 1023 905 1026 ,
1636 1010 1639 1015 -

249 1307 340 1374 168.
362 1305 507 1374 Jobanui
528 1307 694 1373 Bertboldi
718 1307 840 1390 Zufras
851 1309 877 1391 ⁸)
901 1307 939 1373 de
965 1308 1135 1389 Tcymuria
1157 1305 1339 1375 subnotario
1350 1311 1385 1393 (1)
1411 1309 1518 1383 Caroli
1540 1313 1753 1378 Rornanorum

247 1413 277 1474 et
298 1408 447 1476 Bobemie
468 1412 551 1497 repis
567 1412 752 1494 providetur
780 1411 819 1477 de
840 1413 1030 1478 canonicatu
1059 1411 1208 1478 ecclesiae
1229 1414 1427 1496 Epstetensis
1456 1414 1514 1480 sub
1536 1416 1753 1499 expectatione

244 1515 454 1601 praebendae,
484 1537 546 1582 non
574 1517 770 1583 obstantibus
799 1521 835 1582 ut
856 1519 890 1582 in
912 1515 1141 1600 supplicatione
1162 1517 1219 1582 sub
1243 1538 1291 1587 nr.
1315 1520 1386 1584 157.
1421 1520 1613 1599 „Probitatis
1635 1526 1667 1586 et
1687 1521 1751 1588 cir·

246 1623 366 1685 tutum‘¹
394 1622 574 1705 „Aninione
593 1619 648 1686 Xl
663 1620 728 1686 irai.
753 1620 933 1688 Decembris
956 1642 986 1686 a.
1004 1621 1142 1703 primo.“
1167 1657 1208 1669 -
1232 1623 1272 1687 ln
1292 1645 1318 1690 e.
1341 1643 1382 1688 m.
1408 1623 1693 1708 Bilooomemtsbt
1708 1629 1748 1690 ei

255 1723 427 1790 Veserensis
441 1728 467 1809 ε)
502 1725 735 1811 Herbopotensis
768 1726 846 1792 dioc.
879 1726 1140 1792 monasteriorum
1170 1725 1335 1792 abbatibus
1358 1747 1403 1793 *ac
1431 1728 1587 1795 sacristae
1620 1729 1750 1797 eclesiae

884 1830 1114 1897 Acinionensis.

315 1901 398 2109 ἐξ
1142 1967 1303 2052 nocuum,
1337 1971 1421 2037 1353
1444 1971 1630 2038 namur-n
1652 1975 1704 2039 ει.

375 2207 691 2292 usurariorum,
716 2228 747 2282 R.
768 2229 820 2282 i'at
847 2234 899 2283 220
917 2227 963 2282 sol.
984 2233 1042 2283 ⁴17.
1061 2259 1094 2267 —
1119 2232 1144 2296 ι)
1162 2229 1321 2293 ,Bertholdo
1339 2184 1518 2285 Zairaz‘Av.
1547 2258 1577 2285 -,
1604 2230 1630 2299 b)
1649 2230 1747 2297 ,Billis-

247 2312 384 2368 busensis‘
403 2317 453 2368 Ar.
477 2319 501 2382 ο)
520 2314 717 2379 ‚vescerensis‘
737 2315 786 2368 Ar.

897 2494 1101 2516 ff———n

248 2667 336 2734 169.
360 2664 504 2733 Jolranm'
524 2663 580 2752 [cie
596 2665 683 2730 Nouo
699 2662 795 2752 Foro]
810 2665 903 2729 electo
926 2662 1179 2730 Lumnmtenn'
1197 2667 1389 2749 prorepatur
1410 2667 1564 2732 terminus
1578 2667 1750 2748 recipiendi

800 2789 913 2833 munus
936 2769 1189 2834 consecrationis.

329 2879 397 2977 f.
1173 2898 1339 2980 Aninione‚
1362 2901 1448 2965 1353
1472 2901 1652 2967 Decembris
1673 2906 1703 2967 2.

376 3082 413 3146 D.
438 3081 459 3145 f.
483 3081 623 3147 iohanni
645 3082 749 3147 electo
773 3082 1027 3149 Lothomuslensi
1059 3082 1196 3147 salutem
1219 3088 1278 3147 etc.
1304 3082 1433 3148 Sincere
1457 3083 1691 3149 devocionis..
1713 3134 1746 3150 ..

247 3187 323 3252 Cum
354 3187 462 3269 itaque
493 3205 595 3269 nuper
617 3186 752 3251 ecclesie
775 3187 1032 3253 Lothomnslensi
1055 3192 1130 3252 tunc
1153 3187 1278 3251 vacanti
1301 3187 1341 3251 (le
1364 3204 1500 3270 persona
1523 3192 1579 3252 tua
1602 3187 1692 3253 nobis
1714 3199 1749 3252 et

246 3289 397 3356 iratribus
420 3291 601 3357 nostrisob
625 3296 750 3356 tuorum
773 3291 969 3373 exigencinm
992 3293 1177 3366 meritorum
1200 3296 1333 3374 accepte
1356 3292 1395 3356 de
1419 3290 1551 3356 fratrum
1575 3292 1747 3357 eorundem

246 3396 377 3462 consilio
400 3396 591 3462 anctoritate
614 3395 790 3478 apostolica
820 3395 1002 3461 duxerimus
1025 3396 1263 3479 providendum,
1298 3394 1490 3478 preficiendo
1513 3400 1546 3460 te
1570 3396 1672 3461 eidem
1696 3415 1746 3460 ec-

246 3499 342 3565 clesie
366 3501 398 3564 in
421 3501 604 3583 episcopum
627 3506 661 3565 et
684 3506 853 3582 pastorem,
887 3505 981 3583 prout
1003 3501 1037 3564 iu
1059 3500 1178 3565 nostris
1201 3500 1275 3565 inde
1299 3498 1450 3565 confectis
1474 3499 1593 3564 litteris
1617 3499 1744 3580 plenius

245 3604 464 3690 continetur,¹)
499 3623 555 3670 nos
575 3654 583 3669 .
603 3657 609 3669 .
629 3654 637 3669 .
657 3652 663 3665 .
682 3604 788 3669 Caroli
811 3605 1021 3669 Romanorum
1045 3608 1078 3669 et
1101 3604 1230 3669 Boemie
1261 3604 1347 3686 regis
1369 3603 1513 3684 illustris,
1536 3604 1629 3668 nobis
1651 3622 1747 3687 super

164 3744 170 3750 ·
245 3708 302 3773 boc
325 3729 381 3792 pro
404 3715 447 3792 te,
472 3709 589 3775 dilecto
609 3709 781 3774 secretario
798 3726 864 3791 suo,
888 3709 976 3774 etin
1000 3709 1080 3787 eius,
1104 3713 1141 3774 ut
1163 3708 1288 3790 asserit,
1312 3707 1393 3773 odeo
1416 3707 1560 3772 serviciis
1583 3713 1746 3791 occupato,

244 3814 327 3894 quod
357 3814 535 3896 recepcioni
565 3813 705 3878 mrureris
735 3812 986 3878 consecracionis
1016 3812 1074 3877 tibi
1104 3811 1308 3895 impendendi
1338 3812 1498 3877 commode
1534 3829 1646 3876 vacare
1682 3831 1745 3877 nou

244 3924 337 4000 potes
359 3918 400 3983 nd
423 3936 565 4001 presens,
599 3917 763 3983 humiliter
793 3918 1012 4001 supplicantis,
1045 3936 1082 3982 ac
1112 3917 1176 3983 tuis
1199 3917 1232 3982 in
1255 3916 1314 3981 hac
1337 3921 1428 4000 parto
1455 3916 1745 4000 supplicacionibus

245 4021 399 4105 inclinati,
424 4028 549 4105 tempus
572 4022 748 4106 recipiendi
771 4042 884 4088 munus
907 4022 1086 4107 predictum
1109 4042 1129 4086 a
1150 4021 1323 4086 coriambus
1346 4019 1526 4103 diffinitum,
1549 4019 1633 4085 inira
1657 4023 1744 4102 quod

244 4126 345 4191 adbuc
362 4126 428 4192 lore
452 4127 636 4211 dinosceris,
660 4128 718 4194 tibi
735 4127 924 4211 quodqnell)
941 4127 981 4191 ad
996 4144 1053 4192 sex
1076 4144 1202 4191 menses
1217 4125 1329 4209 eadem
1348 4125 1538 4191 auctoritate
1555 4125 1595 4189 cle
1612 4125 1744 4208 speciali

244 4231 351 4313 gracia
380 4250 585 4313 prorogamus
619 4233 752 4316 proviso,
786 4233 870 4315 quod
897 4230 1024 4297 interim
1055 4230 1165 4296 taliter
1195 4230 1234 4294 de
1258 4229 1359 4311 ipsius
1383 4229 1519 4294 ecclesie
1542 4229 1743 4294 ariministra-

245 4336 335 4401 cione
358 4337 535 4420 provideas,
570 4337 653 4418 qnod
675 4338 747 4421 ipsa
768 4337 988 4421 spiritualibus
1022 4355 1084 4401 nou
1107 4334 1235 4400 ledatnr
1256 4352 1315 4399 nec
1338 4334 1370 4398 in
1393 4333 1622 4416 temporalibus
1645 4333 1743 4400 detri-

243 4446 383 4506 mentum
406 4447 577 4524 propterea
598 4442 742 4524 paciatur
761 4493 767 4506 .
788 4495 794 4507 .
814 4491 848 4508 ..
874 4443 912 4507 D.
936 4441 1092 4507 buinione
1116 4440 1180 4506 llll
1202 4458 1274 4505 non.
1299 4438 1483 4506 Decembris
1507 4458 1526 4503 a
1548 4438 1659 4522 primo.

371 4634 404 4689 R.
422 4633 470 4687 Ar.
494 4637 542 4689 126
560 4631 607 4688 iol.
627 4637 694 4700 lso‘,
716 4631 749 4688 R.
768 4634 830 4688 Vct.
850 4637 900 4686 itt
919 4630 967 4686 iol.
985 4636 1053 4686 410⁶.
1083 4660 1109 4670 -
1137 4630 1203 4700 Reg.
1222 4628 1296 4699 opud
1314 4627 1413 4698 Tudri,
1432 4627 1542 4684 Summe
1560 4627 1742 4685 cancellariae

243 4738 303 4794 pag.
323 4719 423 4776 xxlll.
443 4751 476 4762 -
498 4721 518 4790 ¹)
536 4720 612 4776 Conl.
632 4736 672 4774 nr.
695 4725 751 4775 llb.
1039 4719 1041 4723 ’

247 5057 333 5124 160.
367 5054 529 5124 Jobannes
561 5052 616 5142 [de
646 5053 732 5118 Novo
763 5052 857 5142 lbra]
891 5052 1004 5119 electros
1041 5051 1308 5118 Lntbomuolensis
1340 5051 1484 5134 quitatem
1517 5049 1556 5115 de
1587 5049 1739 5116 suumne

543 5158 650 5241 partis
673 5159 724 5224 sui
745 5158 917 5224 communis
938 5157 1062 5223 seruitii
1082 5177 1226 5224 comune
1247 5154 1447 5241 apostolicae.

1144 5294 1306 5380 Acinione,
1330 5296 1414 5360 1353
1438 5291 1621 5359 Decembris
1648 5292 1697 5356 12.

1607 5425 1639 5479 ὁ.
