3944 6060
787 425 849 475 rear
870 419 939 475 nni
957 426 988 476 ar
1010 452 1042 460 -
1061 420 1137 475 June
1155 428 1180 477 t.
1395 402 1399 408 ’
1672 424 1733 488 491

233 631 352 696 1227.
376 631 575 694 Innocentius
607 630 648 694 Vl
668 630 814 696 hortatur
836 630 1015 698 Johonnern
1044 633 1222 714 episcopam
1247 630 1547 710 Lnthornnsicnsenr‚
1582 634 1736 712 quatenns

234 732 345 799 carolo
367 733 555 817 imperatori
576 736 699 814 nepotia
722 735 870 801 ecciesiae
892 738 1065 813 Romanae,
1099 756 1193 818 snper
1215 735 1325 818 onibus
1355 736 1454 799 eidem
1478 736 1662 818 imperatori
1684 754 1736 798 no·

230 837 310 902 aiter
331 838 448 912 scribit,
473 837 624 902 adversas
647 839 823 904 invasorem
845 845 1005 905 terrorum
1019 839 1165 906 ecciesiae
1181 839 1408 920 (Bernobocem
1424 839 1461 903 de
1487 838 1737 919 Vicecomitibns)

232 942 431 1006 commendet.
477 943 629 1026 „Noverit
658 948 713 1008 tao
740 943 953 1025 fraternitas“
993 945 1169 1025 „Arenione
1197 944 1322 1030 11(.⁹)·)
1352 944 1413 1010 cai.
1443 944 1538 1010 Jnnii
1567 964 1597 1007 a.
1622 947 1730 1009 nono.“

238 1084 270 1091 —
298 1047 381 1110 Ine.
405 1067 446 1112 m.
471 1045 605 1112 Arnesto
640 1048 874 1133 archiepiscopo
905 1048 1071 1130 Propensi,
1105 1047 1250 1114 Johanni
1279 1049 1511 1130 Arpentincnsi,
1551 1047 1737 1111 Theoderico

233 1150 402 1232 Mindensi,
423 1147 566 1215 Johanni
594 1151 790 1218 Oiomncensi
812 1153 967 1235 episcopis
982 1158 1011 1216 et
1029 1151 1184 1218 Gnileinro
1207 1153 1324 1218 decano
1354 1150 1639 1233 Vesepradentb)
1663 1170 1736 1235 apo-

801 1256 931 1323 stoh'cae
954 1256 1038 1322 sedis
1060 1259 1180 1322 nuntio.
1292 1258 1295 1260 ’

1227 1394 1388 1476 Anniana,
1415 1396 1496 1460 1361
1521 1395 1606 1459 Maii
1626 1396 1693 1458 31?

365 1582 410 1636 nd.
430 1582 503 1652 apud
522 1584 783 1652 Mastane-Durand,
800 1586 959 1640 Thesaurus
979 1586 1082 1640 llaec.
1103 1616 1134 1624 -
1160 1590 1184 1653 ί·)
1203 1584 1285 1654 Apud
1313 1585 1440 1639 hlartene
1458 1583 1522 1651 ,lX‘.
1543 1586 1568 1650 b)
1588 1583 1737 1652 ,wicema-

234 1668 320 1723 denei‘
339 1671 474 1724 Martene.
495 1702 527 1709 -
546 1671 638 1726 Verba
654 1672 738 1726 huius
758 1672 882 1726 litterae:
904 1672 1026 1740 „noviter
1044 1675 1197 1727 combined
1219 1680 1245 1726 et
1258 1671 1350 1726 datum
1370 1680 1434 1726 ante
1453 1674 1503 1726 cal.
1522 1671 1599 1725 Junii
1617 1671 1736 1726 litteram

233 1757 313 1820 hanc,
331 1757 359 1809 in
379 1773 433 1824 qua
452 1758 485 1810 de
504 1758 731 1826 praecedentibus
750 1759 852 1813 mentio
872 1758 910 1823 ss,
930 1758 970 1812 ad
989 1759 1082 1813 datum
1104 1760 1146 1823 „ll
1165 1761 1215 1813 cal.
1243 1759 1336 1814 Junii“
1369 1758 1521 1828 ponendam
1547 1774 1608 1813 esse
1627 1757 1737 1813 demon·

234 1850 329 1898 emant.
349 1843 449 1898 Datum
470 1844 523 1911 ‚lx
543 1846 593 1899 cal.
613 1845 707 1899 Junii“
728 1861 776 1914 per
794 1862 914 1900 errorem
934 1846 1052 1916 positum
1072 1862 1134 1901 esse
1153 1847 1206 1900 iam
1225 1847 1350 1900 Martene
1369 1844 1526 1914 suspicatus
1545 1851 1597 1899 est.

235 2227 352 2293 1228.
378 2225 541 2293 Conradna
574 2228 612 2293 de
644 2226 876 2313 (ichenheim)
915 2229 1105 2295 secretarius
1138 2229 1251 2297 Caroli
1287 2232 1500 2297 Romanornm
1533 2230 1737 2314 imperatoris

234 2331 404 2416 supplicat,
440 2339 592 2416 quatenns
617 2333 757 2415 provisio
779 2334 840 2398 sibi
862 2336 901 2400 de
923 2336 1051 2401 cocleam
1080 2334 1263 2419 parochiali
1295 2336 1329 2399 in
1355 2334 1500 2413 „dated
1528 2335 1738 2417 Mapaatnae

320 2437 398 2503 dioc.
416 2437 514 2523 sacto
533 2435 743 2520 confirmetur.
777 2477 817 2486 —
845 2441 939 2521 „Fiat
964 2440 1002 2506 G.
1028 2442 1068 2505 D.
1093 2440 1250 2506 Aninione
1271 2439 1333 2504 hal.
1358 2439 1452 2504 Junii
1483 2461 1512 2504 a.
1538 2442 1644 2506 nono.“

1247 2576 1410 2662 Acinionc,
1437 2578 1519 2642 1361
1545 2577 1640 2644 Jnnii
1662 2580 1692 2642 1.

365 2767 397 2819 n.
416 2765 513 2835 Suppl.
532 2772 564 2820 82
584 2768 631 2823 iol.
653 2771 719 2822 105‘.
740 2798 769 2807 -
787 2773 811 2835 Ι)
830 2768 1026 2833 ,Ghisenheim¹
1044 2768 1139 2838 Suppl.

883 2981 1088 2990 ——-—--——

237 3148 353 3216 1229.
380 3149 538 3230 Obiipatio
563 3151 700 3217 Rodslai
728 3153 767 3219 cie
796 3153 955 3234 Voidnchy
984 3155 1108 3218 ratione
1125 3151 1324 3235 parochialis
1346 3150 1496 3216 ecciesiae
1518 3171 1543 3215 s.
1567 3151 1682 3218 Jacobi
1705 3153 1738 3217 in

912 3257 1056 3323 Brnnna.

1435 3362 1517 3424 1361
1543 3359 1638 3427 Junii
1659 3362 1691 3422 4.

366 3547 587 3632 obligationes
610 3552 854 3617 Alamannorum
877 3552 961 3617 tacte
985 3570 1089 3618 coram
1112 3551 1287 3617 venerabili
1311 3551 1377 3614 viro
1400 3550 1553 3631 magistro
1578 3549 1672 3615 Petro
1696 3549 1735 3614 de

239 3649 481 3734 champanhaco
514 3655 683 3722 licentiato
714 3658 746 3722 in
779 3657 914 3739 legibus,
953 3656 1075 3723 adhoc
1098 3675 1156 3739 per
1188 3655 1399 3719 reverendum
1431 3659 1554 3735 patrem
1578 3653 1737 3719 dominum

237 3755 410 3822 hrnaldum
433 3759 706 3844 archiepiscopum
727 3761 928 3843 naxitanum,
960 3759 1078 3827 domini
1100 3760 1202 3824 nostri
1225 3776 1307 3842 pape
1331 3757 1549 3840 camerarium,
1573 3758 1736 3840 deputato,

238 3866 388 3926 secuntur
410 3863 443 3927 in
464 3863 548 3929 hunc
571 3866 706 3930 modum.

366 4070 497 4137 Eisdem
521 4091 613 4156 anno,
638 4074 699 4148 die,
724 4092 843 4148 mense,
868 4079 946 4157 pont
932 4074 1033 4139 tificat
1019 4079 1071 4138 tua
1102 4078 1136 4137 et
1122 4073 1227 4137 tloco
1258 4071 1450 4153 supradictis
1474 4069 1514 4154 [a.
1540 4068 1737 4152 MGCCLXI,

238 4169 414 4238 indiccione
437 4175 541 4259 llllll,
577 4177 629 4242 die
652 4177 716 4241 ΗΠ
738 4178 858 4244 mensis
880 4178 978 4253 Junii,
1002 4182 1080 4261 pont
1066 4175 1166 4241 tihcat
1152 4180 1256 4241 tue..
1278 4175 1577 4240 ..Innocenciifl
1598 4191 1737 4256 ..pape

239 4272 281 4339 v1
304 4295 331 4341 a.
356 4295 438 4343 nono
458 4331 464 4344 .
485 4331 491 4344 .
512 4328 518 4343 .
540 4333 545 4344 .
570 4281 603 4344 in
619 4282 741 4364 palacio
758 4283 933 4365 apostolico
950 4282 1101 4347 videlicet
1115 4280 1148 4343 in
1164 4279 1366 4345 thesauraria
1382 4279 1457 4343 dicti
1475 4278 1591 4342 domini
1607 4275 1737 4360 pape]·)

238 4382 413 4462 composuit
447 4402 550 4448 coram
584 4386 669 4450 dicta
703 4387 854 4468 magistro
887 4387 982 4451 Petro
1007 4384 1059 4469 [de
1084 4382 1325 4466 Champenheco
1357 4382 1523 4446 licenciato
1547 4383 1578 4445 in
1602 4380 1737 4463 legibus,

238 4484 278 4547 ad
301 4484 503 4571 infrascripta
527 4490 801 4575 cornrnissari0,]·)
824 4491 856 4555 in
870 4492 1037 4573 presencia
1059 4490 1120 4554 rnei
1137 4488 1275 4571 predicti
1298 4487 1416 4552 notarii
1431 4486 1567 4571 [Nicolai
1581 4484 1737 4550 iohannis

238 4586 277 4653 de
299 4590 424 4674 Esceyo
457 4593 489 4657 in
513 4593 632 4677 Vepria
665 4595 824 4661 Tullensis
859 4596 938 4660 dioc.
962 4593 1081 4677 publici
1104 4593 1279 4674 apostolica
1309 4596 1343 4655 et
1366 4590 1523 4673 imperiali
1547 4589 1737 4653 anctoritate

239 4694 368 4778 notarii]
382 4696 410 4776 ⁸)
434 4698 569 4762 Raslans
593 4700 632 4764 de
656 4699 801 4764 Voldnch
824 4700 951 4764 racione
974 4697 1182 4783 parrochialis
1205 4696 1340 4760 ecclesie
1365 4713 1388 4759 s.
1412 4694 1523 4759 Jacohi
1555 4695 1586 4757 in
1609 4693 1738 4757 Brunna

239 4794 458 4866 Olomucensis
481 4802 572 4882 dioc,
597 4803 637 4867 de
661 4822 723 4884 qua
746 4804 851 4869 dictus
875 4804 1020 4869 dominus
1043 4806 1152 4866 noster
1180 4819 1263 4883 papa
1286 4799 1347 4864 sibi
1369 4797 1553 4880 providerat
1582 4798 1640 4862 snb
1664 4796 1739 4861 data

239 4899 355 4968 lIkal.
379 4905 457 4970 Maii
492 4925 520 4973 a.
544 4926 636 4988 nono,
671 4927 729 4995 pro
762 4909 869 4973 media
891 4913 983 4991 parte
1006 4906 1164 4972 fructuum
1195 4923 1251 4988 pro
1275 4922 1322 4986 eo,
1346 4903 1438 4984 qnod,
1462 4909 1498 4967 ut
1521 4901 1660 4966 asseruit
1681 4918 1739 4983 per

238 5005 459 5085 iuramentum,
484 5012 650 5094 ignorabat
673 5019 792 5078 certant
815 5020 920 5078 texam
943 5013 1054 5096 ipsius,
1079 5011 1119 5075 ad
1142 5027 1235 5092 qnam
1258 5008 1421 5074 tenebitur
1450 5007 1483 5071 in
1506 5024 1590 5087 casu,
1613 5004 1737 5085 quando

240 5112 312 5178 sciri
346 5115 474 5197 poterit,
504 5117 628 5181 scilicet
649 5118 682 5181 in
705 5136 827 5182 summa
860 5117 1088 5198 qninquaginta
1123 5113 1312 5180 florenorum
1343 5113 1411 5176 auri
1442 5109 1663 5175 solvendorum
1687 5125 1737 5170 ca-

240 5233 325 5282 mere
349 5219 425 5284 dicti
450 5221 568 5286 domini
591 5223 693 5287 nostri
715 5240 798 5305 pape
821 5222 894 5286 hino
918 5223 958 5287 ad
974 5220 1090 5286 festum
1113 5219 1339 5302 penthecostes
1356 5234 1438 5280 anno
1455 5214 1551 5280 LXII.
1575 5211 1738 5292 Obligavit

240 5318 368 5403 [dictam
385 5343 475 5388 suain
492 5326 658 5391 ecclesiam
674 5334 708 5392 et
723 5327 828 5392 onrnia
843 5327 924 5391 bona
946 5344 1004 5390 sna
1019 5324 1227 5391 communitor
1249 5339 1373 5387 camere
1397 5320 1474 5384 dicti
1498 5316 1617 5384 domini
1632 5314 1734 5381 nostri
