3990 6052
894 431 960 483 rem
978 424 1046 481 Maii
1066 432 1106 480 ιο.
1275 497 1278 503 ¹
1686 428 1749 493 241

243 638 334 705 604.
360 635 454 703 Gallo
479 637 568 701 Petri
601 636 639 701 de
666 637 763 701 Horctc
797 640 977 702 reservatur
1010 635 1189 718 beneficiam
1222 636 1466 701 ecclesiasticum
1500 655 1570 699 canc
1604 634 1650 700 cet
1685 635 1754 699 sinc

243 751 335 824 cnrc,
352 742 441 806 coins
457 744 592 821 fructus
614 744 657 805 25
679 761 761 824 resp.
788 741 828 805 18
850 760 1033 806 marcarum
1055 740 1180 822 arpenti
1202 740 1373 805 secundam
1395 738 1592 804 taxationem
1614 739 1753 804 decimae

244 845 382 911 satorem
404 866 546 912 onnnnm
568 864 631 911 non
651 845 812 929 excedant,
848 845 892 910 ad
915 843 1110 910 collationem
1133 843 1362 927 archiepiscopi
1385 844 1559 927 Propensis
1579 844 1751 926 pertinens,

244 949 274 1016 si
295 956 390 1016 oacot
411 950 459 1016 cel
480 970 550 1016 cam
572 951 741 1015 vacaverit.
771 951 863 1032 ,Vite
879 970 924 1014 -ao
945 954 1084 1014 noornm“
1114 949 1229 1032 „Apud
1251 951 1382 1013 Pontem
1397 949 1507 1029 Soraie
1528 948 1753 1013 Aninionensia

245 1055 322 1121 dioc.
355 1055 400 1120 VI
417 1055 460 1121 id.
485 1054 571 1121 Maii
593 1075 623 1120 a.
646 1055 782 1137 quince*
808 1089 851 1102 -
874 1057 913 1118 In
934 1076 960 1119 et
982 1074 1024 1118 m.
1048 1055 1190 1137 episcopo
1213 1053 1400 1117 Pataoiensi
1422 1057 1451 1116 et
1473 1073 1498 1116 s.
1523 1049 1754 1135 ,419νὶσοὶ1Αυί-

215 1147 218 1151 *
364 1157 367 1163 ’
510 1157 668 1224 orionemia
691 1180 730 1225 oc
751 1179 777 1223 s.
802 1157 912 1240 Epidii
935 1158 1106 1241 Propensis
1129 1157 1330 1223 ecclesiaram
1352 1155 1490 1221 decanis.

291 1298 413 1366 Gratis.
868 1305 870 1309 ’
1005 1296 1101 1381 Apud
1124 1298 1254 1361 Pontem
1276 1295 1416 1379 Serpioe,
1442 1295 1527 1359 1357
1552 1293 1634 1360 oluit
1657 1294 1708 1359 10.

371 1488 403 1543 R.
423 1489 472 1542 Ar.
493 1494 542 1543 135
560 1489 607 1544 iol.
628 1493 693 1542 152¹.

246 1908 338 1973 605.
378 1904 563 1971 Venecsious
584 1905 744 1973 Jotraunis
767 1907 805 1973 de
827 1907 960 1988 Hnojicr
992 1904 1163 1988 simplicat,
1193 1908 1346 1984 conterius
1373 1905 1434 1969 sibi
1464 1904 1501 1968 de
1532 1904 1676 1986 beneficio
1707 1924 1751 1969 ec·

320 2009 506 2096 clcsiostico,
531 2009 574 2075 od
595 2010 791 2076 collationem
814 2009 1000 2074 monosterii
1029 2010 1063 2073 in
1087 2007 1231 2074 Oslaoon
1251 2007 1436 2091 pertinente,
1456 2008 1671 2090 provideatur.

996 2148 1093 2232 Apnd
1117 2149 1247 2214 Pontem
1269 2147 1410 2231 sapiae,
1434 2149 1519 2213 1357
1545 2147 1630 2213 Maii
1655 2150 1704 2212 lo.

374 2340 540 2423 Supplicat
562 2338 601 2405 Sl
632 2340 687 2406 V¹0
712 2339 920 2405 Wenceslaus
943 2345 1037 2404 natus
1059 2340 1217 2420 quondam
1247 2338 1401 2405 iohannis
1432 2340 1472 2404 de
1501 2339 1663 2421 Guoynicn
1687 2339 1748 2402 cle·

247 2445 330 2510 neus
361 2445 581 2511 Olomucensis
612 2445 701 2522 dioc,
732 2449 888 2526 quatenus
922 2443 983 2509 sibi
1014 2443 1150 2526 graciam
1182 2444 1353 2526 specialem
1383 2443 1550 2525 facientes,
1586 2443 1626 2507 de
1657 2444 1754 2508 bene·

247 2549 315 2614 licio
338 2549 556 2615 ecclesiastico
580 2567 650 2614 cum
673 2567 749 2614 cura
771 2549 823 2614 vel
846 2549 916 2614 sine
939 2567 1024 2628 cura,
1059 2553 1225 2631 spectante
1256 2548 1466 2614 communiter
1487 2548 1538 2613 vel
1563 2546 1689 2612 divisim
1712 2548 1754 2612 ad

247 2653 451 2720 collacionem
469 2703 477 2718 .
497 2705 503 2718 .
523 2707 531 2722 .
551 2706 559 2720 .
583 2655 744 2720 abbatisse
768 2659 802 2719 et
825 2659 1000 2719 conventus
1023 2652 1311 2718 sanctimonialium
1334 2652 1368 2716 in
1391 2651 1536 2717 Oslawan
1561 2651 1753 2717 cistercien·

248 2759 291 2824 sis
314 2759 443 2840 ordinis,
455 2761 481 2839 ⁸)
505 2759 533 2824 si
556 2760 639 2840 quod
662 2764 754 2825 vacat
777 2759 818 2824 ad
840 2774 974 2842 presens
999 2758 1050 2822 vel
1074 2757 1303 2840 quamprimum
1322 2757 1491 2839 vacaverit,
1516 2756 1619 2821 eidem
1644 2755 1753 2836 digne·

247 2863 322 2929 mini
344 2863 592 2929 misericorditer
614 2864 791 2947 providere,
804 2881 874 2927 cum
897 2861 1130 2943 acceptatione,
1153 2859 1356 2943 inhibitione,
1374 2860 1601 2941 reservatione,
1625 2859 1754 2926 decreto

248 2974 281 3033 et
302 2968 446 3033 clausula
468 2967 622 3033 anteferri
656 2973 690 3035 et
721 2986 792 3032 cum
815 2966 959 3033 omuibus
982 2984 1045 3031 uon
1068 2965 1271 3031 obstantibus
1301 2970 1335 3029 et
1357 2964 1509 3030 clausulis
1532 2963 1697 3046 oportunis
1720 2969 1754 3027 et

249 3071 479 3154 executoribus,
501 3078 538 3137 ut
560 3072 592 3136 in
615 3071 723 3138 forma.

375 3193 457 3259 liat.
482 3191 557 3258 Sine
580 3194 645 3259 alia
666 3194 816 3261 lectione.
840 3193 912 3258 Fiat
936 3192 972 3258 G.
998 3193 1034 3256 D.
1053 3192 1137 3274 apud
1153 3193 1285 3256 Pontem
1302 3189 1412 3275 Sorgie
1429 3190 1655 3256 Aninioneusis
1671 3189 1751 3255 dioc.

251 3295 291 3361 Vl
312 3297 355 3363 id.
380 3297 460 3364 Maii
482 3317 509 3363 a.
534 3298 654 3380 quinto.

376 3486 408 3541 lt
429 3487 530 3556 Suppl.
547 3491 580 3541 27
599 3487 646 3543 fol.
668 3491 735 3543 118³.
760 3519 793 3528 -
816 3493 841 3555 a)
861 3490 892 3542 ln
904 3503 987 3557 marg.
1008 3486 1059 3541 sin.
1080 3485 1240 3540 adnotatum
1258 3491 1314 3539 est:
1342 3485 1478 3553 ,Attouda
1497 3483 1570 3555 quod
1589 3499 1643 3538 uon
1659 3483 1748 3552 ponit,

249 3571 324 3629 cuim
344 3573 423 3628 dioc‘.

900 3788 1104 3798 ——-.-—

249 3993 337 4060 606.
379 3993 543 4060 Venceslao
564 3993 725 4063 Joticnnie
747 3995 785 4060 de
807 3995 940 4077 Hnojiec
951 3998 977 4078 ⁸)
1001 4003 1183 4063 reservatur
1208 3989 1386 4073 beneficium
1413 3989 1657 4055 ecclesiasticum
1684 4009 1755 4054 cnm

249 4097 381 4162 celsino
404 4116 492 4177 caro,
515 4102 694 4164 consuetum
716 4099 836 4165 clericis
858 4100 1078 4167 soecularibus
1100 4097 1273 4180 ossipnari,
1297 4096 1386 4160 onias
1402 4098 1534 4177 fructus
1557 4094 1599 4159 25
1615 4113 1695 4175 resp.
1712 4095 1755 4158 18

251 4220 431 4266 marcarum
453 4201 578 4284 arpenti
599 4204 771 4269 secundnm
792 4205 989 4270 taxationem
1023 4206 1162 4271 decimae
1183 4201 1322 4267 colorem
1345 4219 1485 4264 annnam
1509 4218 1570 4262 non
1591 4197 1753 4265 excedunt,

250 4305 290 4369 od
311 4305 509 4372 collationem
531 4308 712 4374 abbatissae
733 4313 763 4373 ct
785 4315 951 4375 concentus
975 4310 1159 4375 monasterii
1189 4305 1288 4372 Voltis
1310 4324 1337 4370 s.
1361 4303 1490 4369 Murice
1512 4304 1548 4365 in
1572 4297 1755 4395 Osioounb)

252 4408 464 4476 Oiomnceneis
487 4411 564 4484 dioc.
583 4414 756 4496 pertinens,
791 4414 821 4479 ei
842 4419 935 4480 cacat
957 4414 1004 4479 cei
1026 4435 1096 4479 cnm
1118 4411 1287 4478 cccooerit.
1328 4405 1554 4488 ,Eociqentibns
1577 4408 1629 4469 tue
1646 4405 1754 4487 probi·

249 4514 342 4579 tatis“
371 4513 488 4597 „Apud
511 4516 640 4582 Pontem
656 4517 767 4599 Serpic
790 4518 1014 4585 Aninionensis
1034 4519 1110 4583 dioc.
1133 4518 1181 4580 Vl
1197 4516 1240 4579 id.
1266 4512 1348 4577 Maii
1371 4533 1401 4574 a.
1415 4512 1551 4594 quinto.“
1572 4548 1606 4556 -
1623 4509 1660 4573 In
1674 4530 1699 4573 c.
1712 4528 1753 4578 m.

248 4618 389 4701 episcopo
414 4616 611 4684 Olonncenei
632 4624 662 4685 et
679 4623 862 4705 praeposito
888 4621 1099 4688 Otomncensis
1123 4641 1160 4685 ao
1182 4619 1299 4683 decano
1320 4636 1345 4679 s.
1369 4614 1511 4697 Apricoti
1534 4613 1756 4679 Acinionensie

892 4726 1104 4793 ecclesiarum⁸

291 4857 414 4925 Gratis.
1009 4863 1105 4946 Apud
1128 4863 1256 4927 Pontem
1278 4857 1418 4942 coeptae,
1444 4858 1528 4921 1357
1552 4855 1636 4921 Maii
1659 4858 1709 4920 10.

376 5048 686 5104 anamelecitae.
708 5082 740 5091 -
769 5060 794 5119 Δ)
812 5053 952 5122 ,Hnogicn‘
981 5053 1041 5106 loco
1060 5049 1219 5106 cancellati:
1248 5048 1413 5118 ,Higowica‘
1432 5049 1482 5100 Ar.
1507 5046 1532 5111 b)
1552 5042 1684 5107 ,Oslauia‘
1704 5044 1753 5096 Ar.
