3990 6052
862 464 930 516 itti
946 459 1074 516 Januarii
1091 467 1143 516 22·
1713 468 1754 534 81

375 669 563 754 Supplicant
595 668 637 737 So
658 669 712 734 V¹⁰
728 670 834 735 devoti
868 675 1009 735 oratores
1031 671 1132 736 vestri
1155 670 1305 736 Nicolaus
1327 671 1510 753 prepositus
1534 677 1568 737 et
1591 672 1756 739 Conradus

245 776 334 858 prior
357 775 543 840 monasterii
565 792 590 839 s.
615 774 716 839 Marie
740 773 773 838 in
792 774 934 838 liudnicz
950 775 1070 840 ordinis
1093 793 1118 839 s.
1135 774 1306 857 Augustini
1323 775 1543 841 canonicorum
1559 777 1753 860 regularium

244 879 413 962 Pragensis
436 879 516 944 dioc.
543 898 599 961 pro
623 896 658 943 so
682 885 716 944 et
738 898 795 960 pro
818 878 971 944 iratribus
994 878 1282 958 conventualibus„
1305 881 1359 960 qni
1382 899 1464 946 nunc
1488 887 1571 956 sunt,
1596 887 1754 961 quatenus

245 984 324 1067 ipsis
347 983 565 1067 plenissimam
586 983 806 1048 remissionem
828 989 1030 1066 peccatomm
1046 983 1220 1049 concedere
1244 983 1416 1067 dignemini
1445 987 1545 1052 semel
1567 987 1599 1051 in
1620 986 1755 1051 articulo

245 1088 355 1153 mortis
379 1088 413 1152 in
436 1086 536 1153 forma
559 1087 654 1153 solita
676 1093 711 1153 et
733 1093 893 1154 consueta.

373 1210 447 1275 Fiat
478 1211 518 1275 de
553 1227 619 1293 seu,
650 1210 705 1291 qui
737 1209 940 1275 nominentur
968 1211 1001 1274 iu
1034 1211 1225 1275 cancellaria
1259 1210 1298 1278 G.
1335 1212 1379 1275 Et
1408 1212 1491 1292 quod
1518 1217 1662 1276 transeat
1685 1210 1754 1275 sine

247 1316 311 1381 alia
331 1315 485 1380 leccione.
509 1313 582 1379 Fiat
604 1314 640 1380 G.
664 1314 701 1378 D.
726 1314 884 1381 Auinione
908 1315 953 1379 XI
976 1314 1040 1379 lcal.
1064 1315 1228 1379 Februarii
1252 1335 1279 1378 a.
1304 1315 1452 1379 secundo.

376 1500 410 1554 R.
428 1498 454 1553 S.
473 1506 508 1555 25
527 1499 576 1556 iol.
595 1505 645 1555 lt‘.

897 1661 1100 1671 —-—-—-

246 1833 335 1901 192.
372 1833 504 1900 Carolus
530 1835 745 1898 Romanomm
774 1837 805 1897 ct
826 1831 998 1897 Bolsemiuc
1027 1855 1082 1902 rac
1112 1833 1282 1916 supplicat,
1307 1835 1460 1911 quatenns
1477 1831 1624 1913 personis
1647 1831 1752 1911 infra-

243 1938 373 2021 scriptis
395 1937 541 2003 remissio
559 1942 758 2021 peccatoram
788 1938 822 2001 in
851 1938 963 2003 mortis
985 1937 1120 2002 articulo
1149 1942 1178 2001 et
1202 1935 1431 2001 mansionariis
1463 1935 1550 2000 abari
1579 1954 1603 2000 s.
1628 1936 1756 2000 Mariae

540 2042 574 2106 in
596 2041 730 2106 ecclmia
753 2042 909 2123 Rapensi
931 2041 1074 2108 diversae
1094 2042 1221 2124 gratiae
1245 2039 1463 2105 concedantar.

1180 2181 1345 2260 Aniciana,
1371 2181 1455 2246 1354
1475 2178 1633 2249 Janaarn'i
1653 2182 1706 2244 22.

373 2371 539 2453 Supplicat
565 2368 605 2436 gu
626 2370 680 2435 V¹⁶
696 2372 829 2437 devotus
856 2371 940 2436 filius
963 2378 1070 2437 vester
1093 2373 1230 2438 Karalus
1249 2373 1459 2438 Romanomm
1476 2377 1510 2436 ct
1532 2371 1662 2436 Boemie
1685 2389 1751 2450 rex,

245 2482 401 2557 quatenns
442 2475 569 2542 dilectis
600 2476 667 2542 suuis
691 2476 896 2541 Wenozeslao
925 2474 1017 2540 fratri
1048 2496 1104 2542 suo
1136 2495 1284 2560 germano
1308 2482 1342 2540 et
1364 2476 1434 2540 eius
1456 2475 1556 2551 uxori,
1591 2474 1752 2540 Kazimiro

245 2579 316 2644 duci
338 2579 533 2663 Tessinensi,
566 2581 636 2648 eius
658 2579 757 2661 uxori,
788 2579 963 2645 Wladislao
986 2585 1061 2646 nato
1084 2580 1227 2647 eiusdem
1257 2581 1346 2645 ducis
1377 2587 1411 2646 et
1441 2579 1621 2645 Purchardo
1645 2578 1752 2644 comiti

244 2702 280 2748 ac
301 2684 470 2766 purgravio
494 2667 770 2768 Magdeburgensi,
801 2683 953 2766 magistro
984 2684 1071 2749 curie
1101 2703 1159 2750 sue
1188 2685 1317 2767 regalis,
1350 2690 1385 2749 et
1417 2684 1487 2748 eius
1510 2684 1600 2749 uxori
1623 2683 1749 2766 plenam

244 2787 461 2854 remissionem
484 2806 611 2855 suorum
634 2789 773 2857 omnium
796 2793 997 2870 peccatorum
1028 2789 1061 2853 in
1083 2790 1195 2854 mortis
1218 2789 1352 2854 articulo
1384 2787 1558 2871 dignemini
1584 2787 1750 2870 indulgere

245 2910 312 2956 curn
337 2891 488 2957 clausulis
511 2899 548 2958 ut
569 2893 603 2957 in
625 2892 736 2958 forma.

373 3014 446 3079 Fiat
467 3015 504 3081 G.

373 3118 453 3183 item
478 3118 644 3202 supplicat
674 3124 841 3201 quatenus,
872 3138 942 3184 cum
965 3118 1110 3184 redditus
1141 3123 1175 3184 et
1203 3123 1376 3200 proventus
1406 3116 1604 3198 precentoris
1635 3117 1749 3182 mansi·

244 3221 421 3288 onariornm
437 3223 523 3289 chori
539 3242 563 3288 s.
576 3224 677 3288 Mario
693 3224 825 3305 virginis
837 3224 871 3287 in
883 3224 1020 3288 ecclesia
1035 3223 1188 3306 Pragensi
1208 3222 1383 3305 peripsum
1407 3239 1515 3304 regem
1539 3221 1657 3286 dudum
1679 3220 1749 3286 inn-

244 3326 317 3393 date
338 3332 374 3392 et
397 3327 497 3392 eciam
528 3328 637 3392 dotate
668 3328 734 3392 sint
763 3328 993 3408 aliquantulum
1017 3333 1131 3392 tenues
1154 3334 1188 3393 ct
1210 3327 1321 3408 ardes,
1353 3325 1527 3408 dignemini
1551 3326 1591 3389 ad
1616 3325 1683 3409 hoc,
1713 3332 1750 3390 ut

245 3436 412 3512 precentor
434 3432 578 3496 eiusdem
601 3432 697 3513 chori,
722 3433 775 3512 qui
799 3431 886 3496 aliud
909 3431 1097 3496 beneficium
1119 3430 1371 3496 ecclesiasticum
1394 3450 1464 3496 cum
1484 3430 1596 3494 eadem
1618 3447 1748 3511 precen-

245 3535 335 3615 toris,
363 3536 566 3602 ordinacione
590 3543 625 3601 et
654 3536 884 3602 constitucione
914 3536 948 3600 in
970 3535 1072 3617 prima
1093 3536 1194 3617 ipsius
1218 3534 1418 3617 precentorie
1445 3533 1633 3598 fundacione
1656 3531 1750 3596 iactis

244 3644 277 3704 et
305 3657 364 3723 per
387 3640 495 3706 sedem
525 3630 732 3723 apostolicam
764 3638 956 3706 confirmatis
988 3639 1195 3722 obstantibus,
1226 3639 1326 3703 eciam
1357 3636 1574 3720 dispensative
1605 3636 1749 3702 obtinere

244 3761 304 3809 uon
326 3749 444 3826 potest,
468 3744 584 3810 divims
606 3745 725 3809 ibidem
749 3743 861 3810 officiis
884 3745 1073 3827 diligencius
1095 3744 1245 3810 insistere
1268 3743 1371 3826 possit
1393 3748 1426 3808 et
1448 3741 1564 3823 vulcat,
1591 3759 1684 3806 unam
1708 3759 1748 3805 ex

245 3847 413 3928 prebendis
436 3846 599 3932 [ecclesio]
625 3847 897 3931 wissegradensis
920 3865 1019 3931 prope
1046 3850 1177 3931 Pragam
1201 3853 1263 3911 etc.
1287 3846 1322 3931 (l)

373 3968 445 4034 Non
467 3967 529 4033 luit
551 3969 685 4051 signata,
709 3969 767 4033 sed
789 3968 851 4033 fuit
872 3969 979 4052 posita
1000 3988 1057 4052 pro
1081 3967 1299 4034 declaratione
1322 3967 1583 4048 subsequentis-r

373 4089 455 4155 Item
478 4091 646 4174 supplicat,
677 4095 843 4172 quatenus,
876 4110 947 4156 cum
977 4089 1047 4172 ipse
1077 4089 1110 4154 in
1133 4090 1316 4172 supradicto
1347 4090 1442 4155 choro
1464 4091 1559 4156 beate
1582 4088 1684 4153 Marie
1708 4088 1748 4154 de

245 4213 322 4261 novo
345 4193 528 4260 fundaverit
550 4202 584 4261 et
607 4195 747 4261 erexerit
770 4196 832 4261 tria
855 4197 971 4261 altaria
993 4195 1032 4260 de
1058 4212 1213 4261 consensu
1244 4200 1350 4260 tamen
1381 4191 1611 4276 archiepiscopi
1641 4198 1674 4256 et
1697 4211 1748 4256 ca·

245 4298 335 4379 pituli
357 4299 493 4365 ecclesie
519 4300 686 4381 Progensis
709 4321 765 4384 pro
789 4319 846 4366 sue
870 4317 1060 4381 suorumque
1083 4300 1320 4383 progenitorum
1344 4318 1380 4363 ac
1403 4298 1503 4363 eciam
1535 4318 1591 4380 pro
1615 4298 1747 4362 duarum

245 4404 303 4468 iarn
326 4403 545 4469 defunctorum
563 4405 774 4471 Romanorum
797 4412 831 4471 et
846 4405 977 4471 Boemie
999 4405 1190 4486 reginarum,
1213 4410 1393 4470 consortum
1409 4422 1546 4486 suarum,
1571 4402 1746 4467 animarum

245 4507 346 4574 salute
370 4507 527 4590 dictisque
551 4510 731 4590 precenton'
755 4516 789 4575 et
811 4508 1033 4574 mansionariis
1055 4527 1113 4591 pro
1135 4509 1215 4592 ipsis
1239 4508 1392 4574 altaribus
1422 4513 1456 4572 et
1482 4507 1580 4571 certis
1603 4505 1747 4570 annivsr·

245 4611 335 4676 sariis
358 4611 477 4676 ibidem
500 4618 655 4695 perpetuo
678 4613 868 4696 peragendis
891 4614 931 4678 de
955 4630 1035 4679 novo
1057 4612 1091 4677 in
1114 4613 1220 4679 dotem
1251 4614 1408 4695 quandam
1431 4611 1539 4677 villam
1563 4629 1619 4676 seu
1642 4617 1747 4677 certos

244 4723 413 4799 perpetuos
436 4734 558 4781 annuos
580 4717 735 4797 redditus,
766 4724 861 4800 prout
889 4735 948 4800 per
977 4717 1089 4782 literas
1112 4718 1256 4782 eiusdem
1285 4717 1370 4800 regis
1401 4723 1436 4783 et
1458 4716 1687 4799 archiepiscopi
1711 4735 1747 4780 ac

245 4821 371 4904 capituli
395 4821 608 4903 predictomm
638 4839 734 4904 super
763 4823 823 4888 hoc
853 4821 1013 4888 coniectas
1043 4822 1169 4905 plenius
1192 4828 1327 4904 constat,
1359 4820 1541 4903 assignavit,
1572 4819 1746 4902 dignemini

245 4923 472 5007 fundacionem,
496 4926 701 5003 ereccionem,
727 4928 924 4994 dotacionem
941 4934 975 4993 et
990 4929 1239 5012 assignacionem
1263 4927 1442 4993 huiusmodi
1459 4926 1649 4990 auctoritate
1672 4944 1745 5007 apo-

246 5030 355 5095 stolica
387 5047 427 5093 ex
458 5040 546 5094 certa
576 5031 713 5095 sciencia
743 5037 830 5096 ratas
860 5039 894 5097 et
924 5039 1032 5115 gratm
1061 5033 1180 5098 habero
1209 5038 1243 5096 et
1269 5031 1462 5113 confirmare,
1498 5030 1683 5113 supplentes
1707 5048 1746 5094 ex

246 5140 329 5199 certa
363 5134 502 5199 sciencia
534 5154 657 5201 omnem
690 5136 857 5220 delectum,
891 5137 918 5201 si
949 5138 1021 5218 quis
1050 5136 1259 5202 intervenerit
1291 5135 1324 5200 in
1360 5136 1491 5216 eisdem,
1526 5153 1596 5200 cum
1631 5136 1746 5201 ceteris

246 5236 392 5303 clausulis
416 5240 590 5319 oportunis.

371 5359 445 5424 Fiat
467 5358 504 5425 G.
