3944 6060
1615 441 1735 542 111111

812 683 844 748 0.
871 683 1009 749 Litterae
1031 690 1174 750 secretae.

238 887 240 891 ’
363 859 505 923 Litterae
529 863 672 922 secretae
696 852 799 939 quoad
822 857 953 924 16116616
978 857 1009 921 16
1034 863 1100 922 1166
1123 859 1295 940 praecipue
1312 864 1419 940 partes
1436 865 1511 923 suut
1529 858 1735 923 dividendae:

232 966 266 1037 6)
290 961 452 1043 epistolas,
475 960 506 1040 11)
531 961 689 1044 16661616,
714 964 744 1042 6)
766 962 901 1027 litteras.
928 961 1108 1026 Deformis
1131 962 1338 1044 epistolarum
1362 968 1396 1026 et
1418 962 1637 1028 mandatorum
1654 968 1735 1027 trac-

233 1067 363 1130 tandum
387 1085 449 1130 non
472 1065 549 1130 mibi
573 1085 652 1148 opus
675 1066 810 1148 ridetur,
844 1066 955 1148 primo,
994 1067 1069 1147 quia
1102 1085 1121 1130 6
1154 1065 1263 1131 formis
1298 1067 1492 1148 generaliter
1522 1066 1650 1131 usitatis
1673 1085 1736 1131 non

233 1171 325 1235 valde
348 1169 510 1252 differunt,
534 1170 659 1253 deinde,
683 1171 757 1252 quia
780 1171 986 1252 epistolarum
1010 1177 1188 1235 16661666
1211 1171 1250 1235 de
1274 1170 1345 1235 fixis
1367 1170 1736 1251 1616611661616666116,

233 1279 269 1338 ut
291 1281 383 1339 tenor
403 1275 583 1339 litterarum
608 1274 647 1339 de
671 1275 774 1358 gratia
797 1275 1003 1357 componitur,
1023 1262 1085 1339 'sed
1109 1274 1254 1338 solutiori
1278 1274 1352 1338 stilo
1369 1274 1542 1340 secundum
1558 1275 1735 1355 materiam,

233 1378 272 1442 de
295 1397 356 1458 qua
380 1384 546 1452 tractatur,
570 1377 745 1443 conficitur.

363 1500 410 1563 De
433 1499 551 1564 litteris
574 1499 708 1564 secretis
732 1499 789 1564 hoc
811 1492 897 1565 tomo
920 1498 1005 1582 typis
1029 1499 1113 1564 datis
1136 1498 1241 1563 media
1263 1517 1337 1580 pars
1361 1497 1401 1563 de
1425 1499 1521 1564 variis
1543 1498 1664 1564 litteris
1681 1517 1733 1562 res

234 1621 376 1666 camerae
401 1603 594 1685 apostolicae
607 1603 811 1685 tangentibus
824 1603 988 1668 conficitur
1022 1600 1092 1667 Non
1105 1602 1234 1666 minima
1250 1620 1323 1684 pars
1339 1602 1451 1667 talium
1468 1603 1647 1668 litterarum
1663 1607 1738 1666 suut

233 1706 403 1771 facultates
426 1707 520 1771 datae
543 1706 765 1773 collectoribus
789 1713 847 1771 aut
869 1707 976 1772 missis
1002 1706 1187 1790 apostolicis
1219 1706 1366 1788 exigendi
1389 1713 1423 1771 et
1445 1707 1620 1789 recipiendi
1642 1723 1737 1789 pecu·

234 1810 302 1874 nias
339 1815 373 1875 et
394 1809 516 1875 fructus
550 1812 589 1875 ad
624 1829 780 1875 cameram
817 1811 1027 1894 apostolicam
1064 1810 1265 1893 pertinentes
1299 1816 1334 1874 et
1366 1809 1510 1890 quitandi
1541 1811 1581 1875 de
1610 1811 1740 1875 eisdem.

234 1914 353 1990 Forma,
378 1932 440 1995 qua
462 1914 557 1979 6116111
580 1920 724 1996 potestas
749 1915 912 1979 antedicta
936 1933 955 1978 6
979 1915 1057 1979 sede
1082 1913 1258 1995 apostolica
1281 1914 1384 1995 datur,
1407 1913 1456 1977 his
1481 1914 1586 1979 verbis
1602 1914 1735 1996 exprimi

234 2017 329 2082 solet:
356 2017 432 2096 ,11111
466 2017 610 2099 quitandi
645 2025 678 2082 61
701 2019 885 2082 absolvendi
911 2017 1093 2099 (liberandi)
1117 2017 1155 2081 N.
1181 2017 1218 2082 N.
1243 2017 1283 2082 de
1306 2016 1377 2093 hiis,
1410 2035 1491 2098 quae
1515 2019 1554 2082 ab
1578 2017 1625 2081 eis
1648 2034 1736 2081 rece-

233 2121 318 2203 peris
341 2128 437 2203 111666
461 2122 519 2186 tibi
541 2120 774 2206 tradiderint).
795 2169 801 2183 .
822 2171 855 2186 ..
891 2121 1018 2203 plenam
1053 2119 1255 2186 concedimus
1289 2126 1400 2186 tenore
1432 2121 1651 2203 praesentium
1681 2140 1736 2204 po-

234 2231 385 2290 testatem
410 2224 653 2306 (facultatem)“.
700 2224 734 2289 si
756 2231 900 2308 potestas
924 2225 998 2289 talis
1021 2224 1138 2289 nuncio
1161 2223 1257 2289 611661
1289 2243 1308 2288 6
1330 2224 1407 2288 sede
1432 2225 1608 2306 apostolica
1630 2224 1736 2294 misso.

232 2334 268 2393 nt
290 2328 442 2410 pecunias
466 2328 505 2393 ad
529 2346 686 2394 cameram
710 2329 917 2412 apostolicam
941 2329 1141 2411 pertinentes
1164 2329 1204 2393 ad
1230 2328 1339 2393 sedern
1362 2329 1569 2410 apostolicam
1600 2327 1736 2412 deferat,

234 2433 335 2510 datur,
370 2433 480 2498 littera
511 2434 585 2498 talis
617 2434 758 2498 mandati
780 2432 912 2498 formam
935 2433 1041 2510 habet,
1077 2452 1138 2514 quo
1161 2432 1276 2497 nuncio
1299 2432 1476 2514 mandatur,
1510 2439 1546 2497 ut
1568 2432 1736 2515 pecuniam

234 2537 350 2602 dictam
373 2537 517 2620 recipiat.
565 2538 599 2601 lu
630 2537 692 2601 fine
727 2538 869 2603 rnandati
905 2543 1050 2619 potestas
1085 2536 1270 2602 absolvendi
1304 2542 1339 2601 ot
1373 2536 1518 2618 quitandi
1542 2537 1600 2602 tali
1623 2537 1738 2602 nuncio

236 2641 428 2709 conceditur.

364 2745 398 2810 Si
420 2743 555 2809 16661166
578 2745 653 2810 16116
676 2745 900 2810 collectoribus
923 2745 1009 2809 sedis
1033 2744 1227 2827 apostolicae
1250 2743 1444 2825 inscribitur,
1466 2742 1633 2808 formulam
1649 2748 1737 2808 61116-

237 2849 351 2913 dictam
375 2849 439 2913 alia
461 2850 632 2931 antecedit,
655 2868 717 2930 qua
739 2849 903 2914 collectori
926 2849 1112 2914 conceditur
1135 2853 1280 2931 potestas
1304 2847 1444 2929 petendi,
1476 2849 1635 2930 exigendi,
1659 2848 1737 2912 reci·

237 2953 343 3035 piendi
365 2973 385 3017 a
406 2954 553 3035 116166616
576 2953 813 3033 66616616611616,
853 2953 1012 3035 capitulis,
1051 2953 1269 3029 conventibus,
1305 2951 1447 3034 collegiis
1477 2952 1682 3035 pecuniarum
1705 2957 1739 3016 et

238 3074 340 3120 rerum
363 3057 576 3137 quarumlibet
598 3057 795 3138 quantitates
811 3063 846 3122 61
861 3075 999 3122 66161666
1014 3057 1170 3122 ecclesiae
1188 3057 1348 3121 Romanae
1365 3055 1476 3136 quovis
1492 3056 1590 3121 titulo
1603 3056 1737 3122 debitas,

237 3158 338 3240 10661.
362 3179 409 3224 61.
432 3163 492 3227 281
520 3164 664 3240 61418.)
702 3162 738 3225 ln
761 3161 902 3226 editione
925 3162 1186 3227 66611611116166
1209 3164 1365 3233 66616166,
1388 3160 1451 3225 1616
1475 3161 1559 3225 116116
1581 3160 1737 3242 exceptis,

238 3263 268 3326 in
291 3270 424 3328 extenso
448 3264 533 3346 typis
557 3265 683 3358 dantur.

862 3455 904 3518 D.
930 3453 1121 3519 Carneraliu.

368 3629 415 3691 De
438 3626 557 3691 litteris
580 3632 614 3691 et
638 3627 717 3691 66116
740 3644 883 3690 66166166
908 3627 1101 3708 apostolicae
1125 3627 1157 3690 iu
1181 3626 1328 3709 registris
1351 3626 1578 3707 obligationum
1602 3627 1736 3690 616616-

239 3732 356 3795 tionum
379 3737 413 3795 61
435 3731 526 3796 libris
548 3731 702 3796 introitus
726 3736 760 3795 et
783 3731 888 3796 exitus
919 3748 978 3794 uec
1008 3750 1070 3795 uon
1102 3730 1293 3796 collectoriis
1317 3729 1488 3812 descriptis
1511 3714 1682 3810 sequentes
1705 3731 1738 3794 16

241 3835 379 3901 editione
401 3840 511 3901 nostra
534 3836 664 3918 saepius
687 3841 873 3901 occurrunt:
1406 3843 1409 3849 “

372 3962 396 4023 l.
424 3956 638 4038 Oblipetiones
668 3958 866 4022 servit-iorum
900 3960 927 4020 et
951 3958 1149 4020 6666161616
1184 3955 1415 4021 661166161616.
1453 3955 1739 4037 Aquibuscunque

240 4061 389 4142 praelatis
412 4062 577 4127 occasione
601 4060 852 4126 consecrationis
875 4078 984 4124 eorum
1001 4058 1141 4141 servitia,
1164 4059 1437 4140 aquibuscunque
1453 4057 1661 4140 beneficiatis,
1685 4058 1738 4140 qui

240 4165 435 4239 beneficium,
469 4165 559 4230 cuius
582 4165 721 4247 provisio
757 4182 943 4245 quocunqne
977 4163 1071 4228 titulo
1109 4164 1149 4227 ad
1183 4163 1292 4228 sedem
1317 4162 1522 4245 apostolicam
1546 4162 1737 4244 pertinebat,

241 4269 376 4358 assecuti
399 4274 483 4352 sunt,
507 4275 643 4334 auratae
667 4287 810 4333 camerae
834 4267 1028 4351 apostolicae
1052 4268 1224 4331 solvendae
1248 4274 1348 4332 61661.
1373 4266 1601 4350 Obligationes,
1624 4265 1738 4348 quibus

241 4373 372 4453 praelati
396 4374 437 4439 ad
460 4373 592 4438 servitia
615 4372 767 4439 solvenda
790 4391 825 4437 66
848 4372 1078 4454 obligaverunt,
1102 4371 1196 4435 huius
1219 4371 1340 4436 tenoris
1364 4376 1470 4437 eraut:

370 4493 458 4577 ,Tali
481 4494 542 4573 die,
567 4493 750 4572 indictione,
776 4512 867 4572 anuo,
892 4493 1037 4557 dominus
1060 4493 1097 4556 N.
1121 4493 1267 4575 promisit
1288 4510 1345 4576 pro
1362 4510 1419 4557 suo
1435 4493 1590 4556 communi
1607 4493 1738 4558 servitio

243 4599 361 4678 11161..
409 4602 661 4681 .1116661616166
685 4600 773 4679 6666)
792 4649 799 4664 .
819 4648 826 4662 .
847 4648 880 4662 ..
915 4597 1093 4663 111616666
1117 4597 1185 4661 6611
1209 4598 1292 4661 6111
1328 4597 1460 4662 66111116
1483 4601 1644 4673 66666616,
1676 4596 1737 4660 sol·
1795 4591 1797 4596 ’

242 4702 339 4766 reuda
362 4702 508 4766 terminis
530 4702 666 4766 talibus“
693 4699 885 4786 (sequuntur
907 4701 1045 4780 termini,
1070 4683 1193 4782 quibus⁴
1208 4702 1305 4766 debet
1327 4701 1474 4777 solvere).

369 4804 540 4881 (066161.
569 4808 657 4882 150.)

367 4926 596 5010 obligationes,
620 4928 734 5010 quibus
757 4927 939 4993 beneficiati
962 4927 1002 4991 ad
1025 4931 1160 4991 annates
1183 4927 1352 4990 solvendas
1376 4943 1410 4989 se
1427 4926 1657 5007 obligaverunt,
1680 4925 1739 4990 hoc

243 5029 329 5095 modo
352 5031 614 5097 conficiebantur:
649 5033 780 5113 ,Actum
804 5032 952 5113 1116616,
982 5030 1014 5094 in
1038 5030 1130 5095 domo
1154 5029 1271 5093 domini
1296 5028 1343 5105 N,
1368 5029 1475 5093 clerici
1499 5048 1642 5094 camerae
1665 5049 1738 5111 apo·

242 5133 369 5199 stolicae
392 5154 474 5200 anno
497 5141 566 5212 etc,
601 5154 665 5217 qua
696 5135 747 5199 dic
782 5133 818 5198 N.
842 5134 879 5197 N.
904 5133 1052 5216 promisit
1085 5132 1209 5197 solvere
1234 5131 1360 5213 (1166111
1395 5133 1519 5197 1611666
1549 5132 1738 5215 provisionis

243 5236 298 5300 sibi
320 5237 423 5302 factae
447 5239 487 5303 de
511 5239 567 5304 tali
591 5238 744 5303 beneficio
767 5243 802 5301 et
824 5238 981 5318 promisit)
1014 5255 1159 5301 camerae
1190 5237 1383 5319 apostolicae
1402 5287 1409 5301 .
1430 5290 1436 5301 .
1458 5288 1489 5300 ..
1516 5239 1585 5319 (pro
1609 5236 1738 5300 annuali

243 5338 562 5421 11611116)1111616666
589 5342 656 5405 6611
692 5342 732 5406 de
767 5342 929 5406 Florentia
962 5341 1112 5423 ponderis
1147 5341 1337 5422 sententiae,
1372 5345 1506 5419 (taxum)
1541 5340 1738 5420 1611161166
