3944 6060
245 471 305 536 124
835 469 906 522 Acta
926 466 1079 522 Innocentii
1099 466 1143 518 vl.

241 679 334 745 304.
360 679 513 760 Episcopo
538 677 697 741 Mindcnss'
718 677 901 752 mandatur,
935 681 1088 757 quotenus
1110 675 1254 741 Johaani
1284 675 1419 755 Scopam
1444 671 1665 755 parochialem
1695 692 1745 736 ec-

647 780 773 844 clesiam
797 782 831 843 ia
853 782 964 845 Mudov
988 779 1173 862 (Moschus)
1195 782 1338 843 reservet.

289 870 365 990 dxl.
1147 915 1308 999 Aricinae,
1330 918 1418 980 1354
1441 915 1626 981 Novembris
1648 919 1701 982 22.

345 1113 423 1175 Ven.
447 1110 482 1174 fr.
501 1160 530 1173 ..
554 1111 703 1192 episcopo
733 1110 892 1175 Miudensi
922 1111 1058 1175 salutem
1081 1117 1141 1176 etc.
1179 1111 1313 1192 Dignum
1337 1109 1608 1174 arbitramur...
1630 1158 1637 1170 .
1663 1106 1741 1172 Cum

241 1216 349 1296 itaque
373 1215 580 1298 parrochialis
604 1215 739 1278 ecclesia
760 1214 792 1278 in
818 1215 996 1280 Muschoue
1019 1214 1238 1280 Olomuoeusis
1270 1214 1356 1294 dioc,
1391 1232 1483 1294 quam
1507 1213 1536 1276 d.
1560 1212 1579 1276 f.
1603 1212 1742 1278 lacobus

242 1320 364 1383 electus
387 1319 562 1383 Feltrensis
596 1327 629 1383 et
659 1319 849 1382 Beluuensis
880 1324 1022 1401 tempore
1053 1318 1263 1402 promotionis
1296 1336 1354 1400 per
1383 1336 1441 1381 nos
1465 1318 1547 1382 lacte
1570 1333 1676 1399 nuper
1700 1318 1739 1383 de

241 1424 311 1506 ipso
335 1424 375 1488 ad
398 1423 564 1488 ecclesiam
589 1423 786 1487 Feltrensem
810 1429 844 1486 et
867 1423 1089 1490 Beluneusem,
1114 1439 1174 1502 que
1198 1421 1348 1485 canonice
1371 1426 1446 1484 sunt
1469 1420 1568 1499 unite,
1591 1425 1668 1484 tuuc
1688 1440 1743 1503 pa-

242 1535 328 1593 store
351 1534 507 1608 carentes,
539 1527 712 1608 obtinebat,
735 1527 818 1591 sicut
847 1527 972 1591 obtinet
1001 1525 1112 1601 adhuc,
1147 1543 1205 1607 per
1235 1524 1413 1590 huiusmodi
1444 1524 1678 1606 promocionem
1709 1531 1743 1588 et

242 1631 493 1696 consecracionis
515 1650 630 1695 munus
652 1632 887 1713 suscipiendum
911 1633 950 1696 ab
973 1650 1011 1696 eo
1034 1630 1067 1695 in
1089 1631 1177 1695 brevi
1200 1648 1312 1694 vacare
1336 1634 1492 1711 speretur,
1516 1647 1574 1694 nos
1596 1628 1743 1694 volentes

242 1754 408 1818 personam
432 1737 462 1800 d.
477 1735 497 1799 i.
513 1735 667 1801 lobannis
690 1734 830 1818 Steynen
853 1737 1031 1819 presbyteri
1055 1734 1227 1799 Misnensis
1250 1734 1341 1814 dioc,
1365 1733 1494 1813 nullum,
1516 1740 1553 1797 nt
1576 1732 1740 1814 asseritur,

167 1842 174 1855 ⁴
242 1839 426 1905 heneficium
461 1840 710 1905 ecclesiasticum
745 1840 893 1920 assecuti,
915 1890 921 1904 .
942 1893 948 1904 .
969 1890 1002 1903 ..
1032 1838 1192 1903 favoribus
1222 1838 1371 1920 prosequi
1395 1837 1558 1919 graciosis,
1591 1837 1740 1902 fraterni·

240 1947 300 2010 tati
323 1951 430 2010 tue..
451 1999 458 2011 .
481 1996 487 2009 .
511 1946 704 2025 mandamus,
727 1950 883 2026 quatenus
902 1997 908 2008 .
929 1993 935 2004 .
957 1994 989 2006 ..
1015 1944 1189 2026 predictam
1213 1942 1442 2024 parrochialem
1465 1941 1644 2026 ecclesiam,
1669 1960 1740 2007 cnm

241 2050 341 2132 ipsam
375 2050 530 2132 premisso
554 2049 604 2113 vel
627 2049 690 2113 alio
714 2049 949 2129 quovismodo,
985 2055 1186 2130 preterquam
1210 2066 1268 2128 per
1290 2047 1391 2127 ipsius
1414 2046 1510 2111 electi
1533 2047 1664 2123 obitum,
1689 2066 1741 2111 va·

242 2170 313 2218 care
347 2153 525 2236 configent,
561 2152 645 2217 dicto
667 2152 805 2218 iohanni
828 2151 1050 2218 conferendam
1070 2204 1076 2215 .
1099 2201 1104 2211 .
1124 2201 1156 2214 ..
1182 2150 1347 2215 collacioni
1377 2156 1412 2215 et
1445 2151 1651 2232 disposicioni
1687 2156 1740 2216 tue

241 2256 432 2322 auctoritate
457 2257 632 2338 apostolica
654 2274 826 2323 reserves.
848 2309 854 2322 .
874 2309 907 2322 ..
946 2258 984 2323 l).
1008 2255 1166 2321 Aninione
1189 2255 1219 2318 X
1241 2254 1303 2319 kal.
1329 2255 1513 2320 Decembris
1537 2274 1565 2319 a.
1590 2256 1741 2321 secundo.

368 2446 400 2499 R.
419 2447 469 2498 Aa.
489 2449 538 2500 128
557 2446 603 2501 fol.
622 2453 681 2507 322.
701 2447 731 2501 R.
750 2447 812 2501 Vet.
832 2453 882 2501 226
900 2446 946 2502 fol.
967 2452 1007 2500 62.

237 2831 328 2895 305.
355 2827 486 2894 Carolus
514 2832 722 2895 llomonorurrr
745 2837 775 2895 et
801 2833 968 2897 sclemiae
989 2851 1046 2896 rex
1059 2831 1229 2914 supplicat,
1254 2833 1406 2909 quotenus
1422 2828 1644 2912 infrascriptis
1666 2852 1740 2912 pcr-

667 2938 752 2999 sonis
775 2936 900 3000 diversa
923 2934 1070 3017 beneficia
1094 2939 1308 3014 conferuntur.

1142 3074 1304 3152 Abitinae,
1327 3074 1413 3139 1354
1437 3072 1620 3138 Novembris
1642 3077 1697 3140 22.

367 3261 531 3344 Supplicat
553 3260 593 3326 Sti
615 3262 666 3325 Vre
684 3263 817 3329 devotus
840 3265 924 3329 filius
935 3270 1043 3329 vester
1059 3264 1194 3329 Karolus
1210 3266 1420 3330 Romanorum
1444 3271 1478 3329 et
1500 3264 1655 3330 Bohemie
1672 3283 1741 3344 rex,

237 3372 393 3445 quatenus
424 3367 540 3430 dilecto
571 3367 735 3449 capellano
765 3387 822 3433 suo
853 3368 983 3434 Nicolao
1014 3370 1053 3433 de
1078 3368 1239 3435 Chremsir
1272 3370 1311 3434 de
1342 3369 1495 3434 beneficio
1519 3369 1742 3436 ecclesiastico

237 3489 307 3534 cum
331 3489 406 3534 cura
428 3470 479 3535 vel
502 3472 570 3536 siue
595 3491 678 3555 cura,
713 3479 844 3539 vacante
869 3473 919 3538 vel
942 3479 1101 3553 vacaturo,
1136 3475 1235 3537 eciam
1260 3474 1286 3539 si
1310 3474 1449 3556 dignitas
1473 3474 1524 3537 vel
1546 3479 1743 3556 personatus

237 3574 269 3637 in
292 3574 398 3655 aliqua
421 3576 590 3658 collegiata
612 3578 748 3641 ecclesia
771 3580 898 3656 existat,
934 3583 1098 3660 spectante
1122 3579 1328 3643 communiter
1351 3579 1402 3642 vel
1426 3577 1552 3642 divisim
1575 3578 1616 3642 ad
1641 3578 1739 3644 colla·

238 3679 412 3744 cionem..
437 3731 468 3742 ..
494 3681 654 3745 abbatisse
677 3688 711 3745 et
734 3690 907 3747 conventus
930 3682 1113 3746 nronasterii
1141 3682 1324 3746 roonialium
1347 3681 1504 3746 Porteceli
1527 3682 1558 3745 in
1574 3682 1738 3749 Taschne-

236 3783 344 3862 wion·)
381 3782 602 3850 Cisterciensis
637 3785 757 3850 ordinis
798 3786 1018 3852 Olomucensis
1054 3787 1133 3851 dioc.
1170 3784 1341 3867 dignemini
1377 3786 1552 3868 providere,
1588 3804 1653 3851 nou
1688 3788 1742 3852 ob·

236 3893 352 3967 stante,
387 3888 469 3968 quod
494 3889 710 3953 carronicatum
746 3891 803 3954 suh
828 3891 1054 3972 expectacione
1077 3889 1237 3972 prebende
1260 3889 1292 3952 in
1317 3889 1519 3953 Olomuceusi
1550 3907 1587 3952 ac
1609 3891 1742 3955 canoni·

236 3997 340 4056 catum
354 3990 413 4075 [et]
430 3993 622 4073 prebendam
647 4011 670 4055 s
685 3993 772 4056 Petri
795 3995 826 4057 in
843 3994 972 4057 Brunna
995 3993 1140 4058 ecclesiis
1164 4012 1221 4057 rrec
1238 4012 1299 4057 nnn
1316 3992 1544 4075 parrochialem
1567 3992 1741 4058 ecclesiam

236 4095 268 4158 in
299 4093 424 4168 Bacabl
464 4095 682 4159 Olornuceusis
718 4097 797 4160 dioc.
833 4099 974 4162 noscitur
1007 4099 1161 4177 obtinere,
1197 4116 1289 4177 quam
1313 4097 1542 4178 parrochialem
1566 4097 1740 4163 ecclesiam

235 4206 365 4281 paratus
389 4206 439 4262 est
462 4200 633 4279 dimittere,
656 4219 725 4264 cunr
743 4202 931 4267 auctoritate
949 4203 1147 4283 presencium
1165 4201 1342 4265 huiusmodi
1359 4201 1545 4265 beneficium
1562 4206 1618 4265 aut
1634 4201 1740 4284 digui-

235 4308 333 4367 tatem
357 4304 407 4366 vel
431 4310 634 4384 personatum
657 4303 754 4369 fuerit
776 4304 905 4386 pacifice
928 4314 1102 4385 assecutus,
1126 4306 1258 4385 aliisque
1279 4324 1340 4369 uon
1368 4304 1567 4369 obstantibus
1590 4309 1625 4368 et
1650 4305 1739 4370 clau·

236 4407 314 4471 sulis
338 4408 501 4489 oportunis
524 4425 560 4470 ac
583 4408 814 4474 executoribus.

366 4528 438 4593 Fiat
461 4528 498 4593 G.

363 4650 442 4715 item
466 4651 624 4734 supplicat
647 4649 687 4716 5¹¹
710 4652 771 4724 Vn,
789 4659 944 4733 quatenus
969 4654 1085 4717 dilecto
1102 4671 1158 4718 suo
1178 4654 1269 4718 Petro
1286 4652 1455 4716 laurencii
1474 4651 1647 4734 specialem
1664 4672 1737 4736 gra·

136 4768 150 4780 ·
232 4755 311 4820 ciam
334 4755 497 4834 facientes,
522 4755 718 4836 dignitatem,
743 4763 946 4839 personatum
969 4758 1019 4822 vel
1043 4756 1188 4836 osticium,
1227 4762 1424 4838 spectantem
1448 4756 1499 4820 vel
1522 4762 1673 4839 spectans
1697 4758 1740 4824 ad

233 4859 437 4924 collacionem
460 4865 518 4922 etc.
552 4859 691 4941 episcopi
716 4858 944 4939 Olomucensis,
978 4869 1142 4925 vacantem
1167 4862 1215 4923 vel
1239 4867 1422 4925 vacaturum
1446 4861 1480 4925 in
1502 4860 1639 4926 ecclesia
1663 4860 1741 4928 Olo-

233 4964 372 5028 mucensi
397 4963 446 5027 vel
470 4970 569 5045 extra,
600 4963 823 5027 conferendum
855 4966 916 5030 sihi
946 4966 1111 5029 donaciani
1135 4965 1308 5046 apostolice
1332 4964 1532 5048 [dignemini]
1556 4981 1739 5041 reservare,

231 5068 472 5148 non10bstaute,
496 5066 578 5147 qrrod
602 5067 831 5148 parrochialem
856 5069 1022 5132 ecclesiam
1047 5069 1079 5131 in
1106 5069 1259 5132 Braslaws
1276 5077 1302 5136 ⁰)
1318 5088 1353 5131 ac
1370 5069 1588 5132 canonicatum
1605 5070 1665 5135 sub
1682 5089 1737 5134 ex·

231 5171 415 5253 pectaciona
439 5171 600 5252 prehende
624 5171 656 5234 in
680 5171 815 5234 ecclesia
838 5190 863 5234 a.
886 5172 970 5235 Petri
994 5172 1026 5235 iu
1050 5172 1178 5235 Brruma
1203 5170 1422 5235 olomucensis
1444 5171 1523 5236 dioc.
1539 5172 1735 5239 auctoritate

230 5275 391 5339 ordinaria
432 5275 565 5353 obtinet,
610 5292 680 5336 curu
723 5275 867 5338 omuibus
901 5276 972 5339 aliis
1008 5294 1069 5339 uon
1105 5276 1303 5340 obstantibus
1342 5282 1375 5338 et
1412 5275 1563 5340 clausulis
1603 5276 1737 5356 quibus·

232 5397 364 5461 cunque.
