3944 6060
871 487 937 539 1317
954 484 1113 540 Decembris
1130 490 1155 538 t,
1700 490 1765 555 165

262 696 350 763 614.
376 693 508 762 Carolus
532 695 746 760 Romanorum
768 696 940 779 imperator
961 700 990 759 61
1013 693 1185 760 Bobcroice
1206 713 1263 759 rec
1284 695 1454 778 supplicat,
1477 701 1631 779 quatenus
1653 696 1762 782 iufra-

585 800 715 883 scriptis
732 800 881 882 personis
903 798 1047 863 diuersae
1065 801 1192 881 gratiae
1214 800 1434 864 comedantur.

1190 939 1352 1018 Asiciano,
1376 939 1461 1003 1357
1486 940 1665 1005 Decembris
1687 944 1717 1004 2.

392 1130 558 1213 Supplicat
587 1127 626 1194 Sti
661 1129 717 1193 Vre
748 1131 880 1196 devotus
914 1129 998 1195 iilius
1032 1134 1140 1194 vester
1175 1129 1312 1200 Karalus
1344 1131 1555 1195 Romanorum
1591 1118 1763 1213 imperator

260 1241 295 1299 et
317 1235 448 1301 Boemie
464 1252 531 1309 rex,
548 1239 705 1315 quatenus
722 1254 790 1299 cum
815 1235 895 1298 alias
919 1234 1005 1298 dicta
1027 1233 1088 1298 8¹³⁸
1104 1234 1160 1298 Vra
1179 1234 1219 1297 ad
1241 1234 1311 1298 eius
1328 1234 1598 1316 supplicaciouem
1614 1235 1759 1299 omnibus

259 1339 464 1404 visitantibus
487 1338 645 1421 capellam
675 1358 733 1421 per
756 1356 827 1403 eum
850 1338 1014 1403 fundatam
1037 1338 1070 1402 in
1094 1345 1198 1402 castro
1222 1356 1279 1404 suo
1304 1338 1472 1419 Carlsteyu
1497 1345 1558 1403 etc.
1572 1339 1607 1420 11)

391 1445 471 1508 Item
495 1443 662 1526 supplicat,
685 1450 844 1525 quatenus
868 1462 937 1507 666(
961 1441 1108 1507 Conrado
1131 1442 1248 1507 Minori
1264 1443 1342 1507 duce
1367 1442 1569 1507 Olesnicensi
1585 1449 1619 1507 et
1639 1444 1763 1524 Agrrate

257 1547 326 1612 filia
349 1546 501 1611 Kazimiri
536 1546 625 1611 ducis
648 1545 883 1625 Thessinensis,
918 1553 952 1610 ut
987 1546 1019 1609 in
1042 1545 1242 1610 matimonio
1277 1567 1334 1629 per·
1365 1564 1420 1612 ecs
1451 1546 1545 1611 simul
1579 1547 1764 1629 ignoranter

261 1657 435 1734 contracto,
459 1652 701 1730 nonobstante,
726 1653 808 1731 quod
832 1658 944 1732 quarto
968 1651 1253 1733 consanguinitatis
1276 1651 1375 1733 gradu
1398 1671 1433 1716 se
1456 1652 1652 1733 contingunt,
1677 1651 1762 1716 licite

260 1756 391 1821 valeant
412 1773 588 1836 remanere,
613 1756 786 1838 dignemini
810 1756 1061 1821 misericorditer
1084 1756 1270 1838 dispensare
1293 1756 1413 1848 prolem
1438 1761 1498 1818 etc.
1750 1761 1751 1764 ’

391 1860 464 1924 Fiat
482 1859 519 1924 G.

390 1963 471 2028 Item
494 1963 662 2045 supplicat,
694 1970 850 2043 quatenus
885 1964 945 2030 sibi
979 1964 1012 2029 iu
1047 1982 1213 2045 personam
1250 1964 1400 2029 Reiuboti
1435 1964 1553 2028 arcium
1584 1963 1764 2029 liberalium

255 2075 293 2132 et
316 2067 480 2132 facultatis
510 2067 710 2131 medicinalis
733 2068 878 2149 magistri
901 2074 935 2132 et
959 2067 1109 2150 doctoris,
1143 2067 1256 2132 medici
1280 2068 1330 2131 sui
1352 2067 1518 2132 familiaris
1542 2069 1763 2133 commensalis

255 2172 426 2254 carissimi,
450 2172 620 2254 specialem
643 2172 781 2252 graciam
803 2171 968 2256 iacientes,
993 2172 1033 2236 (16
1052 2172 1239 2236 canonicatu
1262 2177 1296 2235 et
1311 2173 1473 2253 prebenda
1495 2190 1554 2236 nec
1577 2190 1638 2236 non
1662 2172 1762 2254 digni·

255 2283 339 2352 tate,
363 2283 536 2359 personatu
559 2276 610 2340 vel
640 2274 752 2357 officio,
775 2276 876 2341 eciam
905 2277 933 2340 si
962 2282 1107 2341 curatum
1139 2277 1190 2359 sit,
1222 2282 1355 2341 vacante
1386 2277 1439 2340 vel
1469 2278 1645 2359 proximum
1669 2277 1762 2342 simul

255 2388 317 2448 aut
339 2382 518 2447 successive
541 2387 690 2447 vacaturo
724 2381 757 2446 iu
781 2380 917 2446 ecclesia
951 2400 976 2446 s.
1001 2381 1138 2446 Victoris
1173 2387 1265 2447 extra
1294 2398 1400 2446 muros
1423 2381 1628 2464 Magantinos
1651 2383 1761 2466 digne·

254 2486 337 2552 mini
361 2485 538 2568 providere.
563 2485 642 2552 Cum
665 2486 816 2551 clausulis
839 2490 874 2550 et
896 2486 1119 2552 executoribus
1143 2486 1203 2551 sibi
1227 2485 1416 2550 necessariis
1440 2492 1474 2551 et
1496 2487 1676 2570 oportunis3
1699 2506 1762 2554 non

254 2593 419 2674 obstante,
454 2592 537 2672 quod
561 2591 728 2656 ecclesiam
762 2591 975 2674 parochialem
1008 2591 1042 2655 in
1064 2591 1155 2656 Luna
1177 2591 1347 2674 Pragensis
1379 2590 1460 2655 dioc.
1485 2596 1518 2656 et
1542 2592 1761 2657 canonicatum

252 2716 328 2764 cum
353 2695 516 2778 prebenda
548 2695 583 2760 in
606 2695 743 2761 ecclesia
766 2695 995 2762 Wormaciensi
1029 2703 1063 2760 et
1085 2697 1223 2779 graciam
1258 2695 1428 2778 specialem
1452 2696 1491 2759 de
1515 2695 1701 2762 canonicatu
1725 2703 1759 2762 et

252 2801 421 2884 prebenda
443 2800 578 2865 ecclesie
602 2799 762 2883 Spirensis
785 2801 927 2865 noscitur
949 2801 1101 2866 obtinere.

387 3115 469 3180 Item
493 3117 659 3198 supplicat
682 3122 839 3196 quatenus
863 3116 980 3180 dilecto
1003 3133 1061 3182 suo
1083 3116 1218 3181 Poenino
1241 3114 1396 3182 lobannis
1412 3116 1452 3180 de
1468 3116 1618 3182 Glatouia
1640 3117 1755 3181 clerico

247 3219 427 3303 Prageusis
450 3221 529 3286 dioc.
553 3220 592 3284 de
615 3219 769 3286 beneficio
792 3220 1010 3285 ecclesiastico
1041 3238 1111 3285 cum
1134 3239 1209 3286 cura
1232 3221 1283 3285 vel
1307 3221 1376 3285 sine
1399 3239 1484 3302 cura,
1514 3221 1614 3285 eciam
1638 3221 1666 3284 si
1689 3221 1758 3286 6111-

245 3327 339 3390 cium
362 3324 413 3389 vel
435 3330 626 3407 personatus
649 3324 682 3389 in
704 3323 844 3389 ecclesia
866 3324 1043 3389 cathedrali
1066 3324 1194 3408 existat,
1218 3327 1258 3390 ad
1281 3325 1486 3391 collacionem
1506 3375 1513 3390 .
1532 3375 1539 3389 .
1559 3375 1592 3390 ..
1617 3324 1759 3407 episcopi

245 3429 393 3495 ecclesie
417 3427 637 3495 Olomucensis
671 3430 879 3494 communiter
913 3430 963 3494 vel
998 3430 1123 3495 divisim
1158 3435 1335 3513 spectante,
1367 3436 1500 3495 vacante
1525 3429 1575 3493 vel
1598 3435 1757 3509 vacaturo,

243 3532 430 3617 dignemini
460 3533 637 3615 providere,
674 3552 744 3597 cum
779 3533 923 3599 omnibus
958 3534 1245 3599 nonobstantibus
1279 3539 1314 3598 et
1343 3534 1494 3599 clausulis
1528 3532 1691 3616 oportunis
1726 3539 1760 3596 et

242 3637 489 3703 execrrtcribus.

387 3741 461 3807 Fiat
484 3742 521 3807 G.

386 3845 478 3929 Item,
501 3852 658 3928 quatenus
674 3847 791 3913 dilecto
811 3865 868 3913 suo
883 3847 978 3911 Petro
993 3846 1114 3911 Elblini
1137 3846 1252 3912 clerico
1275 3846 1445 3929 Pragensis
1466 3845 1545 3911 dioc.
1570 3846 1610 3910 de
1634 3844 1759 3910 canoni·

239 3956 329 4016 catu
352 3955 387 4014 et
408 3950 571 4033 prebenda
593 3951 729 4017 ecclesie
752 3950 996 4035 Ratisponensis
1015 3950 1202 4015 vacantibus
1225 3951 1277 4014 vel
1299 3950 1441 4034 proxime
1465 3950 1625 4015 vacaturis
1649 3948 1758 4031 digne-

238 4054 331 4120 mini
355 4053 530 4137 graciosius
552 4055 720 4138 providere
745 4074 814 4120 curn
839 4056 983 4120 orrrnibus
1007 4071 1069 4118 non
1092 4055 1292 4120 obstantibus
1315 4060 1349 4119 et
1372 4055 1522 4119 clausulis
1545 4061 1581 4118 ut
1604 4072 1710 4135 supra.

386 4158 535 4344 {liatqssd
557 4270 723 4330 transeant
746 4265 814 4329 sine
839 4264 902 4329 alia
925 4265 1075 4331 leccioue.
1112 4264 1184 4327 Fiat
1207 4264 1243 4328 G.
1268 4265 1306 4328 D.
1331 4264 1487 4329 Avinioue
1510 4264 1577 4328 1111
1600 4281 1671 4326 nou.
1697 4263 1758 4325 1)6-

233 4369 390 4436 cembris
413 4385 440 4435 a.
464 4369 584 4450 quinto.

377 4541 409 4595 R.
428 4540 524 4611 Suppl.
543 4545 575 4594 27
596 4540 642 4595 161.
663 4545 730 4594 296¹.

903 4682 1107 4692 ——-

233 4820 343 4889 676.
367 4818 446 4885 Cum
470 4818 613 4886 6666616
636 4820 757 4885 Minori
778 4820 853 4885 duce
878 4821 1071 4887 Olcsar'corasr'
1093 4827 1123 4887 61
1145 4821 1264 4902 Aquae
1284 4824 1364 4885 uate
1387 4818 1545 4883 Karimiri
1567 4818 1655 4882 ducis
1683 4819 1756 4881 Tes-

233 4926 390 4992 61666616
400 4927 427 5008 Ι’)
458 4924 717 4990 Vrutislaaicnsr's
740 4924 818 4992 dioc.
842 4926 1044 5009 dispertiatur
1073 4926 1111 4990 dc
1132 4925 1334 4989 matrimonio
1364 4924 1429 4987 iarn
1459 4927 1626 4988 contracto.
1655 4921 1756 5003 ,Apo-

477 5027 711 5094 616116666116ιι
750 5029 924 5110 „Auioiooe
946 5031 1022 5095 1111
1039 5050 1110 5096 uon.
1135 5028 1316 5094 Decembris
1339 5049 1369 5092 6.
1394 5029 1531 5113 6616616.ις

1193 5150 1356 5235 Asiciano,
1379 5149 1465 5215 1357
1488 5147 1669 5212 Decembris
1681 5149 1711 5211 2.

380 5322 413 5378 lc
430 5326 481 5378 Av.
501 5328 551 5378 186
569 5323 617 5379 161.
637 5327 705 5394 btb‘,
722 5325 754 5380 R.
773 5326 835 5381 Vat.
854 5324 963 5380 231161
983 5332 1042 5379 381.
1059 5354 1084 5364 -
1108 5323 1158 5377 Ed.
1178 5323 1251 5394 apud
1271 5323 1397 5386 Tbeiner,
1417 5323 1491 5376 Mon.
1510 5320 1594 5374 Poll
1612 5335 1674 5388 pag.
1697 5323 1755 5372 584.

247 5430 287 5448 κ
310 5416 335 5474 ⁸)
352 5409 565 5475 ,Tbcsdneneis‘
583 5413 632 5465 Aa.
