3944 6060
237 387 300 454 ΧΠ

234 613 303 659 rum
327 593 508 659 litterarum
531 593 713 677 gratimmm
737 590 936 673 diligentiam
960 588 1172 654 adhibendam
1195 587 1305 653 inisse.
1329 587 1506 653 Posteriori
1528 592 1681 669 tempure,
1703 592 1740 650 ut

234 698 381 780 exemplo
404 703 488 776 utar,
511 698 720 764 consututnm
742 701 804 774 est,
827 702 864 759 ut
886 694 1027 759 litteram
1050 693 1211 774 accipiens
1234 692 1390 773 advertat,
1420 698 1457 756 ut
1477 691 1600 756 minuta
1621 690 1663 754 ad
1684 690 1737 753 bo

235 820 310 866 num
332 801 520 884 scriptorem
543 800 716 882 deferatur,
762 804 799 862 ut
820 798 948 863 nomina
969 798 1052 862 bene
1087 796 1277 876 scribantur,
1325 795 1420 877 ,quia
1455 794 1530 860 Itali
1562 794 1738 877 plerunque

183 919 199 962 ⁶·
234 905 384 970 nesciunt
405 907 487 972 bene
508 906 649 970 scribere
671 904 800 969 nomina
821 902 1033 967 Alemanica.‘
1048 899 1088 983 ²³)
1133 900 1248 966 llodus
1281 900 1474 982 expediendi
1495 899 1623 965 litteras
1645 899 1687 963 de
1708 918 1738 963 a

239 1010 321 1074 1525
355 1009 514 1091 permittit
545 1009 687 1074 litteram
721 1006 893 1089 accipienti
925 1005 1078 1070 minutam
1100 1004 1226 1070 iacere:
1265 1009 1341 1086 ,aut
1361 1010 1398 1069 tu
1419 1002 1521 1070 briss
1542 1003 1630 1068 illius
1652 1003 1686 1078 (i
1707 1018 1737 1066 ο.

234 1111 378 1192 litterae)
402 1114 566 1193 minutam,
589 1112 617 1177 si
640 1112 734 1192 scias,
758 1111 809 1175 uel
831 1128 891 1193 per
913 1110 1020 1190 alium,
1054 1128 1148 1192 quarn
1170 1108 1315 1192 portabis
1337 1108 1378 1174 ad
1411 1108 1550 1189 aliquem
1582 1107 1739 1173 duamur

234 1215 490 1282 abbreviatarum
513 1213 800 1296 recidendamffl)
821 1212 1040 1280 stabilitatem
1062 1213 1201 1278 omnium
1223 1212 1386 1296 papalium
1418 1212 1656 1278 institutionum
1687 1229 1738 1276 re·

232 1320 406 1402 spicientes
417 1338 572 1403 quaerere
594 1336 772 1401 possumus,
795 1320 922 1384 idemne
944 1318 1009 1383 iam
1023 1323 1168 1399 tempore
1184 1315 1363 1382 Innocentii
1378 1316 1433 1382 Vl.
1449 1316 1602 1400 possibile
1616 1315 1737 1381 fuerit?

232 1422 321 1489 ldsm
355 1425 440 1506 apud
473 1425 601 1490 litteras
634 1423 675 1488 de
709 1422 835 1488 iustitia
867 1423 901 1487 in
933 1421 1045 1488 formis
1082 1438 1163 1504 ,que
1185 1438 1249 1487 non
1271 1423 1451 1486 mutantur·
1477 1420 1654 1488 ommrissa
1674 1420 1738 1486 inm

233 1527 385 1594 Breuslau
408 1525 691 1598 demonstrarit.²⁶)

363 1664 400 1731 ln
422 1665 568 1748 registris
591 1666 769 1732 Innocentii
801 1664 852 1729 VI.
877 1682 974 1748 saepe
995 1664 1083 1730 inter
1104 1668 1248 1731 tenorem
1274 1663 1516 1747 supplicationis
1537 1671 1573 1729 et
1595 1670 1738 1730 tenorem

232 1771 363 1835 litterae
384 1775 491 1835 tantm
514 1768 714 1835 differentias
737 1768 1029 1852 animadvertimus,
1063 1775 1100 1834 ut
1133 1769 1235 1835 solum
1265 1785 1325 1850 per
1357 1767 1536 1834 adiutorem
1566 1767 1738 1850 petitorem

233 1879 290 1939 aut
312 1879 549 1956 procuratorem
571 1873 726 1957 explicari
749 1872 883 1955 possint.

364 1994 467 2077 Saepe
492 1995 523 2059 in
546 1995 665 2060 litteris
688 1994 815 2060 nomina
836 2000 872 2059 et
894 1993 982 2059 tituli
1004 2011 1210 2076 personarum
1240 1993 1356 2058 melius
1378 1998 1414 2057 et
1434 1993 1561 2076 plenius
1582 2012 1677 2075 quam
1705 1993 1739 2059 in

234 2098 520 2183 supplicationibus
544 2099 776 2164 describuntur.
823 2098 887 2164 Sub
910 2117 958 2164 nr.
981 2101 1024 2166 26
1046 2098 1080 2163 in
1112 2098 1217 2165 rotulo
1240 2097 1361 2180 Annae,
1393 2098 1524 2181 reginae
1556 2097 1739 2181 Bohemiae,

233 2202 375 2269 medicus
397 2202 468 2268 eius
489 2204 549 2268 sub
573 2203 641 2269 solo
663 2203 789 2268 nomine
817 2201 1033 2285 „liaiosbotua'¹
1060 2207 1331 2285 commemoratur,
1365 2201 1424 2268 ssd
1456 2201 1567 2267 littera
1599 2203 1658 2267 sub
1691 2221 1737 2268 nr.

232 2308 273 2374 31
297 2306 473 2389 pleniorem
495 2306 626 2372 formam
653 2305 851 2385 ‚Metam
873 2305 1070 2371 liberburdi‘
1096 2306 1203 2371 habet.
1226 2305 1264 2370 In
1286 2305 1520 2389 supplicatione
1542 2307 1601 2371 sub
1623 2325 1670 2372 nr.
1697 2309 1739 2373 65

233 2410 368 2494 legimus
394 2409 534 2494 βρίθει,
559 2411 651 2475 miles
674 2409 894 2476 Cracoviensis
917 2410 1032 2492 dioc.“,
1064 2410 1097 2474 in
1130 2409 1241 2474 littera
1273 2409 1332 2475 sub
1366 2428 1414 2475 nr.
1444 2411 1504 2476 66:
1541 2407 1672 2494 ,Spitbo
1699 2411 1739 2475 de

237 2513 425 2581 ruamur
451 2513 648 2598 snpplicatio
664 2534 721 2598 pro
737 2514 883 2579 lobanne
905 2513 1036 2580 Henrici
1052 2514 1093 2580 de
1108 2513 1233 2596 llamy'k
1254 2514 1288 2579 in
1310 2513 1414 2581 rotulo
1437 2513 1543 2580 Caroli
1558 2514 1603 2579 IV
1617 2515 1676 2579 sub
1691 2533 1737 2579 nr.

233 2621 275 2688 82
298 2618 376 2684 dicit
397 2638 457 2702 per
478 2636 634 2684 errorem:
660 2637 743 2702 ,non
773 2620 931 2697 obstante,
966 2618 1050 2699 quod
1072 2618 1240 2683 ecclesiam
1263 2635 1320 2683 sen
1345 2617 1523 2700 plebaniam
1554 2618 1594 2683 de
1618 2617 1740 2698 Kamglc

233 2721 376 2788 noscitur
397 2722 552 2804 obtinere,
574 2721 686 2787 littera
707 2723 766 2788 sub
789 2741 835 2787 nr.
860 2723 903 2788 84
924 2721 1023 2787 habet
1044 2727 1153 2788 recte:
1191 2741 1272 2802 ,non
1294 2721 1505 2802 obstantibus,
1539 2722 1623 2804 quod
1644 2740 1736 2804 paro·

233 2825 365 2892 ohinlem
388 2826 556 2892 ecclesiam
580 2825 613 2891 in
636 2824 853 2891 Lactbomericr
875 2825 1028 2891 obtinet.“

363 2947 399 3012 ln
421 2946 533 3013 littera
555 2946 681 3013 subur.
705 2947 776 3030 656,
810 2965 873 3029 qua
906 2947 1002 3013 Petro
1032 2948 1199 3014 Laurentii
1233 2947 1428 3029 conceditur,
1465 2954 1500 3012 ut
1532 2947 1672 3030 provisio
1697 2947 1738 3012 de

189 3037 190 3040 ¹
232 3050 424 3117 scholastria
446 3051 601 3117 ecclesiae
625 3049 846 3117 Olomnuensis
868 3050 929 3117 sibi
952 3051 1038 3117 iacta
1059 3052 1175 3134 valeat,
1200 3051 1317 3118 dicitnr
1338 3052 1476 3116 eundem
1487 3051 1617 3117 Petrum
1633 3052 1736 3135 digui-

233 3159 343 3230 tatem,
366 3161 571 3239 personatum
594 3155 646 3220 vel
668 3153 805 3221 officinm
827 3156 869 3221 ad
891 3156 1094 3222 collationem
1127 3157 1269 3240 episcopi
1303 3154 1524 3222 olomucensis
1555 3162 1736 3239 expectare,

234 3259 291 3324 sed
313 3258 347 3324 in
369 3259 600 3343 supplicatione
624 3259 753 3326 subur.
777 3260 842 3329 655
864 3259 943 3325 nihil
973 3259 1013 3324 de
1044 3260 1102 3325 tali
1137 3260 1361 3343 expectatione
1392 3261 1607 3344 percepimus
1652 3261 1737 3326 unde

232 3360 362 3429 litterae
385 3362 522 3446 scriptor
542 3362 630 3428 illam
653 3362 800 3430 notitiam
822 3349 958 3429 habuit?

363 3499 457 3566 Tales
478 3501 588 3584 lapsus
611 3500 695 3566 baud
717 3520 788 3567 raro
818 3501 852 3565 in
885 3501 1031 3585 registris
1055 3504 1232 3570 Innocentii
1255 3505 1299 3570 VI
1322 3505 1456 3587 reperiri
1499 3510 1641 3587 possunt.
1688 3504 1736 3568 nd

234 3603 492 3687 supplicationes,
516 3623 598 3685 qnae
620 3623 682 3671 uon
705 3605 795 3687 prins
817 3624 911 3686 qnam
934 3606 1019 3689 apnd
1042 3607 1161 3672 curiam
1185 3609 1357 3675 Romanam
1389 3609 1422 3673 in
1445 3607 1568 3675 rotulos
1590 3608 1737 3693 coniungi

233 3706 389 3791 solebant,
412 3707 446 3772 id
467 3706 560 3772 facile
583 3726 622 3773 eo
645 3708 798 3791 explicari
821 3709 935 3792 potuit,
959 3710 1043 3791 qnod
1065 3710 1099 3775 in
1122 3712 1268 3794 registris
1292 3712 1479 3795 originalem
1501 3718 1646 3778 tenorem
1663 3731 1737 3797 snp-

233 3809 449 3893 plicationum,
474 3830 566 3892 quam
590 3811 727 3894 scriptor
749 3812 890 3878 minutae
914 3818 989 3877 ante
1013 3814 1120 3879 oculos
1143 3814 1261 3881 babere
1296 3816 1409 3899 potnit,
1444 3835 1507 3882 non
1529 3817 1738 3900 possidemus,

234 3914 291 3980 sed
314 3914 460 3997 exempla
483 3915 620 3980 adducta
642 3934 705 3981 uon
728 3916 767 3980 de
792 3915 850 3980 boc
874 3934 991 3998 genere
1015 3918 1282 4001 supplicationum
1316 3927 1388 3986 orta
1420 3927 1505 4003 sunt,
1540 3922 1596 3987 sed
1626 3922 1666 3986 de
1689 3940 1738 3986 ro-

233 4016 320 4098 tulis,
343 4018 398 4101 qui
425 4017 486 4084 iam
511 4017 570 4083 bac
592 4019 716 4084 ratione
741 4020 780 4084 ad
803 4021 923 4085 curiam
959 4021 1058 4105 missi,
1093 4023 1139 4087 sic
1173 4024 1206 4089 iu
1241 4024 1386 4107 registris
1418 4025 1571 4109 descripti
1604 4044 1737 4107 cumque

234 4120 438 4205 autographis
461 4121 569 4188 collati
593 4128 675 4189 sunt.
700 4124 843 4206 Experte
866 4131 1071 4207 procuratore
1093 4126 1127 4191 in
1149 4127 1268 4193 litteris
1291 4128 1500 4211 expediendis
1522 4130 1555 4195 id
1578 4128 1738 4213 explicare

234 4244 297 4293 uon
319 4224 515 4310 valemus.²⁶)

363 4364 487 4430 Minuta
509 4364 653 4447 perlecta
674 4370 789 4447 pateus
812 4372 868 4431 ant
891 4371 1077 4448 procurator
1099 4369 1169 4433 eius
1193 4388 1289 4436 curae
1311 4371 1459 4453 babebat,
1493 4377 1530 4437 nt
1560 4376 1653 4438 tenor
1681 4373 1737 4438 rni-

233 4474 329 4535 nntse
353 4469 385 4533 in
408 4467 549 4534 litteram
572 4467 653 4533 bene
676 4469 879 4549 rescribatur,
903 4471 987 4552 quod
1009 4471 1043 4536 in
1065 4470 1168 4539 officio
1191 4475 1382 4558 scriptorum
1405 4473 1557 4557 fiebat.²³)

364 4691 396 4758 l³)
415 4689 493 4747 (loni.
510 4690 615 4758 Haller,
636 4691 656 4747 l.
675 4707 696 4745 c.
718 4707 779 4762 pag.
799 4696 813 4745 7
833 4699 861 4746 et
879 4698 920 4746 24.

367 4777 400 4846 ²‘)
419 4777 524 4847 Hallar,
543 4778 560 4831 l.
580 4794 604 4833 c.
622 4794 684 4848 pag.
703 4783 745 4842 22,
763 4779 779 4849 i
798 4784 823 4832 l.

366 4863 400 4932 ¹⁶)
419 4864 560 4930 Bresslan,
579 4862 806 4920 Urknndanlebre
825 4866 845 4919 l.
864 4881 925 4936 pag.
946 4873 1003 4923 2³8.

363 4949 395 5017 ²⁰)
414 4950 516 5006 Harum
535 4949 752 5006 dillersntiarum
778 4958 848 5006 inter
867 4959 988 5008 tenorem
1008 4954 1240 5025 supplicationum
1259 4963 1286 5013 st
1303 4957 1457 5012 litterarum
1484 4975 1568 5015 causa
1591 4969 1646 5016 tam
1674 4977 1738 5030 sup·

235 5035 400 5105 plicationos
420 5052 501 5105 qnam
520 5037 628 5092 litterae
646 5037 674 5091 in
695 5037 813 5093 editione
832 5045 928 5094 nostra
945 5040 1018 5110 typis
1037 5039 1144 5111 dantur,
1172 5043 1218 5098 ubi
1245 5043 1339 5099 littera
1365 5043 1504 5100 meliorem
1532 5055 1559 5101 et
1586 5048 1736 5117 pleniorem

234 5131 358 5178 tenorem
376 5124 468 5192 babet,
503 5124 597 5178 littera
614 5124 642 5178 ln
661 5131 776 5179 extenso
795 5132 822 5179 st
842 5126 1006 5196 supplicatio
1025 5127 1054 5182 in
1073 5138 1188 5200 regesto,
1225 5132 1272 5186 nbi
1290 5131 1318 5186 in
1338 5132 1474 5186 contrario
1504 5139 1582 5189 tenor
1600 5134 1738 5204 supplica·

236 5209 317 5265 tionis
336 5209 444 5280 plenior
461 5218 511 5273 ast,
529 5211 622 5265 littera
639 5211 814 5266 abbreviatur
831 5220 859 5266 ct
876 5213 1043 5283 supplicatio
1061 5215 1090 5268 in
1103 5224 1222 5280 ¹extenuo
1241 5219 1313 5288 typis
1332 5218 1504 5273 describitur.

367 5295 398 5363 ¹²)
418 5297 494 5352 Cous.
516 5296 654 5366 Bresslau,
674 5295 902 5354 Urlrundenlebre
921 5300 943 5352 1.
962 5315 1023 5372 pag.
1043 5307 1094 5356 289
1112 5318 1150 5358 ss.
