3944 6060
230 434 295 499 290
807 430 877 482 Acta
895 426 1047 483 Innocentii
1063 426 1110 480 VI.

232 641 319 708 739.
346 640 502 704 lodicibus
524 641 706 715 mandatur,
730 642 883 720 qnatenus
908 636 1066 702 lleimloto
1081 639 1107 718 ⁸)
1132 637 1313 702 libertarit
1329 633 1373 697 ¹tle
1398 633 1519 710 Castro,
1543 628 1740 696 medico'Ca·

230 746 289 809 role
317 745 763 826 Rornanorumimperatoris,
794 742 1012 825 parochialem
1041 742 1203 807 ecclesiam
1240 744 1276 805 in
1312 740 1496 820 Oestrinpcn
1511 736 1539 819 b)
1574 737 1740 820 Spirensis

230 849 307 916 dioc.
331 852 506 928 conserunt,
537 870 597 913 nori
620 847 824 929 obstantibus,
854 851 889 908 nt
913 848 946 908 in
968 845 1198 928 supplicatione
1226 845 1283 909 snb
1308 867 1353 909 nr.
1381 843 1453 908 738.
1489 841 1680 923 „Virtntnm
1710 845 1742 906 el

525 953 715 1036 probitati&
755 952 930 1033 „Aninione
953 951 1033 1014 llll
1049 970 1120 1016 nori.
1145 949 1271 1028 Aprilis
1296 971 1325 1013 a.
1348 950 1464 1013 secto.“

1215 1088 1489 1168 Acinione,1358
1513 1085 1640 1171 Aprilis
1664 1088 1696 1149 2.

303 1078 336 1163 Ξ

280 1180 332 1231 ,Χ

346 1281 377 1334 a.
397 1282 446 1333 Ar.
467 1284 517 1334 138
536 1279 581 1333 fol.
603 1284 660 1333 636.
681 1309 713 1318 -
738 1284 761 1343 ²)
780 1279 930 1346 ,stemboto‘
948 1280 999 1332 Ar.
1022 1279 1048 1346 b)
1066 1277 1246 1346 ‚destringen‘
1264 1280 1314 1332 Ar.

238 1632 325 1698 teo.
355 1629 475 1695 Paulus
492 1629 655 1712 episcopus
673 1627 843 1693 (lercensis
859 1628 1029 1711 simplicat,
1052 1632 1206 1710 quatenns
1217 1626 1410 1690 inonosterio
1418 1629 1568 1706 fratmm
1584 1625 1744 1688 minorum

543 1735 577 1797 in
600 1733 804 1814 Jdperndorf
823 1734 956 1815 (Krnoa)
981 1731 1193 1814 indnlpentiae
1216 1730 1433 1796 concedantur.

1228 1869 1388 1952 Acinione,
1411 1869 1497 1935 1358
1519 1867 1646 1953 Aprilis
1667 1872 1697 1933 2.

366 2065 530 2148 Supplicat
553 2062 594 2128 gu
620 2062 672 2128 Vre
696 2064 811 2128 devota
835 2068 981 2128 ereatura
996 2067 1104 2127 vestra
1126 2062 1244 2125 Paulus
1267 2062 1435 2143 episcopus
1460 2059 1645 2142 Gurcensis,
1662 2078 1742 2124 aun·

237 2169 305 2233 cius
329 2171 415 2233 sedis
439 2169 612 2253 apostolice
654 2215 1275 2235 .......................
1296 2221 1299 2225 ,
1323 2215 1520 2231 ........
1534 2185 1542 2201 ·
1543 2213 1743 2230 ........

366 2274 447 2338 Item
471 2273 629 2355 supplicat
663 2272 765 2336 eidem
789 2268 845 2347 8¹¹,
870 2276 1027 2351 quantenus
1051 2272 1243 2336 monasterio
1267 2270 1400 2336 fratrum
1432 2272 1587 2336 minorum
1612 2270 1645 2333 in
1668 2269 1744 2352 leg·

237 2376 396 2457 herdorph
420 2374 640 2440 Olomncensis
664 2377 742 2439 dioc.
776 2394 834 2457 per
855 2377 1075 2457 progenitores
1106 2377 1206 2457 ipsias
1231 2376 1321 2438 Pauli
1355 2375 1497 2456 episcopi
1532 2373 1675 2453 fundato,
1710 2374 1744 2438 in

239 2486 374 2561 quatuor
396 2478 487 2543 festis
505 2480 740 2562 principalibus,
764 2480 915 2544 videlicet
931 2481 1057 2561 pasche,
1081 2481 1317 2562 penthecostes
1342 2478 1570 2560 assumpcionis
1594 2480 1622 2542 b.
1640 2478 1744 2542 Maris

238 2591 272 2648 et
286 2584 465 2647 nativitatis
482 2583 610 2661 Christi,
633 2591 667 2647 et
690 2585 761 2647 aliis
784 2584 875 2648 festis
899 2586 926 2646 b.
941 2585 1042 2648 llarie
1066 2592 1099 2648 et
1116 2584 1330 2648 dedicaciouis
1353 2584 1488 2648 ecclesie
1512 2584 1655 2648 eiusdem
1679 2602 1744 2646 mo-

238 2688 370 2752 nasterii
395 2687 568 2752 concedere
592 2688 764 2770 dignemini
789 2688 1016 2769 indulgencias,
1042 2707 1102 2768 qne
1127 2696 1233 2752 vestre
1257 2688 1437 2770 placuerint
1459 2687 1631 2752 sanctitati.

368 2792 441 2856 Fiat
464 2793 503 2856 de
527 2799 653 2856 centum
678 2793 789 2857 diebus
813 2792 850 2857 G.
885 2791 959 2857 Sine
983 2794 1045 2856 alia
1069 2794 1218 2857 lect-ione.
1256 2793 1328 2856 Fiat
1352 2792 1389 2858 G.
1414 2794 1450 2856 D.
1485 2793 1644 2857 Auinione
1668 2792 1743 2859 1111.

240 2917 313 2962 non.
337 2897 457 2979 Aprilis
480 2916 506 2960 a.
532 2904 633 2962 sexto.

371 3087 401 3140 R.
421 3085 517 3155 Suppl.
535 3091 568 3138 29
588 3085 634 3139 fol.
656 3094 714 3140 116.

244 3420 332 3486 741.
358 3419 470 3484 Petrus
492 3423 521 3483 ct
543 3418 678 3484 Jotlocus
700 3418 738 3482 cle
763 3418 935 3500 ltosenlerp
957 3418 1146 3500 supplicant.
1185 3424 1338 3501 quatenns
1368 3420 1514 3483 ministro
1540 3418 1663 3483 ordinis
1686 3421 1749 3483 mi-

241 3544 351 3588 norum
377 3522 511 3589 ‘licentio
540 3523 738 3587 construendi
758 3523 948 3586 monasterio
964 3526 1112 3600 fratrent
1135 3524 1290 3587 nerinorum
1312 3526 1342 3586 et
1363 3521 1549 3587 monialium
1570 3521 1695 3587 ordinis
1718 3546 1747 3588 s.

598 3624 715 3691 Clarae
731 3628 763 3690 in
779 3626 929 3690 Krnmloo
960 3628 1169 3711 (Krnmmun)
1193 3628 1390 3694 concedatur.

1228 3767 1392 3843 Acinionc,
1416 3768 1500 3832 1358
1522 3766 1647 3851 Aprilis
1670 3771 1704 3835 6.

372 3957 557 4038 Supplicant
579 3954 619 4020 ge
651 3957 703 4020 Vre
726 3957 848 4020 nabiles
883 3958 941 4020 viri
964 3958 1077 4022 Petrus
1100 3966 1134 4021 et
1156 3958 1294 4022 Jodocus
1330 3959 1369 4023 de
1392 3959 1588 4042 Rosemberg
1609 3961 1751 4028 barones

244 4062 333 4144 regni
357 4062 495 4130 Bacasis,
520 4067 677 4139 quatenns
701 4062 843 4126 ministro
867 4062 999 4126 fratrum
1035 4062 1153 4126 ordinis
1178 4063 1332 4127 minorum
1356 4064 1587 4145 provinciarum
1611 4065 1749 4131 Boemic

245 4172 277 4229 et
300 4164 429 4228 Polonie
459 4163 634 4244 recipiendi
664 4170 697 4226 et
720 4166 860 4228 construi
895 4164 1030 4230 farciendi
1055 4168 1086 4229 in
1110 4166 1178 4230 loco
1203 4185 1260 4230 seu
1296 4168 1389 4249 opido
1413 4169 1553 4251 ipsorum
1589 4167 1751 4236 Crumlon

244 4269 345 4332 locum
369 4286 424 4348 pro
448 4266 598 4331 fratribus
614 4268 760 4351 [ordinis]
785 4270 937 4333 minorum
955 4290 1023 4333 cam
1040 4271 1184 4349 ecclesia,
1209 4290 1369 4355 campana,
1387 4274 1565 4355 campanili,
1589 4274 1753 4341 cimiterio

246 4383 279 4438 et
302 4374 373 4437 aliis
397 4372 531 4437 officinis
555 4375 745 4441 necessariis
769 4376 933 4440 licenciam
957 4377 1129 4458 dignemini
1153 4376 1319 4458 impartiri.

375 4478 447 4542 Fiat
468 4479 501 4541 in
524 4477 632 4542 forma.
658 4479 693 4544 G.

375 4583 452 4646 ltem
475 4589 632 4661 arratcnus
655 4584 758 4647 eidem
789 4585 933 4648 ministro
956 4584 1130 4665 recipiendi
1155 4585 1187 4648 in
1211 4586 1295 4650 dicto
1320 4587 1413 4668 opido
1445 4607 1540 4652 naara
1562 4588 1668 4655 locum
1691 4610 1757 4658 seu

247 4686 470 4751 monasterium
495 4707 550 4767 pra
575 4687 763 4751 nronialibus
787 4707 842 4751 sen
860 4689 1019 4753 sororibus
1043 4690 1162 4752 ordinis
1186 4708 1210 4753 s.
1241 4689 1332 4753 Clare
1356 4710 1425 4755 cum
1449 4693 1584 4757 ecclesia
1608 4701 1643 4757 et
1677 4695 1758 4762 aliis

249 4798 399 4870 utsupra
422 4791 585 4853 licenciam
610 4793 782 4857 corrccrlere
806 4793 978 4874 dignemini
1002 4794 1041 4857 dc
1065 4795 1170 4875 gracia
1194 4795 1333 4875 speciali.

378 4894 449 4957 Fiat
472 4895 503 4957 in
527 4895 635 4958 t'arrna.
661 4897 698 4960 G.

379 5000 415 5062 l).
441 4999 597 5063 Aninione
622 5000 696 5062 Vlll
720 5002 760 5064 id.
787 5002 904 5082 Aprilis
928 5021 955 5065 a.
981 5008 1079 5067 sexto.

379 5186 410 5241 R.
430 5187 524 5256 Snppl.
544 5195 577 5240 29
596 5187 642 5240 sol.
664 5195 720 5241 tot.
