3944 6060
740 495 807 543 roos
825 487 950 543 Octobris
970 493 986 540 a
1004 519 1038 529 -
1056 487 1182 544 Octobris
1201 496 1225 543 a.
1673 495 1736 559 209

232 694 313 759 IIinc
335 702 387 760 est
409 697 492 777 quod
515 714 573 761 nos
595 697 774 762 huiusmodi
798 697 934 763 officium
956 699 1025 777 tibi,
1049 700 1103 780 qui
1126 701 1165 763 ad
1189 701 1268 764 illud
1291 718 1350 782 per
1365 700 1579 765 venerabilem
1602 699 1736 765 fratrem
1841 770 1846 781 ,

233 805 374 864 nostrum
404 800 532 864 Petrum
561 801 743 882 episcopum
774 802 1481 886 100000111οι0,00110000000111100100001
1512 804 1734 885 commisimus,

234 910 379 984 repertus
395 903 484 968 luisti
507 906 658 986 ydoneus,
682 910 716 968 et
738 906 771 969 in
787 907 876 970 cuius
899 908 1043 971 manibus
1066 909 1265 990 postmodum
1289 909 1461 990 prestitisti
1484 909 1517 971 in
1540 907 1649 981 forma,
1675 926 1735 988 que

234 1007 386 1086 sequitur,
410 1009 629 1083 iuramentum,
653 1009 799 1073 duximus
822 1012 1067 1087 concedendum,
1097 1018 1191 1076 0110
1214 1013 1298 1077 idem
1329 1012 1466 1078 officium
1496 1013 1672 1094 prudenter
1702 1018 1736 1076 et

235 1108 372 1175 fideliter
395 1111 529 1176 ubilibet
547 1112 715 1192 exequaris
738 1114 828 1177 etad
851 1121 894 1196 te,
918 1132 989 1179 eorm
1011 1133 1143 1181 necesse
1170 1115 1276 1195 luerit,
1300 1117 1332 1181 iu
1356 1117 1427 1191 biis,
1452 1134 1513 1197 que
1538 1117 1577 1180 ad
1601 1115 1737 1181 officium

234 1215 336 1296 ipsum
353 1216 525 1297 pertinent,
549 1215 740 1281 fiducialiter
751 1226 940 1283 recurratur.
969 1220 1113 1284 Formam
1128 1202 1235 1284 autem
1258 1222 1427 1287 iuramenti
1451 1220 1597 1302 predicti,
1621 1227 1656 1284 nt
1679 1238 1737 1302 per

234 1337 302 1383 eam
324 1318 450 1400 plenius
468 1318 656 1394 informeris,
679 1325 881 1402 presentibus
904 1324 1002 1389 inseri
1025 1324 1157 1389 fecimus
1176 1377 1183 1390 .
1202 1377 1208 1389 .
1228 1378 1235 1390 .
1254 1330 1288 1405 .·)
1313 1327 1350 1390 D.
1374 1327 1531 1391 Aninione
1555 1326 1646 1391 XVII
1667 1326 1732 1390 kal.

235 1422 422 1487 Novembris
445 1442 472 1486 a.
497 1431 617 1503 quarto.

364 1629 396 1683 R.
426 1631 477 1684 Ar.
503 1636 552 1682 131
575 1630 622 1683 fol.
647 1637 707 1684 tet.
732 1661 764 1670 -
796 1639 819 1695 ι)
838 1631 935 1698 Quoad
966 1632 1081 1685 sormam
1105 1633 1175 1686 conf.
1203 1634 1298 1703 Tangi,
1326 1635 1430 1703 Ptpstl.
1458 1633 1738 1703 Kanzleiordnungen

236 1731 296 1783 pag.
316 1722 367 1769 329
386 1732 426 1770 nr.
446 1715 573 1769 CXXXII
591 1724 618 1770 et
636 1733 697 1786 pag.
718 1724 750 1772 ott
769 1736 809 1771 nr.
828 1719 914 1771 XVII.

239 2116 328 2180 521.
348 2115 509 2180 Guntdero
525 2117 563 2179 de
578 2117 732 2181 Kottwitr
746 2118 933 2198 conceditur,
949 2124 984 2181 ut
1000 2117 1125 2183 collatio
1141 2117 1421 2182 archidiaconatus
1437 2117 1592 2182 Lusotr’ac
1605 2118 1636 2181 ei
1643 2120 1742 2196 facta

933 2222 1047 2288 calcat.

304 2392 378 2442 .X.
412 2427 414 2432 .
1187 2375 1349 2451 Avidium,
1374 2376 1458 2440 1356
1484 2374 1626 2440 Octobris
1647 2380 1698 2440 22.

370 2582 405 2646 It.
430 2581 450 2645 1.
476 2584 639 2649 Guntbero
663 2586 702 2649 de
726 2586 903 2651 Kothewitz
927 2586 1146 2650 archidIacono
1170 2585 1354 2649 1000010001
1378 2585 1410 2647 in
1434 2583 1570 2647 ecclesia
1586 2584 1742 2648 Misnensi

241 2685 375 2750 salutem
391 2693 453 2753 etc.
471 2688 662 2771 Multiplicia
674 2691 843 2772 probitatis
863 2740 869 2753 .
888 2741 894 2754 .
914 2742 921 2756 .
941 2745 948 2757 ,
973 2689 1055 2754 Sane
1067 2690 1185 2772 peticio
1208 2695 1264 2753 tua
1286 2688 1376 2753 nobis
1392 2687 1534 2753 exhibita
1558 2687 1741 2753 continebat

241 2791 323 2870 quod
346 2791 421 2856 olim
444 2810 513 2856 ren.
538 2792 574 2856 lr.
599 2800 708 2858 noster
729 2794 891 2859 lohannes
915 2796 1083 2875 episcopus
1114 2793 1286 2856 Misneusis
1318 2792 1608 2855 archidiaconatum
1643 2791 1740 2856 Lusa·

242 2893 377 2960 diensem
401 2895 434 2959 in
458 2896 594 2960 ecclesio
616 2898 780 2978 llisnensi,
803 2917 896 2979 quem
920 2900 949 2962 d.
973 2897 993 2961 f.
1017 2897 1170 2979 magister
1194 2895 1342 2960 Nicolaus
1373 2896 1412 2959 de
1448 2895 1597 2959 Budissin
1633 2895 1740 2961 decre·

244 3003 344 3063 torum
368 3000 486 3083 doctor,
510 3002 583 3066 olim
607 3003 846 3068 archidiaconns
869 3001 1080 3076 Lusacieusis,
1116 3002 1148 3064 in
1172 3001 1283 3066 eadem
1306 3000 1452 3070 ecclesia,
1487 3004 1563 3061 1000
1586 2999 1740 3080 temporis

244 3103 416 3185 obtinebat,
440 3124 498 3187 per
520 3106 651 3170 liberam
675 3108 926 3189 resignationem
949 3107 1084 3187 ipsius·)
1115 3104 1238 3169 Nicolai
1272 3104 1304 3168 in
1329 3104 1473 3167 munibus
1505 3102 1647 3166 eiusdem
1680 3102 1745 3184 epi·

245 3209 328 3288 scopi
353 3214 445 3272 extra
467 3211 638 3274 Romanam
664 3211 781 3274 curiam
805 3217 919 3292 sponte
949 3210 1065 3274 factam
1095 3215 1130 3273 et
1159 3211 1197 3272 ab
1229 3208 1340 3274 eodem
1374 3207 1523 3288 episcopo
1554 3207 1746 3272 auctoritate

245 3312 1237 3380 011100110011101110101000110010000000100000010001
1267 3313 1306 3376 ad
1340 3311 1441 3392 ipsius
1476 3310 1616 3391 episcopi
1652 3311 1748 3375 colla-

245 3416 364 3480 cionem
388 3425 595 3499 spectantem,
620 3419 698 3483 nulli
723 3420 873 3496 debitum,
905 3418 1064 3499 canonice,
1099 3418 1161 3481 nisi
1184 3416 1359 3498 apostolica
1383 3417 1525 3479 obstaret
1559 3415 1747 3497 reservatio,

244 3520 300 3585 tibi
324 3523 459 3586 contulit
481 3530 515 3586 et
538 3524 677 3604 providit
700 3526 739 3587 de
763 3524 828 3588 illo.
853 3523 931 3588 Cum
955 3529 1070 3601 autem,
1093 3522 1176 3585 sicut
1198 3521 1311 3585 eadem
1335 3519 1451 3601 peticio
1468 3518 1688 3598 subiungebat,
1712 3523 1747 3581 10

245 3626 369 3690 dubites
394 3627 512 3691 dictum
536 3628 824 3692 archidiaconatum
848 3635 990 3708 tempore
1015 3626 1197 3691 collacionis
1220 3633 1254 3688 et
1276 3623 1465 3705 provitionis
1481 3621 1661 3684 huiusmodi
1678 3620 1745 3684 lore

245 3729 447 3811 disposicioni
472 3732 557 3795 sedis
581 3733 754 3813 apostolice
778 3739 984 3805 reservatum,
1019 3737 1114 3810 teque
1138 3746 1232 3811 posse
1256 3746 1352 3808 super
1374 3727 1428 3790 illo
1452 3726 1657 3806 imposterum
1681 3743 1745 3788 mo·

243 3833 363 3912 lestori,
387 3853 443 3898 nos
463 3888 469 3899 .
490 3889 496 3900 .
517 3886 549 3898 ..
575 3836 639 3899 tuis
663 3836 950 3917 supplicacionibus
973 3834 1127 3914 inclinati,
1152 3834 1295 3895 volumus
1319 3838 1352 3894 01
1375 3831 1443 3909 tibi,
1468 3830 1687 3893 canonicatum
1711 3834 1746 3893 et

243 3940 435 4018 prebendam
469 3941 618 4005 maiorem
650 3942 681 4004 iu
705 3941 841 4005 ecclesia
875 3938 1036 4020 Oyoerrsi¹b
1071 3935 1342 4016 Nuemburgensis
1376 3934 1455 3998 dioc.
1491 3932 1658 4013 othnenti,
1689 3933 1743 4012 qui

244 4044 341 4106 eciam
366 4050 514 4125 receptus
538 4063 572 4108 00
595 4046 626 4109 iu
652 4046 833 4109 cauouicum
857 4044 957 4126 ipsius
981 4042 1117 4106 ecclesie
1142 4040 1322 4120 1110000010,
1345 4039 1458 4119 cuique
1483 4037 1643 4118 prebenda
1659 4038 1743 4099 eius-

245 4147 313 4211 dem
337 4148 472 4213 ecclesie
493 4156 567 4212 tunc
584 4168 697 4213 vacans
714 4156 766 4213 est
789 4149 959 4229 assignata,
982 4154 1018 4211 ut
1033 4147 1151 4210 asseris
1175 4145 1350 4226 apostolica
1373 4142 1573 4219 00010111010,
1597 4140 1743 4203 00000111-

244 4270 320 4333 mue,
343 4253 426 4331 quod
449 4252 628 4317 huiusmodi
652 4253 782 4317 collacio
806 4260 839 4316 01
861 4253 999 4333 provisio
1022 4269 1080 4332 per
1103 4251 1221 4313 dictum
1245 4249 1427 4329 episcopum
1450 4246 1489 4310 de
1513 4245 1624 4307 eodem
1641 4244 1743 4307 archi-

246 4355 421 4433 diaconatu,
447 4364 481 4421 ut
504 4358 710 4439 premittitur,
745 4359 801 4422 tibi
826 4356 910 4420 lacte
934 4364 967 4419 01
990 4371 1183 4434 quecumque
1217 4353 1291 4415 inde
1326 4357 1436 4414 0001110
1470 4347 1601 4430 perinde
1627 4347 1744 4410 011010

245 4461 441 4541 presencium
459 4463 586 4526 valeant
607 4462 795 4543 plenamque
819 4461 984 4525 obtineant
1005 4459 1128 4523 rebeus
1151 4457 1342 4536 firmitatem,
1366 4473 1402 4544 ac
1426 4454 1453 4516 01
1477 4453 1516 4516 de
1540 4451 1624 4513 dicto
1641 4448 1744 4513 archi·

246 4565 412 4630 diaconatu
434 4566 521 4630 nulla
544 4585 602 4647 per
624 4567 731 4630 sedem
755 4567 855 4648 ipsam
878 4563 1056 4628 reservacio
1079 4561 1164 4624 10010
1186 4560 1270 4624 foret
1288 4610 1294 4623 .
1315 4611 1320 4621 .
1342 4610 1349 4622 .
1370 4552 1744 4619 ,1111011110001111101

246 4669 430 4736 Novembris
457 4677 628 4751 0000110.

374 4860 404 4913 11.
423 4864 472 4913 Ar.
494 4863 543 4912 133
562 4860 695 4913 1012851
714 4890 747 4897 —
763 4864 795 4926 a),
814 4857 904 4928 ipsius
923 4864 957 4908 et‘
976 4857 1025 4907 Ar.
1049 4885 1074 4892 -
1099 4854 1117 4920 ¹)
1137 4852 1213 4905 Zeitz
1233 4852 1259 4904 ln
1279 4848 1390 4904 Prussia
1410 4848 1487 4902 distr.
1506 4847 1674 4914 Merseburg.

889 5066 1097 5077 ....-.--—

309 5244 398 5309 522.
426 5242 613 5324 Compositio
637 5242 794 5310 Guntlocro'
815 5242 854 5305 de
877 5239 1024 5304 Kottoor’ir
1046 5238 1084 5300 dc
1106 5237 1296 5300 canonicatu
1319 5232 1464 5296 ecclesiae
1488 5227 1668 5294 Misnenoie.

1378 5369 1462 5434 1356
1487 5366 1627 5430 Octobris
1649 5365 1702 5427 22.

1610 5509 1641 5555 14
