3944 6060
240 466 304 529 218
841 467 909 516 dota
928 464 1078 516 Innocentii
1103 463 1145 515 l'l.

239 673 409 752 reddimur,
433 692 510 751 quos
534 693 613 754 pura
636 674 714 737 fides
739 681 772 737 et
796 674 919 736 sincera
943 673 1072 736 devocio
1089 691 1164 752 erga
1183 673 1352 735 ltornanam
1369 669 1546 744 ecclesiam,
1571 669 1622 733 cui
1639 674 1743 735 actore

241 777 365 840 domino
401 795 589 856 quamquam
626 777 890 841 insufficientibus
921 777 1044 840 meritis
1068 777 1276 857 presidemus,
1301 773 1459 838 constanti
1483 791 1611 854 semper
1633 790 1742 854 propo-

240 882 301 944 sito
326 881 435 945 habita
457 880 547 944 nobis
572 889 605 945 et
628 882 731 945 eidem
755 881 889 945 ecclesie
914 881 1019 943 reddit
1043 881 1156 944 merito
1180 880 1319 943 cariores
1342 883 1376 942 et
1397 878 1430 940 in
1456 874 1628 957 quoruml)
1663 877 1743 958 peri·

241 985 349 1048 itcrlosa
371 984 530 1047 discordia
553 1004 615 1048 non
639 987 738 1048 solum
763 986 833 1066 ipsi,
870 987 925 1047 sed
957 995 990 1047 et
1015 985 1148 1046 subiecti
1173 1001 1296 1062 quoque
1320 981 1427 1063 populi
1443 985 1467 1055 ⁶)
1494 979 1677 1044 afficiuntur
1698 981 1743 1044 in-

242 1089 412 1152 commodis
428 1087 465 1167 d),
488 1094 659 1167 gravantur
676 1089 851 1170 dispendiis
865 1099 900 1164 el,
925 1096 1125 1169 exponuntur
1139 1087 1373 1151 discriminibus
1396 1105 1559 1168 corporum
1576 1091 1611 1149 et
1625 1082 1648 1155 sl
1673 1086 1742 1149 sub-

244 1192 391 1272 iciuntur,
414 1193 496 1271 quod
520 1197 570 1253 est
582 1192 810 1272 deplorandum
827 1194 973 1270 acuariuS,
991 1192 1141 1273 periculis
1159 1192 1341 1253 arrirnarum.
1368 1191 1524 1254 Verentes
1548 1188 1648 1269 igitur
1664 1190 1744 1266 eng)

241 1303 297 1359 tuo
320 1301 353 1359 et
376 1297 405 1358 d.
430 1296 450 1357 f.
475 1296 590 1359 nobilis
625 1297 682 1359 viri
719 1296 842 1359 ,ilberti
866 1297 955 1359 ciricis
982 1297 1107 1358 .-lustrie
1133 1296 1342 1370 dissensione,
1378 1311 1438 1373 que
1462 1293 1547 1356 fama
1569 1293 1743 1374 prenuncia

240 1405 274 1461 et
287 1399 314 1476 h)
337 1399 495 1462 relacione
509 1398 528 1475 il
565 1400 731 1463 uuiltorum
768 1407 942 1464 attestante
978 1400 1067 1463 uobis
1098 1396 1280 1475 innotuitjl
1315 1397 1373 1460 tibi
1409 1402 1443 1459 et
1465 1395 1588 1476 prefato
1614 1396 1686 1460 duci
1709 1415 1744 1460 ac

239 1503 303 1565 tuis
320 1503 437 1565 eteius
454 1503 589 1565 subditis
606 1505 742 1585 dampna
764 1498 872 1583 gravia
896 1505 1107 1585 spiritualiter
1124 1510 1157 1566 et
1173 1501 1394 1583 temporaliter
1421 1501 1593 1581 nascitura,
1617 1499 1746 1580 illisque

239 1607 366 1670 obviare
391 1606 561 1669 salubriter
584 1608 758 1688 cupientes,
782 1609 994 1671 venerabilem
1012 1608 1142 1670 fratrem
1159 1613 1300 1670 nostrum
1316 1605 1447 1668 Paulum
1464 1605 1646 1685 episcopum
1665 1603 1744 1667 Gur-

240 1727 376 1788 censem,
400 1709 500 1771 virum
526 1711 633 1789 utique
658 1712 740 1774 sieut
763 1713 850 1792 pacis
874 1713 1006 1774 altricum
1031 1712 1075 1774 sic
1099 1711 1227 1774 honoris
1250 1710 1297 1773 tui
1322 1709 1421 1771 ecicuu
1445 1708 1628 1787 zelatorem,
1663 1707 1742 1771 lato·

240 1831 307 1875 rem
331 1813 529 1892 presencium
544 1812 580 1894 l‘),
612 1815 650 1877 ad
686 1822 717 1878 te
742 1816 962 1896 prefatumque
984 1816 1093 1878 (liccem
1119 1835 1174 1895 pro
1198 1813 1396 1877 dissensione
1421 1811 1614 1875 succidenda
1636 1811 1743 1875 huius-

239 1917 325 1979 modi
348 1923 382 1979 et
405 1918 571 1981 concordia
605 1919 689 1981 iuter
719 1926 751 1982 te
784 1940 818 1982 ac
850 1920 961 1982 (liccem
993 1920 1095 2000 ipsum
1129 1920 1188 1981 deo
1213 1916 1354 1999 propicio
1378 1915 1580 1979 reformanda
1605 1917 1663 1979 sub
1688 1933 1744 1997 spe

238 2019 326 2082 illius
350 2020 542 2100 providimus
567 2022 799 2086 destinamlum.
847 2025 984 2105 Ideoque
1010 2025 1208 2088 nobilitatem
1233 2030 1318 2085 tuam
1343 2037 1516 2099 monemus
1552 2019 1744 2098 requirimus

239 2131 273 2186 et
306 2122 468 2185 hortamur
503 2124 533 2186 in
566 2127 699 2206 dormito,
735 2128 820 2190 illam
857 2135 980 2192 attento
1013 2134 1162 2208 rogantes
1193 2126 1313 2203 tibique
1349 2125 1492 2204 paternis
1516 2122 1688 2187 affectibus
1710 2127 1744 2186 et

238 2225 324 2288 sanis
348 2227 489 2290 consiliis
513 2231 693 2301 scindentes,
717 2240 874 2311 (prutenus
898 2235 980 2295 bona
1003 2234 1100 2315 paria,
1133 2249 1193 2310 quc
1219 2230 1327 2308 utique
1351 2228 1449 2291 multa
1475 2235 1548 2290 sunt
1572 2233 1606 2290 et
1629 2226 1743 2306 quibus

239 2335 271 2392 te
296 2329 373 2392 deus
396 2331 493 2393 faciat
524 2334 694 2411 almmlere,
726 2337 930 2398 considerans
949 2335 981 2410 ¹),
1017 2345 1050 2398 et
1074 2336 1255 2399 collisiones
1279 2352 1314 2395 ac
1345 2333 1428 2394 nralu
1452 2349 1646 2411 guerrarum,
1682 2347 1745 2410 que

240 2452 258 2496 a
282 2434 345 2496 tuis
369 2436 563 2515 cornpeudiis
587 2436 690 2500 aliena
714 2439 810 2502 t'aciat
834 2440 986 2521 domiuus,
1017 2442 1049 2503 in
1074 2447 1224 2503 stateram
1250 2437 1356 2500 debite
1381 2434 1601 2499 meditacionis
1625 2450 1742 2514 appen-

243 2537 331 2618 dens,
355 2557 402 2610 ea,
438 2558 499 2618 que
524 2540 606 2603 idem
631 2543 798 2622 episcopus
830 2544 887 2607 tibi
918 2564 974 2626 pro
997 2551 1088 2625 parte
1114 2550 1222 2607 nostra
1245 2541 1425 2622 superbiis
1448 2537 1605 2618 retulerit,
1631 2536 1744 2599 eredas

239 2640 367 2704 indubie
392 2643 508 2722 illaque
524 2642 671 2709 filialibus
695 2647 809 2710 studiis
822 2649 862 2710 ad
886 2654 993 2729 optate
1019 2668 1054 2709 ac
1078 2653 1204 2728 sperate
1229 2644 1478 2708 eonsumaciouis
1501 2640 1650 2705 effectum
1675 2640 1745 2703 sine

240 2743 427 2807 difficultate
452 2748 615 2826 perducas.
642 2751 678 2812 b.
705 2752 859 2814 dulmene
884 2753 946 2815 kal.
971 2752 1116 2814 Junuarii
1141 2772 1166 2813 a.
1191 2750 1309 2829 quinto.

349 2850 427 2912 ltem
453 2851 482 2912 iu
508 2870 535 2914 e.
561 2873 599 2914 m.
625 2855 756 2917 mutatis
781 2857 940 2919 urrrtnudis
964 2856 1067 2918 eidem
1093 2856 1173 2917 duri

345 3037 374 3088 ll.
395 3039 457 3090 l'at.
476 3048 524 3092 239
544 3042 590 3092 fol.
610 3049 634 3096 ι’.
663 3044 693 3096 ll.
722 3046 782 3097 Vat.
802 3054 851 3097 uss
873 3046 895 3095 ll
928 3044 1067 3108 (diciret),
1097 3061 1134 3094 nr.
1157 3051 1177 3093 1.
1199 3073 1230 3079 —
1258 3053 1281 3105 a,
1302 3040 1434 3108 ,speciali‘
1463 3053 1546 3106 supra
1572 3035 1621 3087 lin.
1648 3030 1743 3087 eadem

238 3138 319 3175 manu
348 3134 497 3177 correctum
526 3144 592 3194 pro:
612 3130 759 3192 ,strictiori‘
777 3132 893 3199 gencrinc
917 3131 1014 3198 posito,
1036 3129 1083 3182 sed
1108 3129 1259 3181 cancellato
1277 3129 1306 3180 in
1327 3127 1436 3179 Archet.
1456 3127 1482 3189 b)
1501 3122 1641 3192 Sequitur:
1661 3121 1747 3188 ,uelut

238 3209 395 3263 sublimium
415 3220 497 3279 utque
517 3217 688 3282 potencium‘,
709 3218 756 3269 scd
770 3219 949 3271 ‹taneellatum
970 3227 1012 3270 est
1026 3217 1051 3268 iu
1065 3217 1175 3269 ,trehet
1198 3227 1221 3270 ⁰)
1240 3215 1381 3282 Sequitur:
1402 3212 1594 3275 ‚colliduntur‘,
1614 3207 1663 3262 sed
1683 3224 1744 3260 can-

237 3294 365 3349 cellatum
380 3308 422 3350 est
434 3300 461 3350 in
472 3302 581 3354 Archet,
603 3304 628 3364 d)
648 3303 734 3372 Supra
748 3304 809 3357 lin:
829 3305 996 3369 ,affliguntur
1009 3304 1152 3371 dampnis,
1172 3303 1219 3356 sed
1233 3302 1411 3355 cancellatum
1426 3299 1507 3353 estin
1521 3297 1633 3350 Archet.
1653 3298 1679 3358 e)
1699 3294 1745 3347 Se·

238 3382 343 3448 quitur:
364 3395 399 3449 ,et
418 3387 547 3452 periculis
568 3399 759 3456 exponuntur,
779 3391 826 3444 sed
855 3392 1035 3444 cancellatum
1056 3400 1099 3443 est
1117 3391 1144 3441 iu
1164 3392 1273 3443 drclret.
1301 3390 1319 3454 l)
1340 3389 1482 3457 Sequitur:
1510 3383 1669 3455 ,periculis‘,
1696 3380 1746 3435 sed

152 3501 153 3504 =
237 3470 416 3523 cancellatum
436 3482 478 3525 est
497 3475 523 3525 iu
544 3476 650 3527 ,tr-chet
670 3488 695 3538 s)
714 3478 802 3545 Supra
822 3479 880 3529 liu:
914 3478 1102 3536 ‚tttendentes
1128 3478 1211 3545 igitur
1230 3478 1266 3529 in‘
1294 3476 1410 3544 genuine
1429 3475 1548 3542 positum
1568 3471 1617 3525 sed
1637 3469 1745 3523 cancel·

235 3555 320 3609 latum
341 3559 368 3610 in
389 3561 498 3613 Archet.
527 3562 552 3620 n,
572 3562 713 3629 Sequitur:
740 3566 943 3621 ,attestor-ione.
964 3565 1011 3617 sed
1041 3565 1221 3617 cancellatum
1240 3564 1321 3616 estin
1340 3563 1450 3616 Archet.
1480 3562 1499 3625 i)
1518 3558 1663 3626 Sequitur:
1684 3556 1746 3622 ,fre-

236 3645 346 3709 quenti‘.
367 3647 413 3698 sed
434 3651 614 3703 cancellatum
632 3661 674 3703 est
692 3653 719 3703 in
740 3653 848 3705 Archet.
864 3651 885 3711 b
905 3653 1044 3719 Sequitur:
1073 3662 1156 3717 ,tuam
1176 3662 1203 3702 et
1222 3649 1321 3718 prefati
1332 3649 1427 3715 ducis,
1447 3648 1495 3701 scd
1509 3646 1692 3699 cancellatum
1703 3648 1747 3695 est

236 3730 263 3780 iu
284 3733 393 3786 Archet.
414 3736 439 3799 l)
460 3736 615 3789 Praecedit:
636 3739 792 3805 ¹apostolice
807 3739 880 3791 sedis
894 3739 1062 3804 uurrclimnl‘,
1076 3738 1122 3791 sed
1138 3737 1317 3790 cancellatum
1332 3744 1374 3788 est
1391 3736 1418 3788 in
1432 3734 1538 3788 archer.
1559 3735 1579 3794 ¹)
1597 3733 1747 3801 Sequitur:

235 3838 275 3888 ,ac
294 3821 366 3871 mala
385 3827 411 3871 et
429 3836 586 3885 guerrarum
606 3840 698 3876 aurora
718 3825 765 3877 sed
785 3827 965 3878 caracellarum
986 3835 1026 3878 est
1046 3825 1073 3876 in
1094 3825 1202 3876 Archet.
1223 3856 1255 3863 —
1275 3823 1304 3875 ln
1325 3832 1400 3891 tergo
1414 3822 1546 3875 minutae:
1568 3820 1662 3888 ,ltsst‘

233 4171 324 4234 547.
350 4171 560 4251 lafruscripfi
584 4170 764 4233 cardinales
787 4170 978 4251 supplicent,
1018 4175 1170 4252 ‹puofeuus
1208 4171 1298 4232 Petro
1323 4171 1455 4233 chrici
1487 4171 1552 4250 Pop
1584 4170 1622 4235 de
1654 4169 1746 4234 Lom-

416 4276 482 4338 uica
504 4274 684 4355 beneficium
708 4274 953 4338 ecdesiasficum
975 4275 1010 4338 iu
1033 4274 1162 4338 ccclesia
1189 4274 1345 4354 Propensi
1377 4279 1561 4338 reservetur.

1169 4414 1329 4489 Acirrione,
1355 4415 1441 4476 1357
1463 4413 1625 4477 Janaarii
1646 4416 1700 4478 10.

341 4603 589 4685 SupplieantS1'
620 4605 672 4666 Vre
699 4606 804 4668 devoti
841 4606 938 4667 vestri
960 4605 1073 4667 Petrus
1105 4603 1319 4684 Penestrinus,
1353 4603 1456 4667 Girido
1490 4604 1678 4668 Portuensis
1710 4611 1745 4669 et

232 4707 346 4771 Petrus
370 4707 530 4771 Ostiensis
554 4709 692 4790 episcopi
718 4729 753 4771 ac
777 4709 981 4789 ltuymundus
1006 4709 1053 4771 tit.
1078 4729 1101 4770 s.
1121 4707 1231 4770 Crucis
1255 4708 1286 4770 in
1313 4707 1492 4771 Jerusalem
1516 4712 1550 4771 et
1567 4707 1743 4790 Audoynus

231 4812 279 4875 tit.
306 4819 485 4876 sanctorum
509 4812 663 4876 lohanuis
686 4822 719 4875 et
744 4814 831 4876 l‘auli
856 4815 1035 4894 presbyteri
1059 4813 1246 4887 cardinales,
1271 4820 1461 4876 executores
1479 4815 1670 4877 testamenti
1686 4831 1744 4877 seu

230 4914 340 4979 ultime
366 4916 539 4979 voluntatis
563 4918 642 4979 bone
667 4917 817 4980 memorie
842 4918 958 4981 domini
978 4917 1151 4981 Gualbardi
1168 4935 1192 4979 s.
1216 4916 1312 4981 Lucie
1336 4917 1368 4979 in
1386 4915 1481 4979 Silice
1498 4915 1625 4981 diaconi
1642 4917 1744 4982 cardi·

231 5019 322 5101 naliS,
347 5028 504 5098 quatenus
528 5021 628 5100 ipsius
652 5021 894 5100 consanguineis
929 5027 962 5083 ct
984 5021 1193 5084 familiaribus
1229 5021 1442 5102 infrascriptis
1465 5020 1606 5101 graciam
1636 5020 1743 5085 facere

229 5121 402 5202 dignemini
427 5123 597 5204 specialem
617 5173 1739 5192 ..........................................

335 5242 415 5308 Item
439 5243 533 5308 Petro
563 5251 638 5308 nato
662 5245 792 5310 Hemici
813 5247 852 5309 de
879 5248 942 5328 Pup
967 5249 1006 5311 de
1031 5249 1198 5329 Loruptz·t
1234 5247 1349 5311 clerico
1375 5247 1548 5328 Progensis
1571 5246 1665 5322 dioc,
1689 5246 1735 5311 fa-

231 5345 348 5410 miliam'
373 5347 449 5410 dicti
474 5347 625 5430 defuncti,
650 5349 835 5413 beneficium
860 5352 1112 5415 ecclesiasticum
1136 5371 1203 5414 cum
1234 5370 1309 5414 cura
1327 5351 1376 5415 vel
1394 5351 1463 5414 sine
1480 5369 1565 5433 eura,
1590 5356 1741 5433 spectans
