3990 6052
774 443 842 494 rana
860 439 966 510 aemi·
985 445 1001 494 c
1020 470 1054 483 -
1071 440 1177 512 apina
1197 418 1222 496 a}
1685 443 1747 510 301

373 647 537 732 Significat
558 647 600 714 gu
628 650 683 714 V¹⁰
706 649 841 714 devotus
863 655 971 715 vester
994 650 1149 716 Arnestus
1180 648 1436 731 archiepiscopus
1461 649 1639 733 Prageusis,
1664 651 1748 732 quod

244 771 313 818 cum
337 753 413 820 olim
437 753 573 818 dilectus
596 771 672 818 suus
696 754 829 819 clericus
860 753 1022 820 Jobanues
1045 760 1140 820 uatus
1163 754 1321 835 quondam
1352 754 1498 819 Merbote
1521 755 1561 819 de
1585 754 1747 820 Harauica

244 857 414 941 Progensis
448 858 528 923 dioc.
562 858 596 921 in
631 858 737 924 studio
775 859 917 923 existens
940 860 973 923 in
1007 860 1098 924 domo
1132 859 1296 924 cuiusdam
1331 859 1504 923 tabernarii
1538 865 1749 925 commoratus

243 960 366 1045 luisset,
397 962 482 1027 idem
505 963 705 1028 tabernarius
736 962 855 1027 sibiet
884 963 1046 1029 sodalibus
1076 963 1142 1028 suis
1165 964 1274 1044 plures
1304 962 1527 1044 displicencias
1559 969 1594 1028 et
1616 963 1750 1028 iniurias

244 1065 362 1149 intrdit,
385 1072 517 1152 propter
540 1066 622 1147 quod
645 1067 714 1149 ipse
737 1072 772 1131 et
792 1066 919 1132 sodales
942 1068 992 1131 sui
1015 1067 1230 1132 deliberantes
1254 1066 1356 1148 ipsum
1380 1067 1595 1131 tabenrarium
1611 1067 1644 1130 in
1667 1084 1749 1132 com-

246 1172 469 1254 pensacionem
492 1172 681 1235 iniuriarum
710 1171 891 1237 huiusmodi
913 1174 1082 1238 verberare
1113 1171 1233 1237 baculis
1256 1170 1422 1253 ipsumque
1452 1171 1608 1253 castigare
1632 1172 1750 1254 taliter,

245 1275 327 1356 quod
344 1292 399 1340 eos
415 1276 550 1341 ulterius
566 1294 628 1341 uon
645 1283 846 1357 presumeret
857 1277 1039 1351 molestare,
1056 1282 1129 1360 post
1144 1275 1410 1341 deliberacionem
1425 1275 1605 1341 huiusmodi
1622 1277 1748 1342 domum

245 1379 345 1461 ipsius
368 1381 543 1446 tabernarii
575 1379 679 1445 animo
702 1382 900 1465 verberandi,
924 1385 997 1448 'non
1020 1379 1231 1447 interficiendi
1263 1380 1313 1443 vel
1336 1378 1502 1444 mutilandi
1526 1381 1670 1462 eundem,
1704 1380 1750 1444 in-

245 1489 411 1550 traverunt
441 1503 478 1550 ac
501 1485 603 1568 ipsum
636 1489 711 1549 tunc
743 1487 950 1551 dormientem
981 1488 1159 1552 excitantes
1191 1503 1210 1548 a
1239 1502 1369 1566 sompno
1400 1483 1507 1549 verbis
1537 1484 1750 1567 obprobriosis

245 1587 374 1653 allocuti
396 1587 536 1669 fuerunt,
567 1608 604 1654 ac
628 1589 744 1655 deinde
768 1591 872 1656 dictus
895 1590 1059 1656 lohannes
1092 1591 1131 1655 ad
1154 1588 1396 1670 instigationem
1430 1587 1584 1653 dictorum
1617 1589 1750 1655 aliorum

246 1692 399 1758 sociorum
417 1711 543 1759 suorum
567 1692 724 1778 prefatum
748 1695 963 1760 tabernarium
986 1715 1080 1760 manu
1103 1695 1136 1759 in
1160 1694 1264 1775 capite
1288 1691 1447 1774 percussit
1469 1697 1504 1756 et
1526 1711 1596 1756 cum
1618 1691 1688 1774 ipse
1711 1710 1750 1756 ex

246 1795 304 1863 hoc
327 1797 377 1862 ira
399 1804 504 1864 motus
527 1799 695 1880 evaginato
718 1800 849 1866 cultello
865 1800 967 1882 ipsum
983 1799 1159 1865 Jobannem
1183 1798 1350 1862 vulnerare
1375 1801 1432 1860 aut
1446 1795 1553 1861 forsan
1569 1796 1750 1862 interficere

245 1913 422 1986 conaretur,
460 1903 529 1986 ipse
563 1905 675 1969 videns
713 1905 824 1969 mortis
862 1904 923 1969 sibi
960 1905 1136 1987 periculum
1173 1902 1338 1967 imminere
1375 1919 1434 1965 nec
1472 1901 1601 1967 comode
1640 1901 1750 1965 valens

245 2003 398 2088 effugere,
431 2025 557 2072 manum
581 2007 681 2091 ipsius
715 2009 898 2088 tabernarii,
932 2028 972 2075 ne
996 2009 1056 2074 sibi
1088 2010 1201 2073 vulnus
1224 2005 1393 2089 indigeret,
1429 2005 1535 2071 tenuit
1566 2012 1600 2071 et
1623 2006 1750 2071 interim

246 2128 326 2175 unus
357 2127 397 2175 ex
431 2112 526 2178 dictis
560 2113 654 2178 sociis
685 2113 746 2178 sibi
781 2131 949 2179 accurrens
983 2114 1094 2179 bacrdo
1125 2113 1242 2177 dictum
1277 2109 1491 2174 tabernarium
1526 2110 1684 2192 percussit
1716 2110 1750 2175 in

245 2216 350 2298 capite
381 2223 416 2283 et
445 2216 612 2282 deficiente
643 2218 704 2282 sibi
740 2219 824 2283 dicto
858 2219 970 2283 baculo
1008 2224 1043 2283 et
1072 2218 1205 2282 cadente
1240 2215 1344 2297 ipsum
1378 2215 1592 2280 tabernarium
1626 2214 1750 2298 prefato

245 2319 388 2386 Johauue
422 2321 522 2387 inscio
546 2321 676 2388 cultello
711 2323 892 2389 vulneravit
925 2323 1042 2405 taliter,
1077 2323 1160 2404 quod
1192 2323 1244 2387 die
1275 2319 1376 2384 tercia
1405 2319 1587 2402 exspiravit
1632 2318 1750 2385 Verum

245 2443 315 2489 cum
350 2425 434 2490 idem
478 2424 649 2502 lebannes,
685 2445 755 2490 cum
789 2445 850 2508 quo
885 2424 964 2491 alias
1004 2443 1101 2508 super
1138 2425 1205 2508 boc,
1243 2431 1279 2491 ut
1312 2424 1344 2488 in
1377 2424 1552 2489 minoribus
1587 2424 1750 2489 ordinibus

245 2528 426 2594 ministrare
450 2535 484 2594 et
499 2529 686 2595 beneficium
709 2531 959 2597 ecclesiasticum
982 2532 1051 2596 sine
1075 2548 1150 2594 cura
1171 2530 1259 2595 licite
1283 2528 1427 2594 obtinere
1450 2528 1580 2610 valeret,
1604 2527 1667 2594 fuit
1689 2546 1749 2612 per

247 2634 355 2700 sedern
379 2634 584 2717 apostolicam
609 2634 835 2717 dispensatum,
859 2641 893 2700 et
912 2637 966 2717 qui
990 2640 1062 2718 post
1096 2635 1369 2718 dispensacionem
1392 2633 1525 2698 eandem
1548 2633 1700 2717 capellam
1723 2653 1748 2699 s.

247 2739 354 2822 ligidii
379 2740 411 2803 in
434 2738 525 2804 Noua
548 2739 680 2804 ciuitate
703 2739 855 2823 Prageusi
884 2759 946 2806 non
970 2746 1111 2805 curatam
1141 2740 1250 2805 ext'tit
1280 2742 1445 2803 assecutus
1475 2743 1510 2801 et
1532 2739 1674 2804 noscitur
1696 2740 1748 2803 ob-

247 2843 360 2924 tinere,
385 2843 429 2908 sit
445 2844 581 2910 sciencia
604 2844 684 2909 iuris
700 2845 842 2911 canonici
865 2864 1048 2928 morumque
1072 2851 1105 2911 et
1121 2845 1186 2909 rite
1200 2845 1369 2910 honestate
1386 2842 1581 2924 aliarumque
1597 2843 1749 2909 virtutum

246 2947 336 3013 donis
360 2947 470 3013 taliter
491 2948 666 3030 redimitus,
702 2949 786 3030 quod
809 2950 937 3032 dignum
961 2968 995 3014 se
1018 2948 1126 3014 reddit
1156 2949 1263 3032 gracia
1292 2946 1446 3031 ampliori,
1477 2948 1636 3031 supplicat
1664 2948 1748 3014 idem

249 3053 515 3137 archiepiscopus,
539 3059 696 3136 quatenus
719 3054 781 3118 sibi
803 3054 836 3119 in
858 3072 1026 3138 personam
1048 3054 1149 3138 ipsius
1172 3053 1336 3135 Johanuis,
1371 3052 1420 3117 sui
1442 3052 1475 3116 in
1499 3053 1640 3118 Romana
1662 3053 1751 3118 curia

249 3157 472 3242 procuratoris,
506 3159 678 3241 specialem
709 3158 845 3241 graciam
873 3158 1037 3242 facientes,
1071 3164 1107 3224 ut
1128 3159 1198 3242 ipse
1227 3158 1388 3225 lebannes
1419 3155 1583 3242 premissis
1613 3163 1648 3223 et
1677 3157 1749 3222 aliis

246 3261 415 3328 contrariis
437 3281 637 3345 nequaquam
653 3264 853 3329 obstantibus
877 3284 972 3330 unum
996 3264 1083 3329 aliud
1098 3262 1286 3331 beneficium
1309 3263 1380 3328 sine
1402 3281 1478 3328 cura
1493 3261 1638 3327 obtinere
1661 3262 1748 3328 licite

249 3368 362 3450 valeat
392 3367 420 3431 si
452 3367 513 3432 sibi
548 3369 628 3433 alias
659 3369 809 3434 canonice
844 3369 1035 3452 conferatur,
1076 3368 1250 3453 dignemini
1283 3387 1353 3433 curn
1383 3368 1495 3434 eodem
1528 3365 1673 3432 Johanne
1709 3368 1748 3433 de

248 3470 404 3538 uberioris
427 3471 510 3538 dono
533 3473 639 3555 gracie
663 3472 860 3557 dispensare,
893 3474 1178 3540 constitucionibus
1202 3472 1384 3555 apostolicis
1408 3491 1445 3537 ac
1467 3471 1598 3537 statutis
1621 3477 1656 3536 et
1677 3490 1749 3537 con·

246 3573 467 3641 suetudinibus
499 3576 714 3656 ecclesiarum,
738 3578 771 3642 in
794 3579 908 3660 quibus
930 3580 1110 3646 huiusmodi
1133 3578 1286 3644 beneficia
1309 3577 1439 3658 inerim,
1462 3595 1524 3642 non
1547 3576 1748 3641 obstantibus

246 3678 491 3760 quibuscunque.

374 3801 447 3867 Fiat
478 3802 513 3873 G.
560 3803 604 3868 Et
626 3804 694 3869 sine
726 3805 789 3870 alia
819 3806 970 3873 leccione.
1016 3806 1089 3871 Fiat
1118 3805 1155 3871 G.
1193 3806 1231 3870 D.
1265 3805 1422 3871 Arinione
1453 3803 1531 3869 Vlll
1554 3804 1597 3869 id.
1629 3802 1749 3887 Aprilis

247 3911 399 3974 116111.

376 4092 407 4148 R.
427 4092 522 4163 Suppl.
542 4100 575 4148 29
594 4094 641 4150 iol.
662 4090 727 4151 117⁴.

248 4477 334 4546 767.
368 4480 533 4548 ¹lohannes
565 4482 650 4548 Zelm
679 4482 850 4566 supplicat,
880 4489 1034 4566 quotenus
1066 4482 1212 4548 Leutoldo
1243 4482 1328 4547 Zelm
1358 4482 1395 4547 de
1425 4482 1570 4547 cantorio
1601 4479 1747 4547 ecclcsiae

785 4587 975 4653 chuccnsc‘s
992 4587 1208 4672 provideatur.

1232 4724 1394 4804 Aricinae,
1421 4724 1504 4791 1358
1526 4723 1649 4809 Aprilis
1671 4728 1701 4790 8.

375 4912 538 4997 Supplicat
568 4915 608 4981 S¹i
636 4916 689 4980 Vre
720 4919 853 4984 devotus
878 4925 985 4984 vester
1008 4917 1170 4984 Jobaunes
1204 4904 1291 4980 Zelm
1326 4914 1472 4996 famulus,
1506 4934 1605 4998 nepos
1628 4915 1746 4981 domini

247 5017 418 5083 Gurcensis
440 5019 591 5102 episcopi,
615 5028 773 5103 quatenus
796 5023 856 5088 sibi
879 5024 912 5088 in
936 5040 1102 5105 personam
1127 5021 1236 5086 dilecti
1259 5019 1309 5085 sui
1332 5019 1458 5101 nepotis
1480 5018 1631 5084 Leucoldi
1647 5019 1744 5090 Zelm,

245 5122 311 5187 nati
334 5122 490 5204 quondam
524 5122 717 5192 Hincnkonis
749 5129 836 5193 Zelm
867 5129 974 5194 clerici
998 5125 1271 5191 Wratislauiensis
1295 5125 1386 5208 dioc,
1417 5123 1537 5188 nullum
1560 5120 1745 5187 beneficium

244 5227 493 5293 ecclesiasticum
517 5233 666 5312 assecuti,
691 5233 860 5316 specialem
885 5233 1023 5316 graciam
1046 5230 1211 5310 facientes,
1235 5231 1338 5296 eidem
1362 5228 1520 5294 Leucoldo
1543 5227 1583 5292 de
1606 5226 1747 5291 cantoria

245 5333 379 5399 ecclesie
403 5334 600 5413 Lubicensis,
625 5356 686 5420 que
709 5339 848 5420 dignitas
871 5337 990 5419 existit,
1014 5342 1146 5401 vacante
1171 5354 1210 5401 ex
1233 5353 1281 5410 eo,
1306 5333 1388 5415 quod
1412 5332 1526 5397 Petrus
1549 5331 1589 5395 de
1613 5330 1745 5396 Cunoiu.
