3990 6052
777 463 843 512 1364
861 457 956 512 Martii
970 462 1002 511 16
1021 487 1054 496 -
1072 456 1178 527 Aprilis
1198 461 1222 512 6.
1707 459 1750 524 95

244 669 334 734 uus.
357 666 502 734 dobanni
524 667 696 733 Erenreicb
719 667 757 732 de
779 667 913 732 Znoima
929 667 1114 751 providetur
1129 668 1166 733 de
1181 668 1370 733 canonicatu
1385 666 1533 733 ecclesiae
1548 668 1749 732 Posoniensis

243 771 469 856 §lumniensis
490 771 570 836 dioc.
592 773 651 837 sub
672 773 887 856 expectatione
903 772 1117 855 praebendae,
1147 770 1437 851 nonobstantibus,
1472 777 1507 834 ut
1529 773 1564 835 in
1586 771 1746 855 supplico·

243 877 326 940 tione
360 874 418 940 sub
455 895 503 938 nr.
536 878 602 941 222
634 874 882 962 „Suffropancia
913 877 971 940 tibi
995 877 1200 960 probitatis'.
1239 876 1414 953 ,Auinione
1440 876 1493 940 XI
1522 875 1586 942 bal.
1624 875 1751 959 Aprilis

244 1004 274 1046 a.
296 977 460 1044 secundo“.
484 1015 525 1026 -
550 979 587 1044 In
609 1001 633 1045 e.
658 1000 698 1045 m.
723 984 862 1064 episcopo
893 981 1113 1063 Vesprimensi,
1148 980 1307 1046 sacristae
1330 980 1534 1046 Aoinionensi
1555 1002 1593 1046 ac
1615 980 1749 1066 officiali

354 1161 359 1211 Ι
402 1142 406 1192 Ι
900 1085 1104 1151 Olomucensi.

319 1223 369 1276 ,Χ
388 1216 420 1274 si
448 1260 454 1273 .
1231 1223 1394 1300 Aoinione,
1411 1225 1496 1288 1354
1520 1224 1636 1288 Martii
1650 1226 1702 1289 22.

375 1394 405 1447 R.
431 1395 480 1447 Ar.
509 1401 557 1450 136
581 1394 629 1449 iol.
655 1400 714 1459 303,
743 1395 774 1449 R.
800 1395 861 1448 Vnt.
886 1400 936 1448 336
961 1393 1008 1448 fol.
1033 1398 1101 1448 209⁶.
1130 1426 1155 1434 -
1187 1395 1236 1449 Ed.
1263 1395 1336 1463 apud
1361 1396 1490 1462 Theiner,
1514 1395 1588 1449 Man.
1613 1395 1702 1463 Hung.
1721 1395 1749 1448 Il

246 1498 305 1550 pag.
327 1485 366 1534 17.

894 1660 1100 1668 ——-—

245 1814 334 1880 224.
360 1811 578 1896 Herbipolcnsi
610 1816 641 1876 et
662 1812 809 1895 Spirensi
830 1811 985 1896 episcopis
1006 1813 1183 1878 conceditur
1207 1814 1249 1877 ad
1271 1813 1534 1896 supplicationem
1557 1811 1664 1877 Caroli
1689 1815 1745 1877 m-

245 1937 411 1983 manorum
443 1921 473 1981 et
502 1916 674 1981 Bobemiae
703 1919 787 1999 repis
810 1917 959 1998 facultas
990 1917 1169 1983 absolvendi
1197 1918 1360 1983 Albertum
1392 1919 1500 1982 ducem
1524 1915 1688 1983 Bucariae
1709 1918 1750 1982 ab

247 2024 388 2087 omnibus
420 2021 592 2097 sententiis,
627 2041 707 2103 quos
736 2024 899 2088 occasione
916 2041 1118 2106 processuum
1142 2026 1254 2088 contro
1285 2022 1476 2088 Ludooicum
1498 2023 1536 2086 de
1558 2020 1705 2088 Bacuria
1729 2044 1750 2087 o

247 2128 319 2193 sede
365 2125 537 2211 apostolica
582 2126 760 2191 habitorum
804 2129 949 2193 incurrit.
991 2129 1174 2207 ,Romanus
1202 2128 1366 2213 pontifcu“
1413 2127 1588 2208 ,Aninione
1623 2129 1663 2192 11
1687 2125 1749 2192 lrcl.

814 2233 940 2316 Aprilis
963 2253 993 2297 a.
1016 2233 1178 2298 sccundo“.

315 2388 377 2442 ,0.
1220 2371 1383 2451 Aoinione,
1407 2371 1494 2435 1354
1517 2369 1632 2435 Martii
1652 2374 1692 2436 31
1699 2423 1705 2435 .

376 2561 407 2614 11.
426 2562 476 2614 As.
499 2566 546 2614 136
571 2560 618 2614 fol.
643 2567 702 2628 446,
727 2561 758 2614 R.
789 2561 849 2615 Vct.
874 2566 924 2614 336
949 2560 996 2614 fol.
1023 2565 1080 2617 188.
1110 2592 1134 2601 -
1164 2561 1214 2615 Ed.
1242 2561 1315 2630 apud
1340 2560 1437 2628 Lbnig,
1464 2558 1658 2614 Reichs-Arch.
1687 2561 1749 2613 XIII

248 2664 309 2716 pag.
330 2653 371 2714 73,
390 2664 444 2716 reg.
464 2647 537 2717 apud
556 2648 659 2716 Huber,
678 2649 743 2717 Reg.
763 2648 830 2717 Imp.
850 2647 917 2701 VIII
936 2664 996 2716 pug.
1016 2653 1067 2701 608
1086 2665 1125 2702 nr.
1145 2654 1185 2701 40.

250 3032 339 3097 225.
362 3031 507 3114 Spirensi
528 3036 559 3095 et
582 3030 801 3115 Herbipolcnsi
835 3031 990 3115 episcopis
1024 3031 1208 3106 mandatur,
1243 2987 1398 3113 quatenus
1422 3030 1465 3093 ad
1486 3029 1751 3113 supplicationem

250 3132 356 3199 Caroli
381 3136 593 3200 Romanorum
616 3138 646 3200 et
668 3133 841 3201 Bobemiae
861 3136 945 3217 repis
967 3156 1037 3201 cum
1059 3134 1188 3200 Alberto
1210 3134 1286 3200 duce
1301 3135 1473 3218 Boouriae,
1490 3139 1660 3218 postquam
1681 3135 1751 3198 uni·

246 3240 307 3303 tati
317 3240 463 3305 ecclesiae
474 3239 694 3305 reconciliatus
706 3240 855 3320 estiterit,
871 3245 901 3304 u
916 3243 1104 3322 Marpareta
1120 3245 1200 3303 nata
1216 3238 1370 3304 Ludooici
1396 3238 1484 3304 ducis
1506 3239 1705 3321 Lepniccnsis
1723 3239 1750 3319 ⁸)

246 3344 348 3426 ipsius
370 3345 453 3425 repis
474 3344 709 3424 consonpuinea
730 3364 825 3426 super
847 3345 1047 3409 matrimonio
1070 3347 1136 3410 iam
1158 3347 1314 3409 contracto
1337 3343 1526 3428 dispensent.
1575 3343 1749 3425 „Ecbibita

587 3448 693 3513 uobis“
723 3448 899 3530 „Aniniane
921 3450 963 3514 II
979 3449 1043 3514 bal.
1068 3447 1192 3532 Aprilis
1215 3470 1245 3514 a.
1268 3448 1432 3514 sccundo“.

1214 3586 1378 3671 Aoinione,
1408 3587 1495 3651 1354
1517 3587 1633 3652 Martii
1654 3587 1705 3652 31.

379 3775 477 3829 1166.
497 3782 546 3829 136
566 3775 612 3830 161.
632 3781 691 3844 416,
711 3776 742 3830 R.
765 3776 823 3829 Vnt.
842 3781 893 3830 336
913 3775 960 3829 161.
982 3772 1049 3830 187¹.
1071 3807 1100 3814 -
1120 3776 1171 3830 Ed.
1191 3776 1264 3844 apud
1282 3775 1408 3844 Theiner,
1428 3776 1499 3831 Mon.
1512 3776 1570 3830 Pol.
1589 3777 1676 3846 Ipsg.
1691 3781 1750 3830 664.

255 3893 279 3900 -
304 3865 328 3928 ⁸)
346 3862 544 3932 ,Litgnicensis‘
563 3864 613 3917 Ar,

250 4191 340 4257 226.
363 4189 531 4257 mennam
562 4192 725 4276 epiecopus
755 4191 1013 4258 Vrctislooiensis
1041 4192 1212 4279 supplicat,
1234 4198 1390 4277 quotenus
1415 4193 1613 4277 provisiones
1633 4192 1752 4259 Jocobo

251 4295 454 4360 Heincuconis
475 4294 587 4361 militis
610 4295 648 4362 de
669 4295 839 4378 Peparella
869 4295 908 4360 de
928 4296 1121 4362 scholastria
1144 4302 1173 4362 et
1195 4297 1343 4363 Andreae
1364 4296 1402 4361 de
1427 4296 1595 4362 1166166166
1616 4296 1654 4361 de
1677 4316 1749 4362 con·

538 4400 622 4465 toria
644 4399 789 4466 ecclesiae
820 4400 1078 4467 Vratislaoicnsis
1094 4405 1209 4481 factae
1237 4402 1468 4482 confirmentur.

1234 4539 1397 4616 Aoinione,
1420 4543 1507 4606 1354
1528 4540 1655 4624 Aprilis
1676 4540 1706 4604 6.

380 4726 543 4812 Supplicat
565 4729 606 4796 811
632 4730 684 4794 V¹⁰
718 4730 887 4795 Preczlaus
910 4732 1079 4814 epIscopns
1113 4731 1399 4813 Wrntislnuiensis,
1422 4749 1512 4795 sscre
1528 4732 1602 4798 6616
1617 4732 1750 4797 Romani

251 4830 377 4912 imperii
400 4834 616 4915 cancellarius,
652 4836 801 4917 quatinus
831 4835 1035 4900 collusionem
1059 4853 1115 4899 seu
1138 4835 1350 4918 provisionem
1373 4835 1412 4899 de
1436 4835 1602 4900 scolastria
1617 4835 1751 4900 ecclesis

251 4933 524 5003 Wratisleuiensis
559 4947 691 5006 vacante
725 4959 783 5022 per
816 4946 948 5005 mortem
984 4939 1115 5004 Homini
1147 4941 1186 5004 de
1209 4940 1360 5005 benonim
1385 4940 1459 5005 olim
1483 4939 1643 5004 scolastici
1667 4940 1750 5004 dicte

251 5039 398 5111 ecclesie,
433 5042 488 5121 qui
519 5049 611 5108 extra
633 5046 805 5110 Romanam
837 5044 954 5107 curium
979 5044 1061 5107 diem
1096 5062 1186 5107 suuni
1211 5044 1326 5108 clausit
1348 5050 1535 5121 extremum,
1560 5045 1750 5109 auctoritate

253 5143 414 5209 ordinalia
436 5144 537 5211 166166
560 5147 677 5213 Iacobo
701 5155 776 5214 nato
801 5148 1020 5231 Heynczcoms
1043 5147 1154 5211 militis
1177 5148 1217 5212 de
1242 5147 1416 5231 Pogorslle,
1439 5148 1588 5213 canonica
1616 5149 1750 5230 preben-

250 5247 325 5313 dato
359 5248 391 5311 ln
425 5249 512 5314 dicta
544 5251 680 5317 ecclesia
714 5252 982 5334 Wrstislauiensi,
1014 5253 1158 5317 studenti
1202 5254 1236 5316 in
1278 5254 1346 5317 iure
1382 5254 1540 5334 canonico,
1575 5253 1748 5334 dignemini

251 5353 443 5417 unctorItnte
466 5355 640 5435 apostolica
662 5375 702 5421 ex
726 5362 816 5421 certa
838 5357 977 5422 66166616
1000 5355 1184 5422 confirmare
1208 5376 1394 5439 omnemque
1418 5357 1568 5440 supplere
1592 5356 1751 5422 delectum
