3944 6060
657 387 723 442 1355
741 381 903 443 Decembris
921 393 938 442 4
958 417 989 426 -
1009 391 1075 442 1³⁶⁶
1093 380 1219 443 Janmffi
1237 393 1261 442 8.
1651 384 1712 456 165

204 599 294 664 405.
322 596 549 662 Mercatoribus
580 595 765 663 Asteusibas
793 597 972 662 conceditur
995 597 1147 677 facultas
1175 597 1347 681 recipiendi
1374 596 1528 679 pecunias
1562 617 1709 662 comaco

624 701 816 785 apostolicae
837 701 958 768 dcbbcs
981 705 1012 766 ct
1034 701 1181 783 quitandi
1203 701 1241 766 de
1264 703 1315 765 eis.

1162 856 1325 938 Aoiuiouc,
1347 857 1434 923 1356
1456 855 1613 923 Janucrr'r'
1636 859 1664 924 7.

336 1051 395 1115 Dd.
420 1050 453 1116 ff.
477 1051 614 1118 Antonio
638 1057 672 1115 et
695 1049 832 1114 Gnidoni
856 1049 1036 1132 Melabayla
1059 1067 1095 1112 ac
1119 1048 1275 1131 Raphaeli
1299 1049 1446 1115 Damiani
1468 1067 1528 1113 nec
1544 1068 1606 1114 non
1622 1049 1708 1113 Mar·

207 1156 273 1220 tino
297 1155 510 1239 Cacayrani·)
546 1164 580 1221 et
610 1154 730 1220 Oberto
761 1155 801 1218 de
832 1153 930 1217 Plana
961 1153 1080 1217 civibus
1111 1161 1145 1218 et
1165 1153 1408 1238 ¹mercatoribus
1440 1154 1630 1218 Astensibus
1659 1173 1708 1219 sa-

208 1260 307 1324 lutern
330 1266 390 1325 etc.
416 1261 573 1326 Gerentes
594 1260 633 1324 de
653 1258 808 1324 fidelitate
829 1277 865 1323 ac
881 1258 1040 1341 probitate
1060 1264 1169 1322 vestra
1180 1257 1326 1323 fiduciam
1338 1259 1371 1322 in
1383 1259 1510 1325 domino
1527 1259 1707 1342 specialem,

207 1365 295 1429 vobis
317 1370 352 1429 et
374 1364 505 1430 cuilibet
527 1369 668 1429 vestrum
691 1381 749 1445 per
771 1381 827 1427 vos
850 1362 900 1426 vel
924 1362 1020 1427 alium
1043 1379 1100 1426 seu
1124 1362 1203 1428 alios
1226 1364 1367 1446 petendi,
1398 1363 1546 1446 exigendi
1570 1369 1605 1428 et
1627 1365 1707 1428 rcci-

207 1469 315 1550 piendi
339 1469 464 1534 nomine
488 1486 612 1533 camere
636 1468 810 1550 apostolice
834 1487 853 1531 a
876 1467 1115 1548 quibuscunque
1139 1467 1263 1531 nunciis
1287 1467 1472 1550 apostolicis
1506 1467 1538 1532 in
1562 1466 1710 1550 Vngarie,

208 1573 337 1638 Boemie
361 1579 395 1638 et
417 1573 547 1639 Polonie
570 1571 678 1654 regnis
701 1590 737 1635 ac
760 1570 946 1635 Alamannia
969 1571 1113 1653 partibus
1136 1589 1194 1654 per
1210 1573 1318 1637 sedem
1335 1571 1540 1653 apostolicam
1556 1570 1711 1636 hactenus

208 1678 370 1759 deputatis
392 1684 427 1742 et
448 1678 482 1742 in
505 1683 599 1742 antea
622 1676 813 1759 deputandis
836 1676 886 1740 rel
910 1677 1167 1758 procuratoribus
1190 1676 1361 1741 eorundem
1386 1682 1552 1741 eteorum
1575 1676 1711 1759 singulis

208 1799 316 1845 omnes
351 1787 385 1845 et
417 1781 558 1863 singulas
593 1780 799 1861 pecuniarum
833 1785 867 1843 et
901 1785 966 1844 tam
1000 1780 1070 1844 auri
1104 1798 1196 1860 quam
1233 1781 1358 1863 argenti
1393 1787 1427 1846 et
1450 1799 1553 1845 rerum
1577 1781 1710 1845 aliarum

209 1884 422 1965 quarumlibet
450 1886 648 1967 quantitates
679 1890 713 1949 et
744 1902 890 1964 summae,
929 1902 1114 1964 quecunque
1145 1884 1210 1948 sint
1239 1890 1274 1948 et
1297 1885 1329 1948 in
1352 1885 1592 1967 quibuscunque
1615 1887 1712 1952 rebus

209 1989 395 2068 consistant,
429 1990 520 2056 nobis
553 1995 587 2054 et
624 1988 727 2054 eidem
757 2006 882 2052 camere
913 1988 1038 2052 debitas
1069 1994 1103 2052 et
1133 1988 1295 2053 debendas
1325 1989 1545 2071 imposterum,
1580 1995 1614 2054 et
1647 2007 1712 2072 eos,

209 2113 226 2157 a
248 2095 365 2175 quibus
388 2096 585 2176 quantitates
608 2101 642 2160 et
658 2112 797 2159 summas
812 2093 993 2159 huiusmodi
1010 2093 1181 2177 recipietis,
1205 2092 1350 2175 quitandi
1366 2098 1400 2157 et
1414 2093 1600 2159 absolvendi
1616 2093 1711 2177 plene

208 2204 241 2262 et
263 2199 364 2264 libere
387 2198 427 2264 de
449 2199 512 2266 biis
534 2200 697 2281 duntaxat,
721 2217 782 2280 que
807 2201 845 2265 ab
869 2198 917 2263 eis
939 2198 1083 2280 recipere
1099 2216 1155 2263 vos
1171 2197 1344 2280 continget,
1369 2197 1496 2280 plenam
1510 2199 1711 2264 concedimus

208 2310 319 2369 terrore
341 2304 541 2385 presencium
564 2309 766 2386 potestatem.
791 2302 943 2368 Volumus
967 2309 1082 2385 autem,
1105 2303 1188 2384 quod
1212 2302 1363 2382 quociens
1386 2304 1425 2367 ab
1449 2302 1571 2367 eisdem
1587 2302 1711 2368 nunciis

210 2409 259 2473 vel
282 2408 540 2491 procuratoribus
574 2408 692 2489 aliquid
717 2408 859 2490 recipere
890 2425 945 2473 vos
969 2407 1141 2489 continget,
1177 2425 1332 2471 cameram
1355 2407 1458 2489 ipsam
1489 2406 1529 2471 de
1551 2407 1624 2481 hiis,
1649 2425 1711 2488 que

216 2513 391 2598 recipietis,
421 2530 480 2596 per
508 2513 753 2578 instmmcntum
776 2531 833 2578 seu
867 2512 1078 2577 instrumenta
1107 2512 1233 2595 publica
1256 2511 1363 2575 statim
1387 2510 1561 2576 certificare
1584 2511 1712 2578 curetis.

212 2620 249 2683 D.
275 2617 431 2684 Aninione
454 2618 515 2683 VII
537 2617 580 2681 id.
603 2616 747 2682 lanuarii
770 2637 797 2684 a.
822 2623 943 2699 quarto.

340 2809 372 2864 R.
390 2808 452 2862 Vat.
471 2812 521 2862 238
540 2807 587 2863 lcl.
606 2815 630 2863 3.
649 2839 682 2849 -
706 2810 731 2876 ει)
750 2807 873 2877 Corrige:
893 2806 1064 2878 ,Catayranit

209 3213 298 3280 loo.
323 3209 443 3277 Solatia
470 3209 688 3294 pecuniarum,
723 3231 743 3274 a
772 3209 921 3277 Joboucc
950 3208 1107 3275 Pcducuo
1129 3210 1246 3276 dcccco
1269 3210 1414 3276 ccclesiae
1444 3208 1709 3294 Visscorodensls,

570 3315 728 3380 collectore
749 3315 785 3380 iu
806 3335 900 3396 ropac
924 3315 1103 3391 Bobcmiaa
1126 3313 1369 3380 recollecturum.

1350 3470 1434 3536 1356
1455 3472 1613 3539 quuarii
1638 3474 1667 3537 7.

340 3664 375 3730 Α.
401 3662 519 3729 domini
542 3662 711 3727 millesimo
728 3661 805 3727 000
821 3661 1080 3744 quinquagesimo
1098 3660 1150 3742 VI,
1173 3661 1348 3726 indiccione
1376 3680 1468 3744 nona,
1502 3661 1711 3745 pontificatus

212 3818 296 3835 ....
317 3767 602 3834 innocencii...
627 3784 708 3848 pape
733 3766 775 3830 VI
799 3786 825 3830 a
849 3773 970 3846 quarto.
1018 3766 1077 3830 bie
1102 3765 1162 3830 Vll
1184 3766 1338 3847 ianuarii,
1362 3785 1454 3847 auno,
1478 3765 1653 3831 indiccione
1677 3775 1711 3832 et

210 3870 409 3954 pontificatus
424 3871 577 3954 predictis
594 3870 715 3953 recepti
731 3870 860 3934 luerunt
883 3890 901 3934 a
924 3870 1049 3935 (lomina
1079 3869 1223 3936 iohanne
1255 3869 1404 3935 Paduano
1428 3871 1547 3935 decano
1571 3869 1707 3935 ecclesie

211 3975 459 4059 Viscegradensi,
490 3974 658 4039 collectore
690 3973 848 4039 fructuum
872 3973 1095 4039 beneficiorum
1126 3974 1413 4040 ecclesiasticorum
1444 3974 1635 4059 vacantium,
1670 3974 1711 4038 ad

210 4099 361 4145 cameram
384 4079 588 4162 apostolicam
613 4079 852 4160 pertinencium,
875 4079 1022 4160 infreguo
1047 4079 1176 4143 Boemie
1200 4079 1390 4144 auctoritate
1415 4079 1589 4161 apostolica
1612 4079 1709 4161 depu-

210 4191 284 4269 tato,
307 4185 346 4250 de
366 4185 512 4267 pecuniis
528 4203 586 4266 per
609 4202 681 4248 eum
705 4185 843 4266 receptis
866 4189 900 4247 et
922 4183 1101 4249 recollectis
1124 4184 1158 4248 iu
1180 4182 1364 4248 collectaria
1386 4201 1453 4265 sua,
1478 4183 1518 4247 ad
1534 4183 1708 4265 predictam

210 4307 363 4354 cameram
404 4289 647 4373 pertinentibus,
694 4289 837 4354 solvente
882 4305 940 4371 per
973 4306 1084 4351 rnauus
1119 4287 1273 4352 (luidonis
1307 4287 1488 4370 blalabayla
1522 4287 1709 4351 nrercatoris

212 4395 362 4476 Emensis,
395 4393 586 4459 habitatoris
615 4393 838 4459 buinionensis
863 4429 901 4438 —-
926 4390 996 4455 IllM
1024 4390 1088 4454 ΙΙΙΟ
1121 4391 1180 4454 Vll
1211 4390 1321 4455 lloreni
1345 4390 1453 4473 fortcS,
1491 4391 1596 4454 XVlll
1621 4389 1705 4454 scuti

211 4497 282 4563 Vlll
306 4498 440 4563 denarii.

336 4689 388 4742 lnt.
408 4694 435 4742 et
453 4687 524 4741 Exit.
544 4692 636 4755 (1356)
655 4693 706 4741 ⁴278
725 4686 771 4741 sol.
793 4692 834 4742 73.
854 4716 885 4724 -
907 4684 956 4739 Ed.
976 4683 1049 4753 apud
1068 4683 1175 4752 Kirsch,
1194 4681 1385 4736 Kollelrtorien
1406 4697 1465 4749 pag.
1486 4686 1543 4734 384.

857 4880 1060 4888 —-——-

208 5040 293 5105 lor.
317 5037 482 5105 Jobouues
503 5037 665 5120 episcopas
690 5037 959 5102 Lutbomuslcasis
981 5037 1124 5119 quitatar
1147 5033 1351 5101 desolatione
1366 5054 1494 5100 suoreun
1509 5033 1709 5098 soraborum

774 5161 917 5205 camerac
939 5140 1139 5224 apostolicae.

1166 5293 1327 5375 Aclnlouq
1352 5296 1437 5358 1356
1458 5293 1614 5360 Jcnuarr'i
1636 5293 1665 5358 8.
