3944 6060
293 401 335 466 92
895 395 1204 453 dommuccensem.

422 606 455 659 a
472 605 524 659 Av.
544 609 593 660 128
617 603 665 659 tol.
684 609 744 672 251,
767 605 799 659 a.
818 605 880 659 Vat.
900 611 950 660 216
973 604 1022 659 iol.
1041 611 1066 658 5.
1082 614 1117 644 ·-
1140 607 1163 670 ιι)
1181 604 1316 672 ,Pistorio‘
1335 607 1384 658 dv.
1411 604 1437 670 b)
1460 603 1638 672 ,1555555555ι
1656 605 1716 670 Au,
1739 605 1800 671 ‚Ts-

295 695 417 746 mazano‘
436 693 531 762 Suppl.
554 723 580 732 -
602 693 634 746 In
652 709 709 762 req.
728 693 823 762 Suppl.
848 691 947 746 25151.
967 696 1008 746 41¹
1033 692 1067 745 de
1085 691 1225 762 praedicto
1245 692 1367 761 prioratu
1392 699 1466 745 motu
1490 690 1602 761 proprio
1621 691 1709 745 eidem
1737 690 1802 745 Gui-

294 779 376 835 lelmo
396 777 560 834 conterendo
579 784 645 834 nota
662 777 702 832 fit.

944 956 1152 966 ——

294 1111 383 1177 217.
411 1109 522 1176 Curato
544 1111 612 1191 reqi
636 1113 848 1175 Romanorum
869 1109 1050 1194 indutqetur
1071 1111 1223 1174 ueletiam
1246 1109 1411 1186 inuitari,
1434 1111 1520 1175 eirea
1543 1111 1624 1195 quod
1645 1111 1801 1195 quaedam
1920 1081 1925 1088 ³

421 1235 532 1280 sacrae
553 1215 706 1298 reliquiae
727 1214 910 1299 imperiales
925 1216 1063 1296 suerint,
1086 1216 1187 1279 misso
1209 1216 1377 1280 solenniter
1399 1213 1550 1280 celebrari
1571 1214 1687 1280 ualeat.

342 1392 415 1441 .LX
427 1428 434 1442 .
1216 1368 1379 1450 dunione,
1405 1371 1491 1437 1354
1513 1370 1681 1437 Februarii
1702 1371 1755 1437 28.

422 1562 593 1629 Carissimo
625 1563 656 1628 in
683 1559 809 1628 Christo
830 1559 895 1626 filio
925 1562 1053 1642 Karolo,
1085 1562 1153 1644 regi
1184 1563 1396 1628 Romanorum
1425 1563 1543 1628 illustri
1571 1562 1708 1628 salutem
1738 1569 1799 1628 etc.

292 1667 416 1733 Erirnie
440 1673 495 1732 555
519 1666 780 1732 devocionis...
803 1713 808 1724 .
832 1666 942 1749 Nuper
965 1665 1121 1747 siquidem
1145 1685 1201 1748 pro
1217 1673 1308 1748 parte
1329 1673 1384 1731 tua
1399 1667 1491 1733 nobis
1506 1666 1693 1750 exposito,¹)
1717 1668 1800 1749 quod

293 1778 328 1836 tu
351 1774 437 1837 inter
459 1772 627 1836 nonnullas
651 1789 757 1836 sacras
781 1770 942 1854 reliquias,
965 1770 1147 1852 imperiales
1170 1770 1283 1835 inillis
1303 1772 1447 1852 partibus
1469 1778 1677 1855 nuncupatas,
1700 1770 1800 1837 habes

291 1895 392 1959 penes
414 1883 447 1942 te
472 1882 592 1941 certam
615 1882 739 1958 partem
763 1875 802 1939 de
825 1874 912 1957 ligno
935 1878 1044 1938 sancte
1069 1874 1180 1952 crucis,
1209 1875 1243 1938 in
1265 1893 1327 1955 qua
1351 1875 1491 1940 55155555
1521 1880 1631 1941 nostor
1653 1875 1800 1940 domiuus

292 1987 401 2047 noster
434 1981 530 2047 15555
564 1979 711 2044 Christus
734 1999 790 2061 pro
813 1979 943 2043 humani
966 1978 1093 2061 generis
1113 1979 1335 2061 redempcione
1362 1979 1539 2062 pependit.
1561 2028 1622 2044 ...
1647 1985 1681 2043 55
1703 1997 1800 2045 uuum

292 2105 332 2151 ex
355 2087 461 2169 clavis,
485 2104 554 2150 cum
570 2084 683 2166 quibus
706 2084 809 2148 eidem
834 2083 920 2148 eruci
942 2082 1004 2148 fuit
1026 2082 1148 2165 affixus,
1171 2102 1229 2147 nec
1252 2102 1315 2149 uon
1337 2083 1489 2167 lanceam,
1513 2102 1583 2148 cum
1599 2102 1661 2165 qua
1680 2083 1799 2148 beatis·

291 2190 390 2255 imum
412 2190 499 2255 15555
520 2190 592 2254 5155
618 2188 729 2253 extitit
750 2187 955 2270 perforatum,
987 2206 1046 2253 nos
1069 2188 1109 2252 ad
1132 2188 1234 2270 ipsius
1257 2189 1468 2270 redemptoris
1489 2187 1592 2252 nostri
1614 2187 1743 2253 laudern
1766 2192 1801 2251 et

291 2294 424 2378 gloriam
453 2295 522 2376 tibi,
557 2294 640 2375 quod
671 2293 704 2357 in
735 2293 837 2377 altari,
872 2293 904 2357 in
936 2312 997 2374 quo
1026 2312 1083 2375 pro
1114 2298 1256 2375 tempore
1287 2293 1421 2374 reliquie
1444 2292 1514 2375 ipse
1537 2291 1665 2372 1555155,
1702 2291 1800 2357 certis

291 2400 404 2464 515555
428 2417 464 2462 55
487 2398 732 2464 solennitatibus
756 2403 830 2461 tunc
847 2397 1007 2479 expressis
1023 2396 1121 2461 missa
1147 2415 1217 2461 cum
1233 2403 1310 2461 uota
1324 2415 1382 2479 per
1398 2397 1573 2479 simplicem
1589 2396 1800 2472 sacerdotem,

291 2504 345 2584 qui
369 2510 444 2568 tuuc
466 2503 592 2566 mitram
615 2501 828 2584 pontificalem
858 2502 890 2566 in
915 2502 1018 2584 capite
1043 2520 1100 2567 suo
1124 2508 1258 2583 teneret,
1290 2501 1466 2565 solenniter
1498 2502 1622 2566 valeret
1643 2506 1800 2583 perpetuo

291 2608 456 2683 celebrari,
481 2608 672 2673 auctoritate
696 2608 871 2689 apostolica
893 2626 951 2689 per
974 2613 1099 2671 nostras
1123 2606 1202 2671 certi
1226 2606 1347 2670 tenoris
1370 2606 1495 2671 litteras
1526 2605 1672 2670 duximus
1696 2602 1799 2669 indul-

291 2713 437 2795 gendum,
460 2719 554 2795 prout
578 2713 611 2776 in
634 2712 755 2776 eisdem
772 2712 889 2776 litteris
906 2712 1031 2794 plenius
1047 2712 1236 2776 continetur.
1264 2711 1340 2775 Cum
1361 2715 1477 2793 autem,
1501 2711 1584 2775 sicut
1599 2709 1799 2792 postmodum

291 2817 382 2880 uobis
406 2816 548 2880 exhibita
571 2822 627 2880 tun
650 2815 766 2897 peticio
790 2816 982 2896 continebat,
1012 2814 1136 2897 prefate
1167 2815 1301 2895 reliquie
1330 2820 1418 2880 55555
1443 2815 1515 2897 5155,
1542 2814 1626 2895 quod
1648 2813 1682 2878 in
1704 2812 1799 2877 uitari

291 2921 396 3001 aliquo
420 2921 571 2985 decenter
603 2926 636 2984 et
659 2921 819 2984 commode
850 2919 969 2983 includi
1002 2937 1058 2982 seu
1081 2937 1179 3001 supra
1201 2919 1280 2983 illud
1304 2918 1453 2984 collocari
1476 2937 1538 2984 uou
1562 2925 1703 3000 possent,
1741 2934 1800 2982 nos

291 3025 356 3089 tuis
380 3026 505 3090 devotis
529 3025 817 3107 supplicationibus
846 3023 1000 3094 inclinati,
1025 3029 1061 3086 ut
1083 3023 1183 3086 eciam
1207 3025 1239 3088 in
1263 3023 1367 3098 altari,
1396 3022 1479 3087 infra
1501 3028 1608 3087 tamen
1632 3021 1800 3086 ecclesiam

291 3129 362 3211 sito,
397 3129 481 3193 circa
511 3130 594 3210 quod
624 3148 681 3210 pro
712 3134 854 3208 ternpore
881 3126 1005 3209 pretate
1035 3127 1170 3208 reliquie
1201 3127 1328 3209 fuerint,
1362 3128 1475 3193 diebus
1506 3134 1539 3192 et
1568 3127 1800 3193 festivitatibus

292 3234 483 3316 supradictis
514 3234 611 3297 missa
642 3252 711 3297 cum
741 3239 818 3298 nota
840 3251 899 3314 per
922 3232 1096 3314 simplicem
1120 3233 1327 3314 sacerdotem,
1360 3233 1413 3313 qai
1436 3233 1562 3297 mitram
1584 3230 1800 3314 pontificalem

291 3338 441 3402 similiter
463 3337 617 3419 incapite
634 3355 691 3400 suo
708 3341 827 3418 teneat,
851 3336 1026 3401 solenniter
1040 3341 1196 3419 perpetuo
1212 3337 1327 3418 valeat,
1352 3343 1388 3400 ut
1402 3337 1609 3421 premittitur,
1633 3337 1801 3408 celebrari,

293 3442 459 3506 devocioui
482 3448 537 3506 tue
561 3442 753 3505 auctoritate
776 3441 922 3523 predicta
948 3447 1060 3507 tenore
1084 3442 1283 3522 presencium
1313 3442 1516 3524 indulgemus
1659 3443 1800 3507 11151-
1835 3471 1839 3479 ·

292 3547 387 3611 51555
412 3547 443 3610 11
466 3545 528 3610 kal.
553 3546 666 3611 Marcii
690 3566 716 3611 a.
742 3547 892 3611 secundo.

421 3733 452 3787 R.
472 3736 520 3787 As.
541 3740 590 3789 luo
610 3733 735 3799 151441,
755 3735 786 3788 R.
806 3734 867 3788 Vnt.
887 3739 937 3786 226
957 3733 1003 3787 iol.
1025 3739 1081 3787 1so.
1102 3765 1132 3772 -
1154 3735 1174 3800 ¹)
1193 3733 1270 3787 Coni.
1289 3751 1329 3787 nr.
1349 3741 1407 3788 209.

291 4117 381 4183 218.
425 4115 659 4200 Bamberqensi,
701 4114 943 4180 Vratisiauiensi
975 4120 1005 4181 et
1040 4115 1212 4180 Lubneensi
1244 4117 1396 4198 episcopis
1428 4116 1611 4195 mandatur,
1645 4123 1802 4202 quatenns

286 4242 410 4305 papum
432 4222 471 4286 de
491 4222 648 4286 uniuersis
663 4221 913 4285 circumstantiis
928 4220 1169 4285 Budissinensis
1183 4221 1329 4286 ecclesiae
1350 4222 1386 4286 in
1399 4220 1612 4288 cathedralem
1632 4223 1802 4304 eriqendac

360 4414 390 4464 X
881 4325 1041 4389 certiorem
1058 4326 1201 4404 saciant.

359 4499 389 4549 X
1216 4478 1379 4564 Acinione,
1403 4483 1489 4547 1354
1510 4483 1679 4548 Februarii
1700 4486 1753 4549 28.

341 4625 346 4638 .
363 4586 393 4637 X

419 4671 664 4737 venerabilibus
680 4671 832 4736 iratribus
846 4720 874 4734 ..
899 4671 1128 4753 Bambergeusi
1145 4676 1178 4734 55
1192 4722 1218 4736 ..
1241 4671 1498 4738 Wratislauieusi
1515 4692 1551 4738 ac
1570 4723 1577 4738 .
1596 4724 1602 4738 .
1626 4673 1800 4741 Lubiceusi

290 4775 449 4858 episcopis
478 4776 613 4840 salutem
645 4782 706 4839 etc.
752 4774 950 4856 Significavit
980 4776 1096 4841 nobie.
1117 4827 1124 4839 .
1145 4828 1177 4839 ..
1202 4776 1339 4841 Karalus
1370 4778 1581 4844 Romanorum
1611 4785 1646 4845 et
1667 4780 1800 4847 Boemie

289 4897 346 4942 rex
362 4878 506 4961 illustris,
529 4880 613 4959 quod
628 4878 698 4960 ipse
714 4896 834 4943 summe
851 4881 935 4961 gerit
949 4879 982 4943 in
998 4880 1089 4962 votis,
1113 4886 1147 4944 ut
1164 4881 1203 4943 ed
1219 4879 1317 4944 divini
1335 4882 1471 4947 nominis
1482 4882 1610 4949 laudem
1628 4883 1802 4968 collegiata

289 4983 426 5047 ecclesia
447 4983 481 5046 iu
503 4982 580 5047 villa
602 4982 754 5048 Budissin
778 4984 950 5049 Misnensis
973 4985 1065 5068 dioc,
1096 4984 1129 5048 in
1153 4984 1291 5049 dominio
1322 5005 1379 5051 555
1402 4987 1493 5070 regui
1516 4988 1646 5053 Boemie
1673 4988 1801 5056 151555

289 5088 329 5152 ad
351 5088 411 5154 hoc
433 5089 512 5152 satis
543 5092 617 5170 apto
648 5094 682 5152 55
712 5090 836 5171 ydoneo
866 5090 1055 5171 consistens,
1087 5091 1230 5171 erigatur
1259 5093 1291 5156 in
1322 5093 1539 5158 cathedralem
1570 5092 1740 5160 ecclesiam
1764 5114 1801 5160 ac

288 5191 374 5258 dicta
397 5192 474 5257 villa
495 5191 635 5257 civitatis
668 5194 820 5259 vocabulo
851 5194 1030 5270 decoretur,
1061 5199 1095 5258 et
1117 5195 1200 5274 quod
1230 5196 1301 5277 ipsa
1331 5197 1468 5261 ecclesia
1497 5203 1571 5280 post
1600 5197 1801 5265 crecciouem

286 5294 467 5362 huiusmodi
495 5295 553 5362 fiat
583 5295 786 5379 suffraganee
815 5299 985 5381 Pragensis
1017 5299 1163 5380 55515515,
1197 5317 1258 5379 555
1289 5300 1368 5367 5555
1402 5301 1622 5385 suffraganeos
1655 5305 1801 5370 noscitur
