3944 6060
236 429 302 493 522
839 426 909 476 Acts
926 421 1080 477 Innocentii
1098 423 1151 477 Vl.

235 639 420 703 secuturum
439 682 446 696 .
465 681 471 695 .
491 682 498 696 .
519 682 536 713 .,
566 631 712 713 promisit
741 630 848 695 lacero
880 629 1057 696 certificare
1088 632 1128 695 de
1160 649 1236 697 vero
1268 629 1376 695 valore
1407 629 1490 695 inira
1520 649 1637 696 annum
1656 682 1664 697 .
1685 682 1694 697 .
1713 678 1750 698 ..

236 738 356 802 iuravit
378 742 447 814 etc,
472 735 676 818 presentibus
699 735 862 800 Ferrando
884 735 1044 817 Rodorici‚
1068 734 1232 817 Stephano
1249 734 1411 817 Aymeriei
1433 734 1515 799 alias
1538 735 1578 799 de
1602 733 1755 800 Caelario

237 840 476 904 Pelentinensis
499 844 533 902 et
557 838 760 903 Caturcensis
791 838 871 903 dioc.

367 1027 434 1080 Coll.
462 1028 551 1080 Alam.
578 1030 774 1098 (last-1364)
802 1043 842 1080 nr.
872 1031 896 1079 6.
924 1025 971 1080 101.
999 1022 1050 1080 43¹.
1083 1058 1114 1066 -
1146 1033 1169 1091 ι)
1189 1026 1352 1095 suppletum
1381 1041 1415 1079 ex
1442 1025 1509 1080 10110
1536 1031 1578 1078 20.
1607 1055 1640 1064 -
1666 1024 1747 1080 Gonl.

236 1131 277 1167 nr.
300 1120 373 1166 1299.

891 1273 1089 1281 ———-

236 1446 352 1509 1315.
379 1444 533 1507 lodovico
556 1442 594 1506 de
617 1443 821 1527 Nordenlrerp
834 1443 865 1529 ⁸)
888 1442 1050 1525 capellana
1072 1440 1184 1506 Caroli
1209 1444 1422 1506 Romanorum
1447 1442 1649 1524 imperatoris
1666 1461 1746 1525 pro·

234 1547 358 1611 videtur
389 1547 432 1610 ad
454 1545 714 1628 supplicationem
747 1547 850 1629 ipsias
872 1546 1073 1629 imperatoris
1096 1545 1134 1609 ae
1154 1547 1342 1610 canonicatu
1364 1544 1513 1610 ecclesiae
1534 1544 1748 1626 ,40000100οί0

129 1684 130 1688 =
234 1650 291 1714 aab
312 1652 526 1733 eapectatione
546 1650 756 1732 praebendae,
781 1671 842 1715 non
871 1649 1075 1732 oenomaus,
1110 1649 1192 1731 qaod
1221 1650 1255 1713 in
1277 1649 1457 1730 Epstetcrrsi
1488 1653 1518 1713 et
1539 1648 1745 1715 Feaclrtaoan·

231 1751 357 1839 pensib)
391 1754 527 1818 ecclesiis
562 1755 768 1819 canonicatus
802 1759 832 1818 01
859 1754 1062 1837 praebendas
1084 1759 1114 1818 01
1133 1753 1350 1837 parochialem
1379 1752 1543 1818 ecelesiam
1566 1753 1603 1817 in
1629 1752 1744 1819 casea

234 1858 352 1933 teimc)
374 1859 586 1939 Anpnstensis
608 1862 637 1922 et
660 1858 897 1942 Hertipolensis
912 1858 997 1924 dioc.
1020 1858 1145 1940 obtinet,
1176 1863 1207 1921 et
1228 1857 1408 1938 beneficiam
1430 1855 1678 1923 ecclesiasticum
1700 1856 1745 1920 ad

235 1962 433 2027 collationem
467 1963 603 2045 episcopi
637 1962 874 2045 Hertipotensis
901 1964 1063 2045 pertinens
1095 1962 1158 2025 sibi
1180 1967 1370 2027 reservatur.
1419 1961 1512 2044 „Vite
1535 1981 1573 2026 ac
1596 1960 1741 2026 morum“

641 2068 817 2150 „Aninione
838 2068 912 2131 IIII
922 2087 994 2132 non.
1018 2067 1112 2132 Junii
1136 2087 1166 2130 0.
1192 2065 1340 2130 (1001001

339 2169 343 2229 l
367 2135 402 2213 A
1256 2203 1418 2283 Acinione,
1443 2204 1528 2269 1362
1550 2203 1645 2271 Junii
1666 2206 1698 2267 2.

300 2293 305 2304 .
323 2256 352 2306 Χ
367 2257 397 2306 X

365 2392 397 2446 a.
416 2396 467 2445 Av.
488 2391 740 2447 1191014411-
761 2397 785 2462 ι)
804 2393 992 2462 ‚Nortenberg‘
1012 2395 1061 2447 Av.
1081 2393 1106 2460 b)
1127 2393 1362 2462 ,Fuhewangensi‘
1380 2396 1430 2447 Ar.
1452 2396 1476 2459 c)
1496 2393 1675 2460 ,Vlsenheim‘
1693 2396 1745 2446 Ar.

234 2510 263 2519 -
286 2476 364 2533 Cant.
384 2481 458 2534 Mon.
478 2480 538 2533 Vat.
558 2482 570 2534 I
589 2497 631 2534 nr.
650 2485 709 2544 913,
728 2484 787 2536 914.

237 2865 355 2930 1316.
380 2861 488 2926 Nobili
509 2863 576 2925 oiro
598 2860 742 2927 Jaloanni
764 2862 801 2925 de
825 2861 961 2944 Dtrni·)
985 2861 1081 2924 militi
1105 2861 1275 2944 Propensis
1298 2861 1374 2925 alioc.
1399 2859 1591 2940 indntpetar,
1614 2863 1650 2922 nt
1673 2879 1745 2924 eon·

226 2969 336 3044 sessor
359 2967 426 3031 eina
448 2968 482 3028 in
504 2966 614 3029 mortis
639 2967 775 3030 articulo
806 2965 935 3048 plenam
967 2966 1107 3030 omnimn
1124 2970 1327 3048 peccatorum
1349 2964 1565 3029 remissionem
1587 2964 1617 3026 ci
1639 2982 1747 3028 conce·

418 3069 490 3133 clere
509 3071 621 3149 possit.
649 3068 836 3154 „Provenit“
864 3070 1042 3154 „Aninione
1065 3071 1136 3134 XII
1152 3069 1215 3134 icat.
1241 3069 1333 3135 Janii
1356 3090 1385 3132 0.
1410 3067 1562 3133 11001010.1

1243 3206 1404 3286 Antiniana,
1426 3207 1512 3271 1362
1536 3205 1623 3271 Maii
1644 3207 1698 3269 21.

364 3395 397 3450 R.
417 3401 466 3449 Ar.
489 3403 536 3448 148
556 3397 603 3449 101.
623 3402 682 3450 0117.
702 3427 731 3434 -
754 3399 780 3461 ι)
800 3397 919 3465 ,Dyerni‘
938 3399 988 3450 Av.
1008 3426 1040 3435 —
1060 3395 1136 3450 Cont.
1154 3412 1195 3448 nr.
1214 3398 1273 3450 880.

234 3780 353 3843 1317.
379 3777 568 3860 Compositio
605 3778 697 3842 Pauli
723 3780 860 3843 Martini
888 3779 1107 3861 praecaeteris
1130 3775 1279 3841 Andreae
1303 3777 1456 3842 liacaonis
1486 3777 1524 3840 cle
1547 3776 1623 3840 nun
1645 3796 1748 3859 snper

431 3885 562 3946 annalis
586 3882 624 3946 de
646 3884 837 3948 canonicato
859 3887 888 3947 et
906 3881 1090 3963 praebenda
1113 3879 1260 3946 ccclesiae
1283 3879 1539 3946 Baleslaeiensis.

1445 4017 1530 4083 1362
1552 4018 1645 4083 Junii
1667 4018 1698 4081 9.

361 4158 530 4240 Pragensis
553 4157 672 4241 [dioc.].

362 4276 443 4340 Item
467 4278 579 4342 eodem
603 4296 693 4359 anno,
730 4278 908 4342 indiccione
940 4280 1053 4360 quibus
1085 4297 1182 4360 supra
1213 4276 1439 4361 [MCCOLXIL
1468 4275 1646 4340 indiccione
1669 4274 1742 4360 XV,

232 4380 461 4462 pontificatus.
482 4431 488 4444 .
510 4433 516 4445 .
537 4430 543 4443 .
568 4382 803 4446 innocencii..
824 4431 857 4446 ..
882 4401 964 4464 pape
987 4382 1032 4446 Vl
1055 4401 1082 4448 a.
1107 4380 1242 4464 decimo]
1251 4380 1279 4465 ⁸)
1296 4386 1330 4444 01
1345 4381 1397 4445 (110
1420 4398 1504 4446 nono
1519 4379 1637 4444 mensis
1653 4378 1745 4445 Junii

233 4485 390 4548 discretus
413 4485 461 4549 vir
490 4486 608 4550 Paulus
640 4485 772 4550 Martini
794 4492 900 4550 rector
923 4487 1034 4551 alteris
1069 4505 1094 4552 s.
1118 4486 1221 4551 Maria
1244 4484 1335 4549 Nivis
1359 4484 1392 4548 in
1416 4482 1553 4548 ecelesia
1575 4483 1738 4567 Pragensi

231 4594 269 4652 01
292 4595 477 4670 procurator
499 4590 625 4654 Andros
648 4591 805 4655 Raczonis
829 4590 868 4655 de
892 4591 973 4667 Dub,
998 4591 1049 4655 eui
1072 4589 1134 4654 luit
1162 4588 1324 4672 provisum
1347 4589 1387 4653 de
1403 4587 1590 4652 canonicatu
1613 4593 1648 4653 et
1669 4605 1744 4670 pre-

233 4694 337 4757 banda
360 4694 495 4757 ecclesie
519 4695 772 4758 Boleslauiensis
796 4694 966 4776 Pragensis
990 4693 1080 4775 dion,
1103 4693 1280 4776 composuit
1303 4699 1336 4756 et
1360 4709 1395 4756 se
1419 4690 1572 4774 obligavit
1594 4697 1631 4755 nt
1653 4693 1744 4773 prin·

231 4796 343 4878 cipalis
367 4803 401 4860 et
423 4803 459 4860 ut
482 4798 620 4879 primata
642 4816 780 4880 persona
805 4800 845 4862 ad
869 4798 1055 4862 solvendum
1079 4798 1284 4861 medietatem
1308 4795 1467 4860 fructuum
1495 4795 1597 4877 prime
1621 4801 1743 4861 anneta

232 4899 357 4964 afesto
381 4903 408 4965 b.
442 4900 598 4967 Johannis
630 4903 777 4984 Baptiste
811 4902 953 4983 proxime
984 4902 1126 4966 instante
1157 4902 1197 4964 ad
1227 4920 1354 4983 annum,
1378 4899 1496 4963 iuravit
1519 4905 1578 4963 etc.
1624 4898 1687 4963 Die
1711 4900 1744 4964 X

232 5004 351 5070 mensis
381 5005 568 5069 Decembris
601 5025 627 5068 a.
654 5006 742 5070 LXII
773 5007 856 5070 idem
888 5006 1009 5070 Paulus
1045 5005 1176 5069 Martini
1206 5005 1359 5086 obligavit
1382 5021 1416 5068 se
1440 5004 1480 5068 (10
1503 5021 1584 5069 novo
1608 5007 1647 5067 ut
1668 5022 1747 5086 pro-

232 5114 359 5173 curator
393 5109 434 5173 ad
458 5108 644 5174 solvendum
679 5110 711 5173 in
736 5111 872 5174 temnino
907 5111 970 5174 iam
995 5110 1081 5175 dicto
1115 5112 1173 5174 sub
1207 5110 1299 5193 penis
1322 5107 1488 5191 predictis,
1527 5107 1646 5172 iuravit
1669 5113 1745 5192 010,

230 5213 415 5278 resentibus
448 5213 585 5278 dominis
617 5213 771 5280 Falcone
797 5214 921 5279 Pererii
957 5216 1122 5297 preposito
1144 5213 1351 5279 Valeneiensi
1385 5218 1421 5277 et
1443 5211 1587 5277 Oliuerio
1611 5211 1652 5278 de
1674 5211 1750 5278 Ma·

231 5315 321 5380 derio
344 5316 456 5382 milite.
