3944 6060
696 434 762 490 1356
780 426 923 491 Februarii
941 436 958 489 4
975 466 1008 476 —
1027 427 1170 491 Februarii
1187 441 1211 490 8.
1648 432 1702 506 lil

198 645 336 710 ecclesie
359 638 524 713 consulere
548 643 772 732 predictorum,
808 645 996 711 discrecioni
1020 652 1084 728 tue,
1120 647 1160 712 de
1189 664 1251 726 qua
1275 648 1400 732 plenam
1423 647 1455 710 in
1479 645 1605 712 domino
1628 645 1706 710 fidn-

197 749 279 812 ciam
302 749 489 828 obtinemus,
524 766 583 831 per
616 755 648 813 te
682 750 734 816 vel
756 751 852 815 alium
886 768 943 816 seu
974 751 1054 817 alios
1067 751 1096 835 d)
1119 754 1262 835 petendi,
1294 753 1444 834 erigendi
1475 758 1509 817 et
1532 751 1706 834 recipiendi

196 853 369 936 aprelatis,
394 855 494 918 eciam
518 854 545 917 si
569 853 830 938 archiepiscopali
863 861 918 919 aut
941 857 1052 936 quavis
1075 858 1139 922 aliu
1160 857 1363 940 prefulgeant
1385 856 1561 939 dignitate,
1584 874 1707 920 necnon

198 957 334 1041 clericis,
358 959 511 1042 personia,
549 958 706 1042 capitulis,
740 960 948 1026 conventibus
981 968 1016 1026 et
1059 961 1202 1044 collegiis
1235 963 1314 1045 ipsis
1339 962 1483 1027 omuibus
1517 970 1549 1024 et
1573 959 1707 1041 singulis

198 1078 307 1126 ornnes
330 1068 364 1126 et
386 1063 527 1145 singulas
550 1063 754 1145 pecuniarum
778 1071 834 1129 aaut
857 1082 961 1130 rerum
977 1065 1192 1147 quarumlibet
1222 1065 1354 1130 aliarum
1366 1065 1562 1146 quantitates
1574 1069 1608 1128 et
1623 1081 1705 1126 sum·

198 1183 264 1228 ruas
287 1165 391 1231 eidem
414 1165 559 1248 ecclesie,
584 1166 651 1232 sive
676 1185 790 1233 census
813 1176 870 1233 aut
892 1166 1003 1251 quovis
1026 1171 1088 1237 alio
1105 1171 1239 1254 nomine,
1262 1170 1366 1252 titulo,
1390 1169 1516 1234 racione
1531 1185 1589 1232 seu
1606 1184 1702 1231 causa

196 1269 321 1334 debitas
352 1289 408 1352 pro
438 1271 606 1353 preterito
639 1277 782 1356 tempore
813 1280 847 1338 et
877 1273 1038 1339 debendae
1061 1275 1192 1340 inantea
1214 1293 1271 1358 pro
1293 1273 1409 1356 futuro,
1444 1279 1478 1336 et
1500 1290 1556 1338 eos
1579 1272 1618 1335 de
1642 1270 1705 1335 hiis

197 1371 370 1456 dumtaxat,
393 1393 454 1456 que
478 1377 517 1441 ab
530 1375 613 1458 ipsis
637 1376 781 1459 recipere
809 1383 842 1441 te
866 1379 1038 1462 continget,
1062 1378 1247 1446 absolvendi
1270 1383 1305 1443 et
1327 1376 1472 1459 quitandi
1494 1376 1589 1460 plene
1612 1381 1645 1440 et
1667 1374 1704 1438 li-

197 1477 271 1541 bere
303 1497 340 1542 ac
362 1479 493 1563 insuper
516 1480 766 1547 contradictores
804 1483 1000 1547 auctoritate
1035 1491 1145 1550 nostra
1178 1503 1236 1566 per
1266 1500 1431 1548 censuram
1454 1479 1703 1545 ecclesiasticam

195 1582 412 1663 appellacione
446 1585 626 1668 postposita
659 1587 889 1668 compescendi,
924 1587 1050 1669 plenam
1085 1589 1285 1654 concedimus
1320 1594 1431 1653 tenore
1454 1584 1654 1668 presencium
1673 1591 1700 1660 e)

196 1693 387 1768 potestatem
408 1740 416 1755 .
434 1740 440 1754 .
460 1741 495 1757 ..
530 1691 682 1756 Volumus
706 1698 824 1776 autern,
858 1694 942 1773 quod
965 1694 1005 1758 de
1029 1693 1100 1775 biis,
1131 1710 1195 1774 que
1220 1693 1252 1756 in
1276 1690 1440 1774 premissis
1464 1688 1700 1771 quomodolibet

196 1792 310 1875 egeris,
332 1812 391 1876 per
413 1801 561 1878 patentes
584 1796 711 1860 litteras
735 1802 806 1861 tuas
830 1798 955 1879 publica
980 1817 1073 1863 manu
1101 1797 1237 1879 scriptas
1254 1815 1411 1862 cameram
1426 1801 1567 1861 nostram
1582 1791 1702 1858 elicias

195 1897 376 1981 certiorem,
411 1901 557 1981 quodque
580 1919 638 1983 per
661 1900 720 1966 boc
742 1902 864 1965 nullum
887 1903 991 1968 eidem
1015 1903 1150 1968 ecclesie
1175 1902 1384 1985 preiudicium
1407 1906 1590 1983 generetur,
1625 1915 1700 1979 quo-

194 2001 297 2067 minus
320 2003 378 2087 illi,
413 2005 466 2085 qui
490 2005 530 2070 ad
553 2005 745 2070 solucionem
776 2006 955 2072 huiusmodi
978 2008 1081 2073 eidem
1113 2007 1257 2088 ecclesie,
1292 2005 1470 2086 ubicunque
1493 2004 1565 2085 ipsa
1586 2000 1694 2083 fuerit,

194 2104 369 2172 laciendum
393 2115 551 2193 tenentur,
574 2110 614 2174 ad
637 2110 724 2174 illam
747 2110 953 2194 imposterum
977 2114 1022 2176 sic
1046 2111 1149 2175 eidem
1165 2109 1341 2175 faciendam
1357 2109 1492 2174 ecclesie
1508 2111 1696 2172 remaneant

194 2210 336 2292 obligati.
361 2213 399 2276 D.
424 2213 580 2280 Auiniouc
603 2233 676 2280 nou.
703 2215 867 2281 Februarii
891 2237 918 2281 a.
943 2222 1065 2298 quarto.

321 2400 353 2455 R.
371 2403 434 2457 Vat.
451 2409 502 2456 238
521 2403 567 2457 fol.
588 2411 628 2468 15,
648 2404 679 2458 R.
698 2404 759 2458 Vat.
778 2411 830 2459 att
848 2405 870 2458 F
888 2405 1022 2473 (Archet.)
1049 2410 1218 2459 ιιι.166.-
1237 2404 1302 2472 Reg
1322 2401 1396 2472 apud
1416 2400 1519 2463 Dudik,
1546 2400 1602 2455 lter
1621 2399 1697 2454 Rom.

191 2483 216 2539 ll
225 2502 287 2556 pag.
298 2494 354 2542 tau.
366 2519 399 2529 -
422 2494 447 2555 ι)
456 2489 565 2544 initium
580 2491 664 2546 buius
677 2492 785 2547 litterae
796 2492 824 2545 in
837 2493 948 2548 Archet.
957 2493 1077 2561 genuine
1090 2493 1163 2546 hunc
1178 2498 1298 2546 tenorem
1310 2488 1420 2544 babuit:
1432 2488 1509 2554 ,Sunt
1518 2488 1545 2541 in
1554 2487 1665 2542 civitate
1674 2495 1702 2541 et

192 2572 258 2628 dioc.
278 2591 311 2629 ac
329 2576 469 2644 provincia
488 2577 617 2646 Pragensi
636 2582 767 2634 nonnulle
787 2597 904 2649 persone
923 2580 1113 2635 ecclesiastice
1126 2595 1231 2634 necnon
1244 2576 1376 2647 capitula,
1394 2583 1555 2635 conventus,
1574 2572 1701 2628 nonnulli

192 2661 291 2727 prelati
319 2669 346 2716 et
364 2664 457 2718 clerici
476 2681 507 2719 ac
526 2672 660 2735 persone‘,
688 2666 737 2721 sed
755 2653 798 2721 his
818 2669 927 2723 omnino
946 2668 1105 2723 cancellatis
1125 2665 1218 2720 eadem
1240 2680 1336 2718 manus
1355 2663 1405 2730 sic,
1436 2668 1466 2716 ut
1485 2660 1612 2729 superius
1633 2659 1700 2729 legi·

192 2756 242 2816 ⁸¹¹5,
262 2751 439 2806 continuavit.
468 2754 493 2820 b)
512 2753 654 2822 Sequitur:
673 2759 857 2826 ,aspersone‘,
877 2754 925 2810 aed
944 2754 1123 2809 cancellatum
1135 2754 1162 2807 in
1175 2752 1285 2807 Archet.
1310 2755 1332 2819 c)
1351 2750 1494 2818 Sequitur:
1514 2762 1699 2818 ,personarum

192 2837 287 2906 [supra
296 2837 342 2892 lin.
357 2838 444 2894 adscr.
463 2840 624 2910 „providere
637 2845 699 2913 ac“]
713 2843 906 2912 indempnitati
918 2842 1032 2898 ecclesie
1051 2841 1195 2897 considere
1214 2838 1407 2910 predictarum,
1428 2835 1589 2892 discrecioni
1602 2844 1648 2889 tue
1661 2835 1696 2888 ab

193 2926 339 2995 omnibus‘,
365 2927 415 2983 sed
434 2929 614 2985 cancellatum
634 2931 661 2984 iu
682 2932 793 2986 Archet.
818 2933 843 3000 d)
862 2932 905 2997 ‚de
925 2947 979 3000 qua
997 2959 1030 2970 —
1049 2930 1128 2985 alios‘
1147 2929 1173 2982 in
1193 2929 1253 2982 Vat.
1273 2933 1324 2981 2³8
1345 2925 1511 2980 ammissum.
1531 2929 1554 2991 e)
1566 2922 1695 2991 Sequitur

191 3014 541 3086 ,auctoritateapostolica‘,
561 3018 610 3073 sed
634 3020 814 3074 cancellatum
837 3018 864 3072 in
883 3019 994 3073 Archet.
1014 3048 1046 3058 —
1066 3018 1096 3071 lu
1115 3024 1192 3087 tergo
1212 3015 1336 3069 Archet:
1354 3029 1426 3081 ,non
1448 3011 1588 3067 Februarii
1607 3026 1630 3064 a,
1643 3009 1697 3063 llll

191 3104 220 3157 R.
240 3103 323 3160 XXl‘.

838 3268 1043 3278 —u'—

188 3435 277 3503 419.
303 3435 436 3504 Carolus
459 3441 672 3507 Romanorum
703 3445 876 3526 imperator
898 3445 1039 3525 rogatur,
1074 3441 1227 3523 quatenus
1257 3436 1396 3501 ordinem
1432 3432 1694 3499 Tbcutonicorum

189 3563 225 3605 ac
246 3547 352 3608 terras
374 3550 402 3608 et
425 3545 564 3610 subditos
599 3549 667 3611 eius
698 3546 813 3610 babeat
845 3546 1088 3611 commendatos.
1135 3541 1240 3623 „Quid
1263 3541 1399 3607 amaris“
1429 3537 1604 3619 „Auinione
1636 3536 1696 3599 VII

734 3650 776 3715 td.
802 3649 968 3714 Februarii
990 3674 1019 3714 α.
1047 3649 1144 3713 ΙΙ]Ι“.

1134 3785 1295 3865 Aninioen,
1318 3782 1406 3849 1356
1429 3780 1596 3846 Februarii
1620 3782 1647 3843 7.

315 3974 345 4032 lc
364 3978 427 4033 Vct.
445 3985 496 4033 aad
515 3978 539 4032 F}
558 3979 691 4046 (Archet.)
711 3996 750 4033 nr.
770 3984 812 4032 ab.
832 4010 863 4017 -
883 3979 947 4048 Reg.
968 3977 1042 4047 apud
1063 3977 1163 4046 Dudik,
1182 3976 1237 4031 Iter
1255 3976 1330 4030 Rom.
1350 3975 1377 4029 11
1396 3991 1456 4045 pag.
1479 3979 1536 4029 12⁴2.

833 4191 1038 4202 ——..--—

186 4362 273 4428 420.
299 4363 495 4447 Innocentius
513 4384 606 4447 papa
637 4365 683 4428 VI
699 4362 814 4430 Carula
839 4366 1051 4429 Romanarum
1074 4363 1260 4445 imperatori
1285 4380 1346 4445 pro
1376 4359 1493 4424 litteris
1522 4378 1615 4440 super
1638 4357 1689 4422 de-

185 4466 264 4530 cima
285 4465 362 4530 cieri
383 4469 419 4532 in
440 4467 639 4533 Alamannia
662 4468 788 4550 pretias
812 4469 878 4550 cpit
909 4473 938 4532 et
960 4490 1029 4533 eum
1051 4472 1153 4551 rapat,
1188 4471 1342 4552 quatenus
1369 4463 1581 4543 infractibus
1605 4461 1687 4526 calli·

185 4571 291 4650 andis
314 4571 473 4637 ancilium
492 4595 601 4656 papae
617 4579 770 4654 praestet.
811 4572 1068 4655 ,Magnitudinia
1088 4573 1159 4639 tue“
1188 4572 1360 4655 ,Aniciana
1390 4571 1432 4637 Vl
1451 4570 1495 4634 id.
1521 4565 1689 4632 Februarii

837 4703 866 4743 a.
891 4680 1034 4761 quarto“.

1120 4815 1284 4902 Aviniane,
1308 4816 1392 4880 1356
1415 4813 1583 4880 Februarii
1604 4816 1634 4879 8.

308 5002 340 5058 R
359 5003 421 5059 Vct
440 5007 491 5059 288
509 5003 556 5059 fol.
577 5002 626 5060 15¹.
646 5034 678 5044 —
698 5004 763 5075 Reg.
782 5003 857 5074 apud
876 5004 981 5075 Dadik,
999 5007 1056 5062 lter
1073 5004 1151 5060 Rom.
1170 5004 1197 5058 11
1216 5020 1277 5074 pag.
1299 5009 1356 5058 lea.

827 5233 858 5242 Δ..
870 5232 1033 5243 *φ
