3944 6060
881 425 953 478 Acta
974 423 1124 478 Innocentii
1144 423 1191 477 VI.

412 631 493 695 Item
517 631 673 696 Bubussio
697 638 771 698 nato
795 634 952 713 quondam
984 635 1111 697 Amasti
1143 635 1181 698 de
1214 634 1403 716 Pordowicz,
1435 637 1576 716 germani
1602 635 1744 716 episcopi
1757 635 1791 716 (i)
1872 675 1879 685 ·

284 736 461 816 Pragensis,
493 736 657 816 capellano
688 754 754 816 suo,
784 738 823 800 de
855 738 1041 801 canonicatu
1072 738 1207 801 ecclesie
1232 739 1410 819 Pragensis,
1442 739 1474 802 in
1505 758 1568 819 qua
1594 739 1790 804 auctoritaie

284 839 462 902 litterarum
499 839 575 903 dicti
606 840 843 920 predecessoris
875 841 973 904 vestri
997 861 1014 903 a
1037 842 1137 923 primo
1162 860 1242 904 anuo
1266 842 1469 922 pontificatus
1500 843 1548 905 sui
1573 843 1792 906 canonicatum

284 943 462 1024 obtinuit,²)
494 949 588 1024 prout
611 943 741 1007 obtinet
776 950 810 1007 et
832 946 1024 1026 prebendam
1056 946 1246 1026 expectavit,
1277 965 1347 1009 cum
1379 946 1599 1010 reservacione
1630 946 1791 1027 prebende

283 1046 427 1111 vacantis
458 1047 507 1110 vel
531 1054 680 1111 vacatura
704 1054 763 1112 etc.
796 1055 959 1130 utsupra,
993 1068 1057 1113 non
1087 1050 1244 1130 obstante,
1279 1049 1361 1129 quod
1393 1051 1623 1131 preposituram
1656 1049 1791 1114 ecclesie

284 1151 593 1225 buchonieransise)
618 1152 787 1233 Pragensis
811 1153 891 1218 dioc.
914 1160 949 1216 et
970 1153 1002 1216 in
1020 1153 1286 1234 llagdeburgensi
1307 1155 1364 1216 sub
1381 1154 1606 1234 expectatione
1630 1154 1792 1236 prebende

284 1262 318 1319 et
340 1255 373 1318 in
397 1273 421 1319 s,
439 1255 546 1336 Egidii
565 1255 823 1321 Wratislauiensi
847 1257 991 1320 ecclesiis
1015 1276 1084 1320 cum
1107 1257 1270 1338 prebenda
1292 1256 1497 1321 canonicatus
1520 1257 1653 1333 obtinet,
1677 1257 1792 1337 quibus

285 1359 522 1425 canonicatibus
546 1366 579 1421 et
601 1361 762 1440 prebende
779 1362 920 1425 eiusdem
945 1361 1079 1424 ecclesie
1104 1379 1127 1423 s.
1146 1361 1253 1442 Egidii
1277 1367 1407 1442 paratus
1430 1367 1481 1424 est
1503 1362 1698 1441 renunciare,
1723 1379 1792 1424 cum

284 1464 478 1546 prebendam
501 1463 602 1544 ipsius
626 1463 762 1527 ecclesie
787 1465 955 1546 Pragensis
978 1464 1076 1528 fuerit
1099 1471 1272 1528 assecutus.

414 1568 487 1630 Fiat
510 1566 546 1631 G.
580 1567 617 1629 b.
644 1567 727 1648 apud
763 1567 988 1631 l'illamuouam
1021 1568 1245 1631 Auinionensis
1275 1568 1365 1650 dioc,
1390 1569 1421 1631 ll
1448 1569 1488 1632 id.
1512 1569 1599 1633 lunii
1631 1589 1659 1633 a.
1680 1570 1792 1651 primo.

418 1673 499 1737 Item
531 1671 696 1735 Leonardo
728 1672 825 1736 Vlrici
855 1674 968 1737 clerico
992 1669 1220 1754 Bripinansisb
1251 1673 1342 1753 dioc,
1374 1673 1574 1754 registratori
1612 1674 1793 1738 litterarum

285 1778 363 1842 dicti
386 1777 480 1858 regis,
505 1776 544 1840 de
560 1776 712 1841 beneficio
736 1776 952 1841 ecclesiastico
976 1795 1044 1839 cum
1068 1794 1143 1839 cura
1166 1777 1216 1839 vel
1240 1776 1309 1840 sine
1333 1795 1417 1857 cura,
1442 1782 1608 1858 spectante
1633 1777 1674 1841 ad
1696 1777 1791 1842 colla·

288 1883 419 1962 cionem,
454 1881 666 1963 provisionem
690 1880 741 1943 vel
764 1881 1038 1961 presentacionem
1062 1898 1117 1943 seu
1141 1881 1283 1960 quamvis
1307 1881 1401 1944 aliam
1424 1880 1668 1962 disposicionem
1692 1881 1793 1945 archi-

288 1986 440 2068 episcopi,
457 1985 622 2068 prepositi,
648 1985 759 2049 decani
775 1990 808 2049 et
823 1985 954 2066 capituli
971 1984 1138 2065 Prageusis
1161 1986 1367 2048 communiter
1383 1984 1432 2048 vel
1449 1985 1583 2066 divisim,
1605 1984 1638 2047 iu
1662 1984 1794 2050 civitate

288 2092 337 2155 vel
362 2091 443 2154 dioc.
468 2090 630 2172 Pragensi,
659 2089 792 2170 siquod
816 2095 908 2152 vacat
937 2089 978 2152 ad
1008 2105 1140 2170 presens
1171 2089 1219 2153 vel
1252 2108 1321 2152 curu
1352 2092 1518 2171 vacabunt,
1549 2107 1619 2153 cum
1650 2107 1793 2155 reserva-

287 2196 377 2260 cione
401 2201 461 2259 etc.
486 2200 651 2276 utsupra.

416 2298 497 2363 Fiat.
522 2299 559 2361 D.
583 2298 666 2381 apud
692 2298 920 2362 Villamnouam
945 2298 1168 2362 Aninionensis
1192 2297 1271 2362 dioc.
1296 2297 1344 2361 III
1366 2298 1409 2362 id.
1433 2298 1520 2362 Junii
1544 2317 1570 2362 a.
1594 2299 1705 2380 primo.

417 2403 497 2467 Item
521 2403 689 2466 Francisco
713 2401 850 2466 Conradi
873 2402 912 2466 de
936 2402 1005 2483 Tyn
1036 2402 1200 2483 capellano
1230 2421 1286 2466 suo
1315 2401 1517 2466 comnrausali
1541 2402 1581 2466 de
1604 2402 1793 2467 canonicatu

289 2507 425 2571 ecclesie
450 2506 744 2589 Wissegrandensis
767 2505 910 2587 predicte
934 2524 1002 2569 cum
1026 2506 1247 2571 reservacione
1271 2506 1430 2586 prebende
1454 2512 1514 2571 ete.
1539 2513 1703 2588 utsupra,
1730 2526 1794 2572 non

289 2613 446 2692 obstante,
469 2611 552 2691 quod
569 2612 756 2675 decanatum
773 2609 920 2675 Omnium
945 2609 1129 2674 Sanctomm
1145 2611 1178 2674 in
1194 2616 1298 2675 castro
1315 2611 1466 2692 Prageusi
1481 2611 1623 2676 noscitur
1638 2612 1797 2693 obtinere,

290 2734 361 2779 cunr
385 2714 535 2779 clausulis
559 2721 596 2779 ut
618 2733 722 2797 supra.

417 2820 490 2883 Fiat
513 2820 550 2883 G.
586 2820 623 2882 D.
655 2820 738 2901 apud
773 2820 1003 2883 Villamnouam
1039 2819 1262 2883 Aninionensis
1285 2820 1364 2884 dioc.
1390 2819 1419 2882 ll
1443 2819 1485 2882 id.
1510 2819 1597 2883 Juuii
1629 2839 1656 2882 a.
1682 2819 1796 2901 primo.

418 2924 498 2988 ltem
523 2924 676 2989 Pribislao
708 2925 747 2988 de
770 2923 959 3005 Lochcour,ss)
991 2923 1156 3005 capellano
1179 2943 1246 3005 suo,
1278 2925 1317 2988 de
1349 2925 1535 2988 carronicatu
1558 2924 1695 2988 ecclesie
1720 2924 1795 2988 Pra-

290 3031 397 3113 geusis
421 3048 489 3092 cum
513 3029 732 3092 reservacione
756 3029 916 3109 prebende
940 3033 1012 3100 etc„
1036 3048 1098 3093 non
1121 3031 1278 3111 obstante,
1301 3029 1384 3109 quod
1401 3028 1688 3093 archidiaconatum
1711 3028 1797 3092 Beli-

289 3152 419 3198 nensem
443 3133 613 3214 Pragensis
637 3132 716 3196 dioc.
741 3138 775 3196 et
796 3132 829 3195 in
854 3133 965 3195 eadem
984 3133 1135 3214 Prageusi
1158 3133 1293 3197 mediam
1318 3133 1510 3213 prebendam
1534 3134 1623 3197 etin
1647 3131 1795 3196 Omnium

290 3237 477 3303 Sanctorum
508 3242 541 3301 et
572 3255 595 3299 s.
620 3235 750 3317 Georgii
780 3235 813 3298 in
837 3242 941 3300 castro
966 3237 1117 3318 pragensi
1148 3237 1292 3302 ecclesiis
1322 3237 1526 3301 canonicatus
1559 3242 1593 3301 et
1615 3236 1798 3319 prebendas

290 3342 423 3422 obtinet,
455 3359 533 3421 quos
557 3339 683 3420 quidem
707 3339 910 3404 canonicatus
934 3344 968 3402 et
991 3341 1168 3420 prebendas
1192 3360 1228 3405 ac
1251 3341 1386 3405 mediam
1410 3341 1603 3422 prebendam
1634 3340 1798 3406 dimittere

290 3452 341 3511 est
363 3451 504 3528 paratus,
540 3462 609 3507 curn
640 3443 741 3524 ipsius
771 3443 906 3508 ecclesie
936 3443 1106 3524 Pragensis
1136 3445 1353 3508 canonicatum
1385 3450 1418 3508 et
1447 3445 1641 3527 prebendam
1672 3443 1798 3526 integre

293 3549 422 3631 pacifice
447 3547 545 3612 luerit
568 3553 740 3611 assecutus.

421 3655 493 3717 Fiat
517 3653 553 3718 G.
598 3654 636 3716 D.
670 3652 753 3734 apud
777 3652 1007 3717 Villamnouam
1032 3652 1256 3717 Aninionensis
1281 3653 1360 3716 dioc.
1386 3652 1416 3716 ll
1447 3652 1489 3716 id.
1513 3651 1600 3716 Junii
1632 3671 1660 3716 a.
1685 3653 1797 3734 primo.

421 3862 501 3925 ltenr
527 3860 695 3942 supplicat,
727 3867 884 3941 quatenus
908 3860 984 3923 dare
1008 3859 1181 3941 dignemini
1213 3860 1369 3940 aliquibus
1399 3860 1432 3923 iu
1455 3858 1622 3940 mandatis,
1653 3865 1690 3922 ut
1718 3859 1798 3923 duas

293 3965 375 4031 filias
415 3964 534 4028 Thubie
568 3964 679 4027 militis
703 3965 742 4028 de
778 3961 963 4046 ilemnykl)
1009 3963 1107 4044 recipi
1141 3962 1259 4027 iaciant
1292 3965 1322 4027 in
1358 3963 1583 4028 monasterium
1614 3962 1800 4027 monialium

292 4089 317 4135 s.
341 4069 504 4134 Francisci
528 4069 686 4150 Pragense
710 4069 830 4133 ordinis
854 4086 878 4131 s.
904 4067 996 4131 Clare
1019 4068 1052 4131 in
1075 4068 1243 4132 monachas
1267 4077 1300 4132 et
1322 4087 1447 4133 sorores
1471 4068 1595 4148 sibique
1618 4067 1799 4149 regularem

291 4174 434 4238 habiturn
458 4181 527 4255 etc,
551 4176 783 4238 nonobstante
808 4173 847 4236 de
872 4178 958 4235 certo
982 4172 1163 4236 monialium
1187 4191 1316 4237 numero
1340 4173 1440 4255 ipsius
1462 4170 1659 4236 monasterii.

421 4278 494 4342 Fiat
517 4279 557 4342 de
580 4297 652 4359 una,
688 4296 757 4341 cum
781 4277 906 4341 vacabit
928 4275 1015 4340 locus
1047 4277 1083 4340 G.
1121 4278 1162 4340 Et
1185 4278 1268 4358 quod
1291 4284 1435 4342 transeat
1458 4279 1526 4342 sine
1559 4277 1621 4341 alia
1644 4277 1800 4342 leccione·

293 4382 364 4445 Fiat
394 4389 427 4447 et
458 4382 674 4446 committatur
696 4399 829 4445 examen
872 4381 908 4445 G.
957 4381 993 4443 l).
1029 4382 1112 4462 apud
1138 4380 1366 4446 Villanrnouam
1390 4382 1615 4448 Aninionensis
1646 4381 1799 4447 diuelli

293 4487 334 4551 id.
359 4486 446 4550 Junii
471 4507 497 4550 a.
523 4486 623 4568 primo

423 4590 588 4673 Supplicat
618 4588 658 4654 gu
687 4589 740 4653 Vre
762 4590 895 4653 devotus
936 4589 1020 4652 lilius
1051 4595 1158 4653 vester
1190 4590 1325 4654 Karalus
1357 4592 1566 4655 Romanorum
1598 4597 1633 4655 et
1667 4590 1799 4655 Boemie

293 4715 360 4774 rex,
386 4707 552 4776 quatenus,
577 4714 645 4759 cum
672 4694 807 4759 dilectus
830 4694 1087 4775 prothonotarius
1111 4702 1145 4757 et
1167 4694 1365 4758 consiliarius
1389 4713 1465 4759 suus
1480 4694 1652 4771 lohannes,
1676 4693 1801 4759 electus

294 4800 429 4865 ecclesie
453 4799 723 4879 Nuernburgensis
751 4805 810 4862 etc.
829 4798 864 4880 il)

425 4900 536 4979 lieni)
561 4903 727 4984 supplicat,
752 4908 909 4983 quatenus
932 4902 1034 4965 eidem
1059 4901 1195 4965 iohanni
1229 4903 1331 4966 electo
1355 4903 1394 4964 de
1416 4902 1602 4966 canonicatu
1631 4901 1802 4984 Pragensis

296 5009 430 5072 ecclesie
455 5025 523 5071 cunr
547 5007 769 5070 reservacione
793 5006 954 5087 prebende
972 5024 1007 5068 ac
1024 5005 1199 5088 dignitatis,
1223 5013 1412 5087 personatus
1436 5012 1491 5069 ant
1514 5004 1609 5070 officii
1632 5023 1704 5069 curn
1727 5024 1802 5070 cura

299 5112 348 5175 vel
373 5112 441 5175 sine
466 5131 549 5191 cura,
585 5112 612 5174 si
636 5117 750 5174 vacant
779 5111 818 5174 ad
848 5127 980 5192 presens
1010 5110 1060 5173 vel
1091 5129 1160 5173 cunr
1191 5111 1282 5173 sirnul
1314 5117 1370 5173 aut
1399 5111 1579 5175 successive
1610 5110 1803 5192 vacaverint,

300 5217 401 5281 eciam
425 5217 454 5280 si
477 5235 534 5298 per
558 5216 748 5280 eleccionem
773 5217 812 5279 ad
836 5233 873 5278 ea
898 5215 1062 5279 consuevit
1092 5216 1219 5295 assumi,
1251 5215 1423 5297 dignemini
1453 5215 1630 5297 providere,
1660 5233 1731 5279 cum
1754 5233 1802 5280 ac·

302 5323 496 5404 ceptucione,
519 5320 721 5401 inhibitione,
744 5321 872 5384 decreto
896 5324 930 5383 et
952 5319 1095 5381 clausula
1117 5318 1278 5394 anteferri,
1305 5338 1367 5383 non
1390 5321 1536 5385 obstante
1560 5319 1740 5401 provisione
1763 5321 1803 5388 de
