3944 6060
229 417 294 480 2⁴18
836 414 905 465 Aeta
922 411 1078 466 Innocentii
1095 410 1140 464 Vl.
1208 438 1212 445 ,

229 621 264 674 ad
283 621 333 675 XL
352 620 403 674 flor
404 659 498 673 .....
518 635 567 688 pro
585 617 695 673 annuali
715 620 861 674 solvendos
880 620 952 674 intra
963 620 1066 675 testum
1085 617 1301 672 circumcisionis
1320 617 1432 673 domini.
1451 633 1475 671 a.
1493 616 1566 672 LIX.
1594 617 1648 671 Die
1660 615 1738 671 xvn

230 707 333 789 mensis
351 706 457 776 Aprilis
477 724 501 760 a.
519 705 680 760 MCCCLIX
699 705 750 759 fuit
770 706 822 760 sibi
841 715 1005 776 prorogatus
1024 705 1156 761 terminus
1187 706 1327 773 usquead
1346 705 1446 759 festum
1464 703 1617 759 naucitatis
1636 703 1741 759 domini

232 795 393 862 proximum.
412 794 448 847 m
468 791 579 847 luerunt
596 810 613 847 a
632 794 778 847 sentenciis
798 794 1061 848 excomunicncionis
1080 793 1229 847 absoluti.“

234 1128 323 1192 715.
347 1125 586 1208 Arctriepiscopo
622 1126 776 1206 Propensi
799 1125 981 1203 intendatur,
1017 1130 1052 1187 ut
1073 1127 1145 1189 titos
1168 1129 1198 1188 et
1220 1123 1428 1205 quaestiones,
1462 1143 1543 1205 qnae
1565 1121 1651 1186 inter
1672 1122 1740 1204 epi·

233 1250 361 1312 scopum
395 1228 686 1294 Luttomuslensem
719 1250 758 1293 ex
790 1250 855 1293 aaa
889 1251 928 1293 oc
945 1229 1096 1312 priorem,
1130 1228 1287 1294 custodem
1318 1232 1347 1291 et
1380 1225 1555 1309 copttsdum
1588 1224 1739 1292 acetosior

232 1333 504 1399 Lutlromastensis
534 1338 627 1417 porte
666 1354 705 1398 cs
737 1333 841 1398 attero
875 1338 1049 1412 uertuntur,
1085 1332 1250 1398 corneordiu
1283 1330 1329 1396 oet
1363 1329 1479 1395 iudicio
1511 1329 1641 1395 studeat
1676 1333 1738 1393 ter·

917 1439 1049 1503 minore.

1164 1574 1328 1652 Aristone,
1352 1573 1437 1637 1358
1459 1571 1618 1639 Jonuars'a'
1639 1571 1692 1636 12.

361 1766 438 1831 Ven.
464 1766 501 1830 fr.
522 1817 528 1829 .
550 1819 555 1830 .
580 1765 817 1847 archiepiscopo
847 1765 1000 1847 Pragcnsi
1031 1765 1167 1828 salntem
1198 1771 1259 1828 etc.
1296 1763 1433 1829 Gravem
1466 1762 1655 1826 dilectorum
1679 1759 1738 1825 tili·

232 1891 321 1935 orum
341 1921 374 1935 ..
400 1870 525 1952 prioris,
547 1921 552 1934 .
573 1920 579 1933 .
604 1869 745 1933 custodis
775 1876 809 1932 et
832 1869 964 1951 capituli
987 1869 1121 1933 ecclesie
1154 1867 1431 1933 Luthomuslensis
1462 1865 1624 1947 querelam
1648 1881 1738 1929 acce·

232 1975 334 2055 pimus
366 1974 591 2061 continentem,
626 1974 709 2053 (ruod
744 1973 821 2036 licet
843 1973 917 2037 olim
949 1975 1030 2035 bone
1059 1974 1195 2037 ecclesie
1230 1972 1373 2054 predicte
1408 1990 1465 2053 pro
1498 1969 1611 2034 maiori
1644 1974 1739 2051 parte

231 2080 317 2143 inter
335 2129 368 2146 ..
393 2079 576 2160 episcopum
610 2077 916 2157 Luthomuslensem,
952 2077 1006 2156 qui
1030 2084 1105 2141 tnnc
1128 2083 1207 2158 erat,
1241 2077 1366 2142 nomine
1400 2092 1510 2141 mense
1533 2091 1591 2138 sne
1613 2072 1739 2155 episco-

231 2184 314 2265 palis
337 2183 613 2248 Luthomuslensis
643 2188 677 2245 et
699 2182 828 2247 eosdem
858 2182 1006 2263 priorem,
1031 2183 1196 2247 custodem
1228 2201 1265 2245 ac
1287 2180 1461 2262 capitulum
1492 2178 1577 2242 dicte
1600 2175 1739 2242 ecclesie

231 2286 423 2350 auctoritate
448 2286 623 2366 apostolice
645 2286 793 2350 canonice
817 2286 920 2350 divisa
942 2285 1070 2366 tuerint,
1094 2287 1266 2367 etreliqua
1289 2302 1363 2367 pars
1386 2302 1444 2365 per
1466 2282 1739 2347 inadvertenciam

231 2391 368 2455 indivise
390 2389 588 2471 remanserit,
619 2390 758 2469 dictique
789 2390 885 2471 prior,
917 2397 1024 2454 custos
1055 2397 1089 2453 et
1112 2390 1285 2472 capitulum
1316 2391 1408 2469 bona,
1438 2405 1499 2467 qne
1530 2386 1570 2451 ad
1593 2386 1682 2468 ipsos
1704 2391 1740 2449 et

232 2512 372 2558 mensam
396 2512 504 2557 eorum
537 2513 572 2557 ac
596 2493 731 2557 officium
763 2495 907 2559 custodie
937 2495 1039 2576 ipsius
1063 2495 1207 2576 ecclesie,
1240 2494 1329 2558 cuins
1360 2492 1459 2556 eciam
1491 2493 1573 2556 bona
1603 2492 1643 2555 ab
1666 2490 1739 2554 aliis

232 2599 322 2664 bonis
345 2598 489 2680 predicte
513 2604 547 2660 et
576 2598 677 2679 ipsius
701 2598 842 2679 episcopi
874 2616 1052 2661 mensarum
1082 2605 1156 2661 smrt
1180 2599 1305 2662 omnino
1329 2597 1490 2676 distincta,
1519 2613 1557 2658 ex
1581 2594 1740 2676 divisione

231 2703 376 2785 predicta
407 2709 561 2765 venerant
584 2702 616 2765 in
639 2708 771 2783 partem,
802 2721 821 2763 a
848 2708 990 2782 tempore
1023 2702 1107 2765 dicte
1139 2701 1303 2765 divisionis
1333 2708 1367 2766 et
1396 2718 1454 2782 per
1476 2700 1579 2781 ipsum
1610 2706 1738 2781 tempus

231 2805 361 2889 pacifice
386 2812 419 2869 et
442 2805 549 2884 quiete
579 2805 781 2886 possederint
804 2810 838 2867 et
861 2811 936 2868 tnnc
959 2806 1059 2868 eciam
1092 2807 1312 2887 possederant,
1336 2812 1441 2868 tannen
1465 2822 1534 2868 verr.
1566 2803 1603 2867 fr.
1629 2809 1742 2868 noster

231 2910 394 2975 lohannes
429 2908 596 2990 episcopus
630 2908 905 2973 Luthomuslensis
939 2908 1080 2990 prefatos
1113 2910 1261 2991 priorem,
1296 2910 1460 2973 custodem
1495 2915 1529 2971 et
1563 2907 1739 2989 capitulum

234 3013 394 3078 nonnullis
417 3031 457 3075 ex
480 3012 570 3075 bonis
594 3011 755 3092 predictis,
775 3030 847 3091 que,
871 3019 906 3076 ut
928 3013 1112 3094 predicitur,
1137 3014 1177 3076 sd
1200 3014 1288 3094 ipsos
1317 3015 1536 3077 obvenuerunt
1558 3012 1592 3075 in
1614 3018 1740 3093 partem

232 3124 350 3198 etque
374 3123 448 3179 tnnc
470 3115 600 3197 pacifice
629 3115 844 3197 possidebant,
879 3135 937 3198 per
960 3135 994 3180 se
1020 3123 1057 3180 et
1080 3118 1159 3182 alios
1184 3118 1334 3199 spoliavit
1364 3124 1399 3181 et
1421 3116 1551 3198 spoliari
1575 3117 1741 3181 mandavit

233 3229 267 3286 et
289 3222 367 3285 fecit
390 3240 426 3283 ac
439 3220 662 3301 spoliacionem
686 3219 865 3284 huiusmodi
889 3221 958 3284 eius
975 3223 1100 3285 nomine
1124 3221 1240 3285 factam
1264 3226 1364 3285 ratam
1387 3221 1500 3285 habuit
1514 3228 1548 3285 et
1564 3228 1740 3304 acceptam,

233 3332 267 3390 et
289 3324 511 3389 nichilominus
535 3323 598 3387 sliu
621 3326 704 3388 bona
726 3324 826 3405 ipsius
850 3326 996 3404 ecclesie,
1027 3345 1088 3406 que
1112 3326 1257 3407 indivisa,
1280 3333 1316 3389 nt
1338 3325 1544 3407 premittitur,
1575 3343 1743 3390 remanse-

234 3436 319 3511 runt,
343 3428 484 3493 indebite
508 3428 673 3507 occuparit
696 3428 814 3507 illoque
844 3446 966 3493 necnon
991 3436 1127 3493 cestrum
1158 3431 1197 3493 de
1220 3429 1409 3507 Lautberch,
1433 3447 1491 3511 per
1512 3429 1649 3493 eundem
1673 3430 1740 3512 epi-

232 3551 363 3615 scopum
387 3532 427 3595 de
451 3531 666 3596 communibus
690 3533 757 3596 suis
780 3539 814 3595 et
836 3533 976 3614 ipsorum
1000 3533 1115 3614 prioris
1139 3538 1173 3596 et
1197 3532 1329 3614 capituli
1360 3532 1504 3614 pecuniis
1528 3538 1624 3613 atque
1650 3534 1745 3599 bouis

234 3637 358 3719 prefate
384 3636 519 3700 ecclesie
542 3637 668 3700 nomine
692 3635 890 3717 acquisitum,
914 3656 984 3699 oum
1008 3637 1152 3701 omnibus
1182 3637 1305 3701 iuribus
1327 3643 1362 3701 et
1384 3635 1591 3718 pertinenciis
1613 3637 1681 3703 suis
1708 3637 1744 3702 in

233 3748 335 3807 totum
359 3741 484 3805 detinet
505 3746 667 3822 occupata,
689 3748 812 3822 partem
834 3740 936 3821 ipsius
959 3740 1056 3804 castri
1080 3741 1181 3805 dictos
1205 3741 1344 3822 priorem
1367 3747 1401 3805 et
1428 3740 1602 3821 capitulum
1624 3759 1666 3805 ex
1689 3761 1741 3807 ac·

235 3844 409 3925 quisicione
424 3843 605 3908 huiusmodi
618 3844 853 3925 contingentem
866 3844 914 3907 eis
929 3849 1040 3908 contra
1062 3844 1220 3908 iusticiam
1244 3861 1381 3908 renuens
1397 3850 1432 3907 et
1446 3860 1607 3922 recusans,
1631 3864 1746 3925 quam·

236 3949 283 4013 vis
309 3965 405 4029 super
427 3948 486 4012 hoe
509 3965 567 4028 per
589 3965 645 4010 eos
667 3946 764 4010 fuerit
787 3947 895 4029 sepius
919 3948 1100 4028 requisitus.
1124 3949 1276 4012 Pretcrca
1303 3948 1408 4013 dictus
1430 3947 1599 4030 episcopus
1621 3956 1744 4034 vestes,

234 4053 343 4132 libror,
367 4052 567 4116 lectisternia
589 4057 623 4114 et
644 4068 696 4114 res
720 4051 808 4132 alias,
840 4070 901 4131 que
925 4052 1066 4117 canonici
1091 4053 1193 4134 ipsius
1224 4051 1360 4116 ecclesie
1391 4051 1432 4115 sd
1455 4068 1546 4116 suum
1577 4070 1669 4117 usum
1693 4072 1745 4120 re-

234 4157 349 4235 tinent,
373 4156 499 4234 qnando
516 4155 636 4225 vivunt,
655 4156 727 4219 dum
744 4173 800 4220 eos
823 4157 979 4238 contingit
1002 4156 1168 4234 decedere,
1192 4157 1334 4237 quamvis
1358 4156 1398 4220 ad
1422 4157 1523 4221 dictos
1545 4157 1685 4238 priorem
1708 4168 1748 4224 et

235 4260 407 4341 capitulum
431 4259 532 4323 eciam
556 4260 595 4323 de
620 4259 750 4338 antiqua
772 4265 806 4322 et
829 4261 1005 4341 approbata
1029 4261 1258 4325 consuetudine
1282 4260 1384 4324 solum
1399 4266 1434 4324 et
1455 4259 1625 4325 insolidum
1649 4280 1745 4345 spec·

235 4369 314 4442 tent,
350 4381 409 4444 per
432 4381 466 4426 se
490 4370 525 4427 et
548 4363 627 4426 alios
660 4363 746 4443 rapit
779 4371 812 4426 et
835 4371 968 4445 occupat
1003 4365 1103 4428 eciam
1139 4365 1296 4430 violenter
1328 4383 1364 4428 ac
1395 4363 1521 4428 edificia
1555 4364 1747 4433 claustralia

235 4467 378 4532 eiusdem
402 4467 538 4531 ecclesie
562 4466 672 4531 usibus
695 4467 878 4549 dignitates
906 4475 1096 4550 personatus
1119 4475 1153 4533 et
1176 4468 1280 4533 officia
1302 4469 1335 4532 in
1359 4468 1471 4533 eadem
1501 4469 1637 4533 ecclesia
1660 4473 1746 4537 obti-

235 4571 381 4634 nencium
412 4578 445 4634 et
470 4571 690 4635 canonicorum
721 4572 821 4652 ipsius
855 4572 991 4636 ecclesie
1025 4573 1188 4653 deputata,
1220 4573 1362 4638 indebite
1398 4572 1556 4652 detinet·)
1587 4582 1751 4657 occnpatn

235 4691 336 4754 eaque
361 4674 479 4738 dirruit
501 4681 535 4738 et
566 4675 665 4738 dirrui
688 4675 832 4756 permitti
879 4674 1011 4739 etfacit
1042 4681 1076 4738 et
1105 4676 1237 4757 insuper
1266 4676 1408 4758 prefatos
1438 4677 1576 4758 priorem
1599 4684 1634 4741 et
1655 4680 1746 4761 capi·

235 4777 336 4841 tulum
360 4783 469 4841 contra
492 4779 650 4843 iusticiam
667 4780 810 4861 impedit,
828 4780 993 4861 quominus
1017 4780 1246 4844 correccicnem
1270 4785 1304 4843 et
1326 4780 1526 4862 punicionem
1555 4797 1749 4847 excessuum

237 4889 272 4946 et
294 4881 458 4961 culparum
490 4882 654 4964 minorum,
679 4885 733 4964 qui
763 4902 821 4965 per
851 4885 1019 4948 canonicos
1050 4891 1083 4948 et
1107 4884 1186 4948 alias
1216 4901 1370 4964 personas
1393 4884 1496 4966 ipsius
1525 4884 1661 4948 ecclesie
1684 4904 1749 4968 pro

234 4992 378 5066 tempore
411 4986 661 5068 committuntur,
692 4988 732 5051 ad
755 4989 841 5070 ipsos
872 4988 1009 5071 priorem
1033 4995 1067 5052 et
1089 4988 1261 5070 capitulum
1296 4990 1385 5052 iuxta
1416 4988 1679 5054 constitucionem
1710 4999 1750 5058 et

236 5089 474 5154 ordinacionem
496 5091 529 5154 in
553 5091 637 5155 dicta
661 5092 798 5156 ecclesia
821 5091 1012 5155 auctoritate
1035 5093 1210 5174 apostolica
1232 5092 1348 5157 factam
1366 5093 1509 5175 legitime
1533 5093 1750 5181 pertinentes,

239 5193 368 5257 valeant
390 5210 550 5276 exercere,
574 5195 725 5276 ipsasque
749 5194 979 5260 correccicnem
1003 5201 1037 5259 et
1059 5196 1259 5277 punitionem
1294 5197 1355 5262 sibi
1378 5204 1488 5262 eontm
1509 5197 1670 5263 iusticiam
1691 5200 1749 5265 ni·

236 5298 316 5362 titur
352 5313 516 5381 usurpare,
552 5304 587 5362 et
609 5298 692 5378 quod
726 5299 871 5364 deterius
898 5306 958 5376 est,
991 5299 1075 5363 idem
1108 5300 1277 5382 episcopus
1302 5308 1337 5366 et
1369 5301 1440 5366 eius
1469 5300 1581 5366 vicarii
1609 5300 1754 5383 prelatis
