3944 6060
725 430 789 478 1361
810 421 937 478 tannarii
953 429 984 477 21
1007 455 1036 464 -—
1057 425 1183 479 bannerii
1202 431 1244 481 2³.
1673 429 1738 494 473

366 633 436 697 Fiat
448 633 488 698 de
500 634 644 699 omnibus
657 634 694 698 G.
705 634 779 698 Sine
792 635 854 699 aliu
867 636 1006 700 leccione
1021 637 1278 700 etcornmittatur
1289 655 1421 701 examen
1436 638 1476 701 ad
1487 642 1607 719 partos,
1618 637 1689 701 rim
1699 639 1735 702 G.

365 738 401 800 D.
425 737 580 802 Auinione
605 737 650 802 XI
673 737 736 802 kal.
761 739 926 803 Februarii
950 759 977 802 a.
1000 758 1091 804 nono.

363 925 403 1012 R.v
415 925 510 996 Suppl.
529 933 561 979 32
582 927 629 982 tol.
652 934 698 980 12⁴.
722 958 748 1013 Τ
780 933 804 994 ¹)
823 928 854 981 ln
873 944 955 996 marg.
976 927 1067 982 dext:
1086 927 1147 995 ,Pro
1173 932 1297 983 camera!
1318 960 1350 969 -
1369 929 1446 984 Cant.
1466 930 1605 1000 Novitate,
1624 930 1737 984 Detiich

236 1033 250 1068 z
267 1014 356 1070 Portis
376 1013 503 1083 (Casopis
523 1029 618 1068 musea
636 1015 705 1068 kril.
725 1014 850 1069 Ceskeho
871 1013 967 1078 LXIV)
987 1031 1050 1084 pag.
1070 1020 1129 1069 509.

881 1174 1084 1184 ——a-——un

237 1296 355 1362 1177.
383 1294 527 1376 Officiali
556 1296 713 1375 Propensi
741 1296 924 1374 mandatur,
963 1298 1118 1377 quatenus
1151 1294 1294 1360 Jobarrni
1326 1296 1451 1362 Steubel
1479 1297 1516 1361 de
1549 1299 1739 1362 canonicatu

237 1399 383 1464 ecclesiae
407 1397 683 1479 Boleslooiensis·)
715 1400 888 1480 Propensis
921 1398 1001 1463 dioc.
1024 1397 1081 1463 sub
1114 1400 1328 1483 expectatione
1357 1400 1558 1483 praebendae
1576 1402 1739 1485 prouideri

166 1489 168 1492 ⁵
232 1507 389 1586 procuret,
412 1523 475 1567 non
497 1502 694 1567 obstantibus
717 1508 751 1566 ut
774 1504 808 1568 in
830 1502 1061 1586 supplicatione
1083 1503 1139 1567 sub
1156 1525 1202 1570 nr.
1220 1507 1315 1571 1176.
1343 1506 1502 1586 „Dianam
1519 1505 1734 1571 arbitramur“

460 1607 634 1687 „Aninione
658 1609 709 1671 XI
725 1607 788 1672 bal.
816 1607 983 1672 Februarii
1000 1607 1204 1690 pontificatus
1228 1609 1328 1672 nostri
1351 1630 1381 1673 a.
1405 1612 1514 1676 nono.“

300 1695 350 1814 ἐ
362 1803 367 1814 .
1168 1748 1330 1830 Aninione,
1355 1750 1436 1813 1361
1463 1749 1620 1815 Jonuarii
1641 1753 1693 1815 22.

365 1937 396 1990 R.
416 1937 465 1989 Ar.
488 1943 535 1991 147
556 1936 602 1991 iol.
622 1942 680 1991 173.
704 1967 730 1975 -
754 1945 778 1998 ι)
800 1935 1028 1999 ,Bolizlauiensie‘
1047 1938 1095 1988 Ar.

883 2094 1088 2106 -.-..-.....

236 2235 352 2303 1178.
378 2234 563 2317 Iludolplrus
595 2235 660 2299 dun
682 2234 834 2299 Austrioe
863 2235 1035 2318 supplicat,
1067 2238 1221 2317 qnatenus
1252 2234 1395 2300 Jobanni
1425 2235 1491 2314 filio
1514 2235 1678 2301 Pertlroldi
1700 2235 1737 2300 de

236 2337 385 2424 ueniere)
418 2338 528 2404 clerico
562 2337 773 2404 Olomucensis
807 2340 884 2404 dioc.
917 2339 955 2402 dc
984 2341 1173 2404 canonicatu
1205 2337 1262 2402 sub
1292 2339 1507 2422 expectatione
1538 2340 1737 2423 praebendae

234 2445 383 2511 ecclesiae
418 2443 580 2509 b'uriensis
611 2445 826 2527 provideatur.
863 2483 902 2492 -
941 2444 1034 2525 „Fiat
1066 2443 1104 2512 G.
1141 2447 1180 2508 l).
1204 2445 1362 2537 Aninione
1394 2442 1443 2509 Xi
1471 2446 1532 2509 lal.
1571 2446 1737 2511 Februarii

900 2571 929 2614 u.
958 2552 1066 2615 nono.“

1165 2687 1329 2768 damiane,
1355 2690 1436 2753 1361
1459 2689 1618 2754 tannarii
1640 2691 1692 2752 22.

364 2879 395 2935 R.
415 2878 508 2952 Suppl.
529 2887 561 2935 32
581 2880 628 2935 sol.
651 2887 689 2934 14.
710 2910 741 2920 -
761 2883 786 2948 ⁸)
806 2877 929 2954 ‚Chunie‘
948 2877 1043 2948 suppl.

234 3179 351 3246 nee.
387 3179 585 3243 innocentius
618 3179 657 3242 Vl
681 3175 828 3242 Carolurn
862 3178 1082 3258 imperatorem
1109 3173 1266 3251 bortatur,
1301 3180 1454 3257 quatenus
1485 3178 1592 3239 contra
1611 3195 1736 3256 praras

234 3282 527 3364 confoederationes,
558 3303 638 3363 quac
668 3287 737 3364 post
755 3302 868 3365 pacem
898 3281 981 3345 inter
1007 3281 1161 3346 Franciae
1190 3283 1220 3342 et
1243 3279 1379 3361 Anpliae
1408 3300 1494 3362 repes
1525 3277 1736 3362 reformatam

235 3394 439 3454 surrexerunt
462 3394 492 3452 et
514 3408 622 3452 versus
645 3389 803 3452 ciuitatem
826 3385 1067 3450 Aoinionensem
1091 3389 1297 3458 accesserunt,
1323 3383 1481 3450 auxilium
1504 3382 1565 3447 sibi
1582 3386 1735 3464 praestet.

235 3493 345 3556 Eidem
367 3493 549 3574 innotescat,
573 3511 604 3555 se
618 3491 760 3559 Jolranni
782 3492 923 3573 episcopo
945 3489 1168 3570 Arcentinensi
1190 3492 1230 3553 et.
1245 3487 1400 3553 Guilelmo
1423 3487 1541 3552 decano
1574 3488 1731 3566 Vissearu-

235 3597 332 3679 densr',
356 3596 545 3680 apostolicae
578 3597 662 3659 sedis
686 3596 806 3678 nuncio,
836 3615 931 3676 super
964 3593 1080 3658 eisderu
1102 3593 1192 3656 rebus
1227 3591 1379 3674 speciales
1401 3590 1528 3655 litteras
1551 3591 1733 3654 destinasse.

515 3700 620 3780 „Sicut
644 3699 725 3763 leta“
755 3699 931 3780 „Aoenione
955 3698 986 3761 X
1006 3697 1065 3762 cal.
1091 3696 1259 3760 Februarii
1282 3718 1311 3760 a.
1336 3698 1445 3760 nono.“
1495 3718 1500 3730 ·

1159 3836 1323 3915 Aninione,
1348 3837 1431 3900 1361
1456 3836 1614 3902 Januarii
1637 3835 1688 3898 23.

362 4028 411 4081 Ed.
438 4028 513 4097 apud
540 4028 798 4093 Mostene-Duram,
828 4028 986 4082 Tbessurus
1016 4028 1041 4080 ll
1069 4033 1128 4095 859,
1155 4042 1210 4095 reg.
1241 4023 1314 4094 apud
1345 4025 1447 4093 Habet,
1475 4025 1539 4093 Reg.
1570 4024 1638 4092 Imp.
1669 4023 1732 4078 Vlll

235 4130 295 4185 pag.
315 4122 363 4169 511
384 4132 424 4169 nr.
444 4122 484 4169 cs.

235 4395 349 4461 1180.
391 4394 553 4461 Jobonues
583 4396 743 4478 episcopus
773 4394 1013 4479 Arperrtinensis
1044 4400 1072 4458 et
1099 4394 1273 4460 Guilelmus
1304 4393 1442 4456 decanus
1480 4391 1732 4473 l'isscpradensis

233 4501 444 4582 requiruntur,
479 4503 631 4582 ‹prraterrus
668 4496 815 4563 Cerrolurn
849 4501 1071 4582 unperarorem
1101 4500 1256 4564 inducant
1285 4498 1328 4563 acl
1358 4497 1548 4560 obelandum
1579 4497 1731 4584 malrpnis

233 4603 444 4681 societatibus,
479 4603 650 4685 dequibus
680 4605 714 4665 in
736 4603 854 4666 litteris
886 4603 942 4666 sub
976 4625 1023 4666 nr.
1048 4604 1134 4667 1179
1156 4605 1313 4668 scribitur.
1344 4608 1478 4675 >Eisdem
1495 4605 1660 4686 praelatis
1689 4605 1731 4669 ad

229 4705 400 4788 pleniorem
422 4707 679 4786 informationem
701 4707 904 4788 imperatoris
927 4707 1065 4771 mittitur
1081 4709 1192 4793 forma
1211 4711 1466 4790 praedicationis
1488 4711 1589 4779 crucis
1611 4714 1641 4774 et
1661 4730 1730 4775 con·

233 4811 380 4875 cessionis
402 4810 680 4890 inrtulpentiarum,
704 4810 815 4890 ouibus
833 4809 953 4875 Clrristi
973 4809 1080 4890 fideles
1104 4813 1147 4875 ad
1169 4813 1393 4896 insurpendum
1416 4822 1526 4883 contra
1544 4816 1731 4899 praedictas

233 4917 397 4980 societates
432 4915 588 4978 incitandi
620 4919 702 4978 sunt.
757 4914 863 4989 „Scire
895 4934 949 4979 oos
982 4913 1140 4980 oolurnns‘⁸
1197 4916 1370 4993 „Auerrione
1406 4923 1438 4984 X
1467 4922 1527 4987 cal.
1567 4919 1731 4985 tebruarii

897 5040 926 5081 a.
951 5024 1058 5084 ηοηο.ιι

1164 5158 1316 5224 Ariniouc
1341 5165 1423 5225 1361
1447 5162 1608 5228 ,ianuarii
1631 5164 1683 5224 23.

362 5347 412 5401 lid.
431 5349 504 5416 apud
524 5349 646 5402 Murteae
660 5348 781 5410 lnirand,
799 5348 956 5403 Thesaurus
976 5348 1001 5401 11
1020 5356 1078 5403 861.
