3944 6060
228 389 294 453 468
832 392 901 442 Acta
920 390 1069 444 lrrnocentii
1093 390 1137 442 Vl.

230 597 393 660 voluutate
417 598 550 660 errudem
576 605 732 662 rectorem
757 618 857 679 rusque
882 601 921 662 ad
945 619 1007 664 non
1039 601 1191 664 modicam
1224 600 1388 681 sauguinis
1411 599 1598 666 effusionem
1623 603 1741 666 crude·

230 702 306 766 liter
328 704 498 767 verberare
522 710 556 767 et
578 723 650 768 eum
675 722 771 787 super
794 724 890 768 unum
913 724 1029 785 equum
1052 723 1110 788 per
1133 710 1348 768 transversum
1383 706 1510 770 bestiali
1546 724 1633 771 urere
1658 706 1740 789 liga·

230 814 296 871 tum
320 806 359 870 de
384 806 470 870 dicto
504 807 584 873 dioc.
608 806 812 872 olomucensi
835 809 873 872 ud
898 809 1073 890 predictam
1108 808 1188 872 dioc.
1212 807 1405 890 Prageuseru
1440 827 1546 876 secum
1578 809 1741 876 violenter

230 911 397 990 abducere,
433 911 598 994 ipsumque
633 913 665 976 iu
689 912 814 995 prefato
849 914 1042 978 monasterio
1077 914 1155 978 diris
1179 914 1360 979 carceribus
1383 916 1566 998 maricipare
1590 934 1672 981 ausu
1696 915 1739 980 si·

230 1015 297 1079 mili
321 1021 583 1097 presumpserunt
605 1017 772 1097 ipsumque
788 1023 904 1081 extunc
920 1017 1128 1082 detinuerunt
1143 1023 1238 1101 prout
1254 1019 1401 1084 detinent
1417 1020 1537 1085 eisdem
1554 1020 1740 1087 carceribus

230 1120 444 1201 mancipatum
469 1125 502 1185 et
524 1121 670 1202 predicta
686 1121 822 1185 ecclesia
846 1122 1015 1204 spoliatum
1040 1123 1072 1186 in
1096 1123 1203 1188 divine
1226 1124 1407 1189 nraiestatis
1430 1124 1584 1190 offensam
1607 1133 1643 1191 et
1665 1143 1739 1207 pre·

231 1224 308 1288 dicti
331 1225 466 1289 rectoris
488 1225 697 1307 preludicium
728 1244 790 1289 non
821 1227 976 1292 modicum
1001 1236 1034 1291 et
1057 1246 1225 1309 gr·avamen
1256 1234 1290 1294 et
1313 1230 1495 1294 scandalum
1518 1229 1737 1312 plurimorum.

234 1330 278 1393 m
300 1329 377 1393 licet
400 1348 469 1393 ven.
494 1329 531 1394 fr.
556 1336 666 1394 noster
689 1330 857 1413 episcopus
880 1328 1110 1413 Olomucensis‚
1134 1332 1167 1396 in
1190 1333 1280 1397 cuius
1304 1333 1383 1397 dioc.
1415 1334 1533 1398 delicta
1556 1333 1739 1399 huiusmodi

232 1439 417 1514 perpetrata
440 1433 577 1515 luerunt,
608 1440 717 1498 contra
749 1435 883 1499 eundem
914 1434 1108 1501 Bohuslaum
1139 1443 1172 1500 et
1201 1438 1270 1501 eius
1299 1439 1469 1521 complices
1502 1446 1633 1521 propter
1664 1458 1737 1521 pre·

232 1539 329 1602 missa
363 1539 531 1603 nonnullos
569 1557 738 1620 processus
773 1539 887 1604 lecerit
927 1542 1264 1606 excommunicacionis
1299 1543 1480 1606 sentencias
1525 1544 1738 1626 continentes,

232 1648 336 1706 tamen
360 1642 503 1725 prefatus
528 1643 716 1718 Bohuslaus
741 1644 865 1708 cuidam
888 1643 1001 1710 lrivole
1025 1645 1246 1728 appellacioni‚
1271 1664 1362 1726 quam
1387 1649 1426 1712 ab
1450 1649 1561 1714 eodem
1585 1649 1736 1730 episcopo

231 1748 357 1811 eteius
387 1748 590 1829 processibus
621 1767 656 1812 se
680 1748 912 1830 interposuisse
942 1750 1114 1831 pretendit,
1145 1750 1306 1829 inherens,
1339 1752 1500 1834 predictus
1523 1752 1736 1817 excommuni-

232 1852 369 1917 caoionis
403 1855 584 1918 sentencias
619 1853 773 1918 sustinuit
808 1862 842 1917 ct
876 1853 978 1918 adhuc
1013 1856 1154 1919 sustinet
1185 1856 1288 1919 animo
1313 1856 1486 1921 indurato.
1549 1856 1655 1934 Quare
1679 1876 1737 1939 pro

232 1962 322 2039 parte
346 1957 423 2021 dicti
457 1958 590 2024 rectoris
613 1958 674 2022 luit
696 1958 786 2023 nobis
810 1958 974 2023 humiliter
996 1959 1216 2041 supplicatum,
1236 1966 1280 2026 ut.
1304 1978 1375 2024 curn
1399 1961 1470 2038 sibi,
1495 1961 1557 2026 nisi
1581 1960 1738 2026 celeriter

233 2069 435 2128 succurratur
456 2064 570 2140 eidem,
594 2063 705 2128 mortis
739 2063 914 2145 periculum
946 2063 1096 2139 timeatur
1118 2063 1336 2129 verisimiliter
1358 2064 1534 2147 imminere,
1567 2065 1737 2146 providere

233 2169 294 2232 sibi
317 2186 414 2250 super
436 2168 600 2250 premissis
624 2168 664 2231 de
688 2172 843 2249 oportuno
867 2167 1007 2231 remedio
1039 2167 1078 2231 de
1103 2167 1298 2247 benignitate
1323 2169 1499 2249 apostolica
1522 2169 1738 2251 dignaremur.

234 2271 299 2336 Nos
321 2273 420 2355 igitur
442 2273 597 2354 nolentes,
621 2272 703 2337 sicut
726 2291 784 2336 noc
807 2272 967 2349 debemus,
991 2272 1157 2353 premissa,
1181 2271 1357 2336 siveritate
1382 2273 1535 2355 nitantur,
1560 2274 1740 2337 incorrecta

233 2377 422 2459 relinquere,
446 2377 634 2442 discrecioni
669 2382 776 2440 vestre
796 2427 802 2440 .
823 2430 828 2441 .
850 2428 883 2441 ..
929 2376 1124 2458 mandamus
1159 2382 1326 2458 quatenus,
1361 2376 1390 2440 si
1411 2382 1462 2441 est
1490 2377 1545 2458 ita,
1574 2376 1738 2459 predictos

234 2482 407 2563 sacrilegos
438 2480 557 2545 tanrdiu
590 2480 808 2563 appellatione
838 2486 960 2545 remota
991 2480 1277 2544 excommunicatos
1300 2481 1426 2563 publice
1450 2480 1610 2546 nunciatis
1634 2487 1669 2545 et
1692 2480 1737 2544 la·

235 2587 327 2651 cistis
351 2588 390 2651 ab
414 2586 558 2651 omuibus
590 2585 694 2649 arcius
726 2585 850 2662 evitari,
885 2585 984 2649 donec
1014 2583 1196 2665 superbiis
1220 2584 1438 2649 satisfecerint
1461 2592 1683 2668 competenter
1706 2592 1741 2650 et

235 2710 304 2756 cum
329 2695 507 2754 vestrarum
531 2689 714 2754 testimonio
738 2689 917 2754 litterarum
947 2689 1116 2752 adsedem
1141 2688 1287 2753 verrerint
1310 2688 1516 2770 apostolicam
1541 2690 1740 2772 absolvendi,

234 2814 330 2879 super
353 2795 425 2859 aliis
449 2813 524 2860 vero
547 2793 678 2873 vocatis,
717 2793 770 2875 qui
793 2791 913 2857 luerint
935 2794 1096 2873 evocandi,
1129 2798 1163 2857 et
1186 2793 1303 2857 auditis
1339 2792 1412 2856 hinc
1443 2792 1518 2858 iude
1549 2795 1735 2877 propositis,

235 2900 318 2980 quod
342 2900 459 2963 iustum
483 2897 589 2977 fuerit,
622 2898 840 2980 appellacioue
864 2904 986 2962 remota
1009 2897 1200 2970 decernatis,
1223 2895 1388 2967 lucieutcs,
1413 2897 1495 2977 quod
1520 2898 1739 2979 decreveritis,

235 3022 479 3085 percensuram
502 3003 751 3067 ecclesiasticam
786 3001 918 3066 firmiter
941 3001 1103 3067 observari
1123 3053 1129 3065 .
1150 3053 1156 3066 .
1176 3050 1208 3063 ..
1242 3001 1278 3064 Ι).
1303 3002 1459 3066 Aruinioue
1484 3003 1513 3066 ll
1537 3003 1579 3067 id.
1604 3005 1739 3068 Decem·

236 3109 301 3174 bris
323 3127 351 3173 a.
376 3114 495 3174 octavo.

366 3315 398 3370 R.
418 3317 467 3370 Ar.
488 3321 537 3369 144
556 3314 602 3369 fol.
623 3318 691 3368 363¹.
714 3344 739 3352 -
765 3320 790 3379 a)
809 3314 934 3383 Corrige:
955 3313 1104 3379 ,Rudnicz‘.
1120 3313 1142 3378 b)
1161 3314 1285 3383 corrige:
1304 3313 1510 3379 ,Weuceslaus‘.

362 3718 479 3785 1166.
503 3716 624 3783 Salutio
644 3717 751 3798 perlis
774 3715 897 3782 seruitii
921 3714 1052 3781 Nicolui
1074 3716 1198 3781 abbatis
1222 3716 1407 3780 artonosterir'
1431 3715 1622 3782 Miloceusr's.

1330 3856 1411 3921 1360
1435 3856 1617 3921 Decembris
1640 3859 1692 3920 24.

366 4050 425 4112 llie
449 4050 559 4111 eadem
598 4048 734 4130 [xxllll
761 4047 944 4110 ltocombris
974 4067 1001 4109 a.
1026 4046 1192 4110 millesimo
1217 4045 1294 4110 CCC·
1326 4046 1533 4127 sexagesimo,
1557 4046 1737 4111 imliccione

237 4155 358 4218 decima
389 4155 498 4233 tercia,
529 4153 732 4234 pontificatus
873 4151 1053 4215 Iruroccucii
1074 4199 1081 4212 .
1102 4202 1106 4212 .
1128 4199 1161 4213 ..
1194 4169 1275 4231 pape
1301 4149 1343 4214 Vl
1375 4169 1401 4212 a.
1426 4149 1590 4232 octavo]¹)
1615 4151 1737 4231 recepti

237 4257 366 4322 fuerunt
389 4279 406 4320 u
431 4258 556 4321 domino
579 4256 678 4320 fratre
703 4255 833 4318 Nicoluo
864 4257 979 4318 alrlrute
1013 4254 1199 4318 monasterii
1223 4254 1409 4317 bliluceusis
1444 4253 1564 4317 ordinis
1589 4254 1740 4317 Promon-

238 4363 406 4426 strateusis
438 4362 606 4442 liugerrsis
639 4360 719 4424 dioc.
744 4379 800 4440 pro
831 4365 921 4440 parte
946 4359 1045 4440 partis
1079 4359 1127 4422 sui
1151 4359 1325 4422 cornmunis
1360 4357 1484 4422 servicii
1510 4359 1655 4423 solvente
1681 4377 1740 4440 per

238 4485 348 4530 nranus
372 4465 526 4531 lobannis
550 4466 589 4528 de
615 4465 746 4528 Arauicz
770 4463 984 4544 procuratoris
1008 4464 1055 4526 sui
1082 4499 1119 4507 -
1145 4462 1299 4526 xxxiiii
1323 4461 1441 4526 floreni.

372 4672 422 4724 lnt.
441 4679 468 4724 et
487 4671 560 4724 Exit.
579 4676 669 4736 (1360)
689 4678 739 4724 ‘293
759 4670 804 4723 lol.
826 4675 874 4721 23¹.
899 4700 923 4708 -
943 4670 967 4733 a)
987 4667 1148 4735 Suppletum
1168 4685 1202 4720 ex
1223 4669 1322 4735 pagiua
1335 4667 1516 4735 praecedente
1536 4675 1563 4721 et
1581 4683 1615 4720 ex
1634 4667 1741 4724 foliol.

244 5054 357 5118 1167.
382 5050 534 5114 Nicoluus
558 5051 655 5113 abbas
678 5051 862 5113 ocreas-tera·
884 5049 1064 5113 lllr'locrosr's
1087 5051 1229 5133 prrilolm·
1252 5049 1289 5113 de
1310 5050 1462 5115 solatione
1479 5052 1587 5133 partis
1610 5071 1741 5117 suorum

673 5155 875 5218 seruitiorum
898 5174 1040 5216 crrrrrarue
1063 5156 1149 5218 sueri
1171 5153 1299 5238 collepr'r'.

1144 5294 1306 5375 avinione,
1330 5296 1417 5359 1360
1441 5294 1619 5361 Decembris
1642 5301 1695 5362 24.
