3944 6060
229 422 294 492 308
838 418 909 471 Aeta
925 411 1080 470 Innooamii
1098 413 1146 470 vl.

230 631 336 698 verint
358 636 392 696 et
414 645 526 695 vacare
549 633 722 695 noscantur
737 626 777 692 ad
799 642 943 709 presens,
967 672 975 687 .
1000 676 1006 687 .
1031 673 1038 688 .
1063 675 1070 689 .
1093 640 1152 689 nos
1174 620 1320 689 volentos
1333 621 1453 687 dictum
1469 618 1650 687 &undum
1666 671 1673 682 .
1688 669 1696 685 .
1711 668 1740 684 ..

231 733 552 801 consideracione..
579 781 617 796 ..
653 730 764 796 Karoli
798 729 1009 795 Romanorum
1042 726 1247 810 imperatoris
1269 777 1277 793 .
1302 777 1309 791 .
1335 776 1343 791 .
1374 775 1381 790 .
1416 730 1462 791 ot·
1488 724 1621 791 Boemia
1655 723 1742 807 rems

231 839 377 922 illustris,
401 837 492 905 nobis
515 857 572 921 pro
595 837 707 904 eodem
724 834 880 917 Conrado,
904 833 1022 899 dilecto
1046 832 1210 915 capellano
1234 849 1291 897 sno
1293 877 1429 913 .....
1452 827 1675 913 supplicantia,
1698 825 1744 892 ia·

232 962 307 1009 vore
331 940 481 1025 prosequi
505 941 659 1024 graciose,
683 938 871 1006 discrecioni
893 942 1002 1004 vestre
1023 954 1083 1020 per
1104 934 1282 1018 apostolica
1304 932 1425 1014 scripta
1446 931 1643 1010 mandamus,
1667 946 1743 1010 qua·

232 1054 327 1113 tenus
347 1097 353 1110 .
373 1097 380 1112 .
400 1098 434 1112 ..
457 1045 677 1111 canonicatum
700 1052 734 1110 et
755 1041 949 1127 prebendam
972 1041 1160 1124 predictos.
1182 1089 1188 1101 .
1207 1087 1242 1103 ..
1267 1038 1371 1102 cidem
1389 1033 1533 1102 Conrado
1549 1033 1746 1100 auctoritate

233 1160 343 1220 nostra
366 1151 510 1219 conferre
534 1158 568 1217 et
585 1151 747 1233 assignare
771 1150 890 1214 curetis
892 1196 1009 1229 .....
1033 1165 1096 1212 uon
1119 1143 1372 1211 obstantibus..
1393 1191 1400 1204 .
1421 1191 1438 1223 .,
1461 1139 1545 1222 quod
1560 1138 1646 1204 idem
1663 1134 1744 1202 Gon·

234 1258 331 1323 radus
353 1249 450 1341 super
471 1254 663 1339 parrochiali
686 1254 824 1320 ecclesia
846 1254 879 1318 in
901 1251 1071 1317 Jermeritz
1106 1251 1191 1319 dicte
1215 1246 1436 1314 Olomuceusis
1458 1245 1539 1311 dioc.
1562 1243 1595 1308 iu
1618 1241 1745 1326 palacio

236 1344 413 1444 apostolico
436 1360 578 1426 noscitur
600 1359 809 1441 litigare...
830 1408 837 1422 .
861 1358 899 1422 l).
924 1355 1081 1421 Aninione
1105 1354 1135 1418 ll
1159 1372 1231 1419 non.
1256 1351 1334 1416 Maii
1358 1371 1385 1416 a
1410 1356 1511 1415 sexto.

366 1567 398 1622 lt
416 1569 467 1620 av.
488 1570 537 1619 raa
556 1565 602 1620 sol.
622 1571 690 1654 aas.
710 1595 743 1604 -
764 1565 782 1632 Ι)
803 1568 869 1617 raon
889 1562 1006 1631 angusti
1026 1568 1068 1615 aa.

890 1773 1095 1784 ——--——-

242 1949 331 2015 782.
353 1946 517 2015 lebannes
539 1948 702 2032 episcopus
718 1945 998 2024 Laetbomuslcnais,
1019 1942 1198 2027 imperialis
1221 1942 1315 2008 aulae
1332 1942 1551 2027 eunoeuurios,
1574 1943 1749 2028 supplicat,

239 2057 392 2137 quotenus
416 2052 513 2117 Leorm
535 2051 664 2116 Nicolai
685 2052 724 2116 dc
745 2050 969 2134 Lobomaszs)
993 2049 1030 2114 dc
1052 2048 1240 2113 canonicatu
1262 2053 1292 2112 ei
1312 2047 1495 2130 praebenda
1508 2047 1657 2114 ccclesiae
1674 2047 1749 2113 Olo-

241 2159 396 2224 soacensis
413 2157 632 2239 provideatur,
647 2176 710 2223 non
732 2155 963 2221 obsionleuiin
979 2175 1026 2218 mn
1052 2152 1124 2217 783.
1148 2189 1189 2200 -
1208 2153 1302 2236 „mot
1323 2153 1353 2216 si
1374 2172 1435 2218 aon
1451 2152 1558 2232 suerii
1579 2151 1676 2218 alieri
1697 2153 1750 2218 ias

275 2262 431 2346 qmsiium
456 2262 494 2330 θ.
520 2261 595 2327 Sine
616 2260 685 2326 olio
706 2260 846 2327 leccione.
871 2260 946 2325 liat
970 2256 1009 2324 θ.
1035 2259 1075 2323 D.
1098 2257 1257 2324 Aoioionc
1281 2260 1322 2324 II
1338 2278 1412 2324 non.
1436 2259 1521 2325 Maii
1542 2281 1572 2324 a.
1595 2262 1714 2326 aceio·⁸

1265 2387 1431 2467 Aoinionc,
1454 2388 1541 2454 1358
1564 2389 1651 2456 Maia·
1671 2391 1705 2461 6.

364 2601 401 2659 R.
421 2598 516 2671 Suppl.
534 2606 568 2654 29
586 2598 634 2654 iol.
655 2603 704 2653 120
723 2600 784 2670 (per
801 2612 920 2652 errorem
938 2605 1002 2668 post
1020 2595 1115 2652 ioliurn
1137 2603 1185 2652 169
1198 2596 1339 2668 positum).
1352 2627 1384 2638 -
1401 2598 1427 2665 ι)
1439 2596 1640 2685 ‚Luthomuscl‘
1651 2576 1753 2682 Suple

892 2824 1099 2837 *-

246 3003 335 3070 783.
360 3000 518 3066 lodicibus
547 3001 732 3082 mandatur,
760 3008 913 3084 quolenus
936 2999 1033 3063 Leoni
1056 2994 1184 3065 Nicolai
1205 2997 1243 3062 da
1265 2997 1452 3063 Luibomusl
1473 3000 1699 3067 canonicatum
1723 3003 1755 3068 el

584 3104 799 3189 praebendam
821 3103 968 3170 ecclcsiae
994 3103 1206 3169 Olomuccnais
1229 3102 1404 3189 conseruati.

1276 3240 1438 3322 Asinium,
1465 3244 1547 3310 1358
1568 3243 1655 3311 Maii
1675 3246 1708 3312 6.

375 3452 619 3521 venerabilibus
641 3451 793 3517 iratribus
812 3501 819 3515 .
839 3500 846 3515 .
870 3452 1111 3534 archiepiscopo
1135 3452 1286 3533 Pragensi
1310 3450 1757 3535 et..episcopo.1ntuomu;

246 3555 345 3622 slensi
368 3570 406 3622 au
427 3556 457 3626 d.
473 3554 494 3622 i.
514 3606 521 3620 .
541 3606 549 3621 .
573 3557 694 3622 decano
710 3555 844 3621 ecclesie
868 3574 893 3620 a.
925 3554 1064 3638 Agricoli
1087 3555 1313 3621 Aninionensis
1336 3556 1472 3622 salutern
1494 3563 1554 3622 etc.
1577 3558 1756 3626 Probitatis

246 3666 281 3726 et
304 3661 458 3725 virtutum
479 3660 602 3736 merita,
639 3677 736 3743 super
758 3660 872 3741 quibus
896 3660 980 3743 apud
1003 3677 1061 3725 nos
1091 3661 1121 3724 d.
1157 3658 1176 3724 i.
1211 3659 1277 3725 Leo
1312 3660 1435 3727 Nicolai
1465 3660 1505 3725 de
1539 3659 1756 3751 Luthomusel

247 3765 381 3830 clericus
404 3764 682 3830 Luthomuslensis
701 3813 707 3825 .
727 3814 734 3829 .
755 3819 762 3833 .
782 3817 788 3830 .
813 3765 1060 3847 commendatur,
1085 3782 1142 3830 nos
1157 3765 1320 3844 inducunt,
1346 3770 1380 3830 ut
1394 3782 1466 3830 eum
1482 3763 1643 3833 favoribus
1661 3819 1668 3832 .
1684 3782 1696 3831 ’.
1720 3819 1728 3836 .
1750 3823 1756 3835 .

247 3878 495 3952 prosequamur·
515 3869 640 3935 Dudum
664 3869 819 3950 siquidem
842 3869 1047 3935 intendentes
1069 3869 1109 3933 de
1131 3867 1293 3934 beneficiis
1309 3869 1547 3946 ecclesiasticis,
1569 3866 1632 3952 quo
1655 3890 1760 3954 quon·

249 3975 320 4038 dam
343 3972 502 4038 Henricus
524 3972 564 4036 de
588 3972 717 4040 Brunna
751 3979 858 4038 custos
892 3972 1028 4038 ecclesie
1063 3971 1283 4038 Olomucensis
1306 3975 1382 4039 tunc'
1405 3975 1557 4056 temporis
1580 3970 1760 4064 obtinebat·

249 4096 318 4142 oum
340 4075 397 4141 illa
419 4094 532 4141 vacare
555 4075 764 4158 contingeret,
788 4095 846 4160 per
869 4076 1043 4160 apostolice
1068 4077 1154 4142 sedis
1177 4077 1414 4158 providenciam
1425 4077 1575 4155 ordinari,
1595 4079 1760 4147 beneficia

249 4181 328 4264 ipsa,
351 4180 425 4245 dum
448 4179 551 4244 adhuc
572 4180 657 4246 idern
680 4180 839 4246 Hearicus
863 4186 975 4263 ageret
998 4182 1031 4246 in
1054 4180 1211 4257 humanis,
1243 4181 1395 4246 videlicet
1416 4181 1445 4245 X
1466 4181 1531 4246 kal.
1556 4181 1759 4265 Septembris

249 4282 451 4368 pontificatus
481 4284 584 4350 nostri
614 4302 640 4347 a.
665 4285 813 4367 quint0,¹)
844 4285 1026 4350 dumtamen
1056 4285 1202 4350 custodia
1235 4285 1320 4350 dicte
1343 4285 1478 4351 ecclesie
1502 4285 1652 4369 dignitas,
1682 4304 1760 4369 pcr-

251 4393 391 4469 sonatus,
415 4386 561 4471 officium,
592 4406 648 4453 seu
672 4388 909 4455 administraeio
942 4390 976 4454 in
999 4390 1110 4454 eadem
1134 4389 1271 4454 ecclesia
1293 4395 1508 4473 reputaretur,
1531 4390 1703 4458 collationi
1713 4390 1762 4460 'ot

251 4492 455 4575 disposicioui
489 4498 598 4559 nostre
632 4512 671 4560 ea
703 4494 773 4558 vioe
806 4492 955 4559 duximus
990 4493 1174 4577 specialiter
1210 4494 1456 4560 reservanda..
1476 4544 1510 4561 ..
1543 4493 1622 4561 Cum
1644 4493 1760 4587 itaque

251 4609 373 4679 postea,
408 4597 491 4662 sicut
513 4597 700 4680 accepimus,
733 4598 937 4664 canonicatus
960 4602 995 4663 et
1016 4599 1179 4680 prebenda
1201 4599 1345 4680 predicte
1367 4599 1513 4682 ecclesie,
1531 4617 1627 4682 onos
1650 4599 1761 4668 dictus

252 4699 409 4765 ilenricus
432 4719 501 4766 cum
525 4700 610 4766 dicta
633 4702 786 4783 custodia,
810 4719 871 4782 que
894 4701 927 4766 in
950 4702 1061 4767 eadem
1086 4703 1222 4769 ecclesia
1245 4702 1380 4768 officium
1404 4709 1581 4787 reputatur,
1610 4704 1761 4788 predicta

251 4803 483 4870 reservacionis
506 4809 649 4886 tempore
673 4805 847 4886 obtinebat,
871 4825 929 4890 per
951 4807 1051 4889 ipsius
1074 4806 1206 4873 Henrici
1229 4808 1360 4886 obitum,
1392 4808 1446 4889 qui
1468 4813 1561 4874 extra
1583 4809 1762 4876 Romanam

253 4908 372 4975 curiam
394 4909 478 4975 diem
502 4907 618 4974 clausit
639 4916 826 4994 extremum,
851 4911 1034 4976 vacaverint
1056 4919 1090 4976 et
1112 4930 1225 4977 vacare
1248 4918 1420 4978 noscantur
1442 4912 1483 4978 ad
1505 4929 1648 4996 presens,
1666 4961 1674 4978 .
1693 4967 1701 4980 .
1723 4964 1762 4984 ..

252 5032 311 5081 nos
334 5013 479 5078 volentes
502 5012 621 5077 dictum
644 5013 837 5080 Leonem..
858 5066 864 5080 .
885 5067 892 5080 .
927 5016 1077 5098 prosequi
1105 5015 1214 5083 favore
1245 5018 1351 5100 gracie
1382 5017 1542 5101 specialis,
1566 5017 1763 5085 discrecioni

253 5124 386 5185 vestre.
407 5169 414 5185 .
433 5167 441 5183 .
460 5165 467 5179 .
491 5116 686 5199 mandamus,
711 5127 868 5199 quatenus
887 5171 894 5185 .
913 5172 920 5185 .
941 5169 949 5184 .
968 5172 975 5184 .
993 5120 1211 5186 canonicatum
1228 5126 1262 5186 et
1277 5122 1472 5204 prebendam
1487 5121 1649 5205 predictos
1667 5168 1675 5186 .
1695 5176 1702 5186 .
1724 5173 1733 5189 .
1755 5178 1762 5190 ,

253 5222 359 5293 eidem
387 5221 514 5288 Leoni.
534 5270 540 5283 .
560 5273 593 5288 ..
625 5223 817 5289 auctoritate
847 5230 957 5291 nostra
984 5224 1128 5292 conferre
1158 5231 1193 5291 et
1226 5226 1390 5309 assignare
1420 5226 1540 5292 curetis
1557 5273 1658 5309 .....
1680 5244 1764 5294 nou·

254 5326 534 5394 obstantibus...
555 5375 572 5409 .,
604 5324 688 5407 quod
721 5326 805 5392 idem
835 5328 900 5395 Leo
923 5329 1110 5395 beneficium
1132 5330 1386 5397 ecclesiasticum
1420 5349 1490 5397 cum
1513 5331 1591 5396 cura
1611 5330 1665 5397 uel
1686 5331 1764 5401 siue
