3944 6060
259 407 280 471 4
862 406 932 460 Acta
948 403 1100 460 iunocentii
1119 403 1165 459 VI.

258 615 342 680 modi
365 615 588 696 preteriissent
611 614 712 678 ultimi
736 614 797 678 duo
822 613 906 689 anui,
933 613 1017 678 idem
1041 615 1248 695 predecessor
1272 614 1429 692 Clemens,
1459 615 1616 681 similibus
1644 634 1759 698 urgen-

260 719 345 783 tibus
368 719 473 783 cansis
488 723 605 800 mutus,
628 719 889 800 reservacionem,
913 719 1170 800 applicaciouem,
1193 719 1418 800 adieccionem,
1442 721 1634 802 voluntates,
1659 721 1764 785 decla-

259 824 403 889 raciones
432 830 467 888 et
489 823 708 888 ordinacioues
740 823 901 905 predictas
934 825 991 887 sub
1015 824 1127 905 modis,
1160 823 1268 889 formis
1301 829 1335 887 et
1357 824 1594 890 condicionibus
1618 825 1766 906 superius

260 928 455 1010 expressatis
478 928 668 992 auctoritate
692 927 836 1009 predicta
859 945 959 1008 usque
983 928 1023 991 ad
1045 928 1131 992 eliud
1147 928 1308 992 biennium
1331 947 1350 991 a
1372 926 1436 992 fine
1453 928 1609 993 dictorum
1633 930 1765 995 duorum

261 1032 441 1096 ultimorum
465 1051 617 1096 annorum
640 1030 883 1113 computandum
914 1031 947 1095 in
971 1037 1066 1094 autea
1090 1033 1280 1112 prorogavit.
1320 1032 1475 1109 Quocirca
1498 1033 1687 1098 discrecioni
1711 1039 1765 1098 tue

260 1154 317 1217 per
329 1136 504 1217 apostolica
519 1136 637 1216 scripta
653 1135 846 1212 mandamus,
870 1140 1026 1215 quatenus
1051 1153 1108 1216 per
1137 1141 1169 1200 te
1193 1138 1244 1202 vel
1267 1136 1363 1200 alium
1387 1154 1444 1201 seu
1468 1137 1557 1213 alios,
1581 1143 1668 1218 quot,
1690 1156 1766 1218 quo·

261 1241 348 1304 ciens
370 1247 404 1304 et
426 1242 551 1322 quamlo
575 1240 726 1322 expedire
750 1240 868 1303 videris
884 1239 1093 1321 deputandos,
1118 1238 1296 1304 huiusmodi
1313 1239 1443 1319 fructus,
1466 1241 1613 1306 redditus
1635 1247 1670 1306 et
1693 1260 1763 1324 pro·

261 1351 375 1408 veutus
398 1343 621 1408 beneficiorum
651 1345 790 1426 ipsorum
820 1344 910 1426 regni
934 1344 1073 1423 Boemie,
1103 1344 1136 1407 in
1167 1363 1228 1423 quo
1251 1345 1385 1408 nuncius
1416 1344 1500 1409 dicte
1531 1345 1617 1409 sedis
1641 1345 1766 1426 existis,

262 1456 325 1512 tam
349 1449 573 1530 preteritorum
598 1455 783 1529 temporum,
807 1467 864 1530 pro
888 1448 1001 1528 quibus
1018 1448 1188 1528 colligendi
1204 1455 1378 1530 remanent,
1400 1467 1493 1529 quam
1517 1449 1620 1513 ultimi
1647 1449 1768 1514 biennii

262 1552 475 1633 predictorum
498 1558 618 1634 petere,
641 1552 769 1634 exigere
792 1557 826 1616 et
848 1552 1000 1634 recipere,
1023 1570 1082 1615 uec
1098 1570 1160 1615 non
1177 1552 1260 1616 dicte
1278 1570 1401 1616 camere
1419 1553 1509 1617 iuxta
1528 1553 1769 1635 reservaoiouis,

263 1656 497 1738 applicarimus,
520 1656 720 1736 adieccionis,
746 1657 953 1737 voluntatum,
978 1655 1230 1721 declaracionum
1247 1662 1281 1720 et
1297 1657 1532 1722 ordinacionum
1553 1656 1767 1738 predictarum

263 1760 405 1824 eiusdem
428 1761 664 1842 predecessoris
682 1760 855 1825 Clementis
878 1766 1021 1824 terrorem
1045 1760 1291 1844 [transmittere]
1313 1780 1383 1826 curn
1399 1761 1585 1844 integritate
1608 1779 1770 1843 procures,

264 1864 512 1930 contradictores
542 1884 600 1946 per
624 1883 788 1930 censuram
812 1865 1061 1929 ecclesiasticam
1086 1865 1303 1947 appellacione
1328 1866 1507 1947 postposita
1530 1865 1771 1947 compescendo,

264 1987 326 2033 nou
360 1968 560 2032 obstantibus
594 1970 738 2034 omnibus
773 1968 964 2049 supradictis
998 1976 1032 2032 et
1066 1968 1348 2034 constitucionibns
1384 1969 1566 2050 apostolicis
1601 1967 1770 2034 contrariis

263 2073 510 2153 quibuscunque,
544 2091 602 2137 seu
638 2073 664 2137 si
696 2072 855 2153 aliquibus
886 2072 1094 2138 communiter
1124 2074 1172 2137 vol
1209 2073 1334 2137 divisim
1369 2093 1388 2136 a
1422 2074 1499 2138 sede
1526 2072 1703 2154 apostolica
1726 2073 1771 2138 sit

265 2177 433 2258 indultum,
458 2177 542 2258 quod
572 2176 729 2259 interdici,
752 2177 905 2258 suspendi
936 2176 986 2240 vel
1017 2177 1280 2242 excommunicari
1311 2177 1530 2259 nonpossint,
1565 2197 1622 2259 per
1644 2177 1771 2242 litteras

265 2281 456 2364 apostolicas
479 2300 540 2346 nou
557 2281 711 2345 facientes
735 2281 861 2362 plenum
884 2289 918 2345 et
941 2299 1124 2362 expressruu
1148 2281 1352 2346 acdeverbo
1373 2281 1559 2345 adverbum
1583 2282 1622 2345 dc
1647 2281 1771 2346 indulto

264 2384 443 2450 huiusmodi
485 2385 690 2450 mencionem.
747 2386 785 2449 D.
828 2385 984 2450 Aninione
1028 2385 1076 2450 Ill
1123 2385 1185 2449 kal.
1231 2385 1376 2450 ianuarii
1421 2384 1623 2466 pontificatus
1670 2387 1772 2452 nostri

266 2511 293 2556 a.
318 2510 430 2574 primo.

396 2679 427 2732 R.
446 2679 507 2733 Vat.
526 2684 577 2732 242
598 2678 644 2732 iol.
664 2685 714 2731 42¹.
734 2709 765 2717 -
790 2680 814 2744 a)
834 2678 1094 2748 ,supportacionunr‘
1109 2679 1168 2732 Vae
1193 2679 1219 2744 b)
1239 2678 1463 2744 ‚conuuitteudos¹
1481 2681 1543 2733 Vat.
1559 2682 1582 2744 c)
1601 2685 1772 2748 ,taxatorum‘

266 2766 328 2819 Vat.
355 2766 380 2831 1)
399 2766 470 2834 ,aliis
489 2768 561 2820 rero‘
581 2766 641 2819 Vat.
668 2764 979 2831 e)‚celeb1·a11dirvau
1016 2767 1035 2825 1)
1053 2767 1105 2832 ‚vol
1124 2765 1203 2819 alias‘
1223 2765 1264 2819 bis
1284 2766 1415 2834 scripturn
1434 2765 1461 2818 in
1480 2766 1541 2819 Vct.
1575 2768 1600 2831 s)
1620 2768 1691 2833 ,qne‘
1711 2765 1772 2819 Vat.

268 2851 297 2916 h)
315 2851 482 2922 ,contigeret
502 2853 563 2905 Vat.
586 2852 605 2916 i)
622 2850 724 2920 ,eadem
739 2851 811 2905 dum‘
829 2854 891 2905 Vat
904 2883 937 2891 -
953 2854 972 2919 ¹)
986 2852 1109 2921 Corrige:
1132 2847 1211 2916 ,Xlll
1226 2852 1279 2905 kal.
1293 2853 1310 2906 J
1313 2852 1383 2906 unii“
1404 2859 1434 2906 ut
1446 2852 1473 2905 in
1487 2854 1560 2907 Mon.
1571 2854 1633 2906 Vat.
1646 2853 1658 2905 l
1669 2869 1709 2906 nr.
1722 2859 1773 2907 203

268 2942 460 3005 0173311342
480 2939 546 2993 Maii
564 2946 615 3004 20).
636 2939 655 3002 ²)
674 2939 754 2993 Cous.
772 2940 845 2992 bion.
865 2939 926 2992 Vat.
947 2941 966 2992 I.
986 2956 1025 2993 nr.
1046 2945 1104 3003 49³,
1141 2939 1161 3005 ¹)
1181 2939 1257 2993 Goul.
1276 2941 1351 2994 bion.
1370 2940 1431 2993 Vnt.
1453 2940 1471 2991 1.
1491 2956 1531 2992 ur.
1553 2945 1627 2995 1107.

915 3135 1119 3144 -————-

269 3328 304 3392 2.
330 3324 502 3389 innocentii
525 3325 569 3387 VI
581 3325 681 3388 creati
698 3323 861 3406 pontificis
884 3322 1055 3402 encyclicae
1076 3322 1212 3400 litterae,
1235 3324 1347 3405 quibas
1371 3323 1604 3407 archiepiscopo
1629 3325 1776 3389 &moesi

269 3429 445 3494 electionem
478 3449 570 3493 suam
605 3427 753 3510 notificat.
808 3427 1017 3510 „Predicator
1050 3428 1212 3511 eprcpias“
1247 3429 1424 3510 ‚Arrabona
1456 3430 1494 3493 II
1522 3429 1584 3492 lcal.
1618 3430 1777 3495 Junaarr'i

265 3533 469 3618 pontificatus
499 3534 599 3597 austri
628 3556 659 3599 a.
680 3534 815 3616 primd‘.
855 3570 889 3578 —
918 3534 957 3595 Ia
986 3553 1011 3594 e.
1035 3551 1074 3595 ur.
1105 3533 1172 3616 rapi
1194 3535 1409 3597 Romanorum
1435 3538 1463 3595 et
1494 3531 1570 3596 aliis
1599 3532 1724 3613 rapidas
1747 3536 1777 3596 el

334 3636 537 3720 mappalibus
559 3658 598 3701 ac
617 3636 763 3717 pluribus
786 3635 1045 3701 universitatibus
1064 3658 1124 3718 per
1146 3637 1326 3702 uniuersum
1348 3637 1499 3715 mandam
1520 3635 1710 3702 constitutis.

1177 3794 1342 3870 Aulaiobe,
1368 3794 1452 3858 1352
1476 3790 1657 3858 Decembris
1678 3795 1732 3857 31.

400 3986 432 4039 R.
450 3987 511 4040 Vat.
531 3990 582 4037 233
602 3986 648 4038 sol.
669 3992 690 4037 1.
715 4016 740 4024 -
763 3983 813 4036 Ful.
832 3983 906 4053 apud
927 3983 1061 4051 Rapnald,
1087 3983 1209 4037 Annales
1234 3982 1299 4037 cccl.
1325 3990 1387 4036 tour.
1412 3990 1446 4036 23
1471 3999 1495 4036 a.
1516 3988 1584 4036 1302
1605 3997 1645 4035 nr.
1664 3989 1794 4037 23-30..

271 4074 336 4143 Reg.
355 4072 429 4141 apud
447 4073 549 4138 Huber,
568 4073 634 4141 Reg.
654 4072 720 4140 lmp.
740 4072 804 4124 Vlll
825 4089 885 4140 pag.
905 4076 953 4122 301
974 4087 1013 4122 ur.
1034 4077 1077 4123 30.

923 4265 1127 4274 ————-

272 4464 309 4525 3.
334 4459 489 4522 llemicus
520 4457 763 4520 archidiacon-us
793 4454 938 4519 ecclesiae
971 4454 1169 4534 Lepuiccusa's
1199 4452 1456 4518 lbalr'slauierrsis
1486 4452 1563 4516 dioc.
1589 4450 1781 4535 praeficitur

274 4565 308 4626 r'u
337 4565 513 4645 episcopum
544 4562 765 4624 Lubucenscm.
813 4559 956 4638 „Sarrum
1000 4558 1207 4638 disposicione
1247 4558 1396 4622 rectoris‘
1432 4557 1608 4634 „rlrcr'aioue
1645 4556 1707 4620 VII
1736 4556 1780 4619 id.

273 4668 429 4734 Jarruurir'
451 4690 479 4731 u.
501 4667 636 4746 priruo.“
653 4703 693 4712 -
714 4668 750 4728 Iu
771 4687 796 4728 e.
820 4684 860 4727 m.
885 4665 967 4726 iuter·
984 4663 1063 4726 cilios
1089 4661 1200 4726 Curato
1228 4666 1437 4725 llourunoruru
1460 4666 1490 4725 et
1513 4661 1683 4725 Bolremr'ae
1701 4660 1782 4741 rapi.

345 4805 618 4858 XXXXXXXX
1230 4801 1394 4877 Aoiuione,
1418 4800 1682 4865 lacernarum·
1707 4802 1735 4864 7.

334 4892 617 4944 .XXXXXXXX.

402 5063 434 5116 ll.
452 5064 513 5117 Vat.
534 5070 584 5116 211
604 5063 651 5116 sol.
673 5058 739 5129 108‘,
759 5063 790 5114 ll.
810 5061 870 5114 Vnt.
890 5068 941 5115 210
961 5061 1007 5114 iol.
1028 5067 1078 5113 52¹.
1092 5091 1116 5100 —
1134 5060 1185 5112 lid.
1202 5059 1275 5128 apud
1294 5059 1419 5126 Tbeiner,
1438 5061 1511 5115 bion.
1531 5059 1588 5114 Pol.
1607 5058 1627 5111 Ι.
1647 5074 1708 5128 pag.
1724 5064 1785 5113 542.
