3944 6060
236 390 281 458 60
834 390 904 445 aaa
924 387 1078 446 iunocentii
1096 389 1144 444 Vl.

235 596 314 662 Cum
328 597 448 679 itaque,
471 597 554 662 sicut
569 598 757 681 accepimus,
779 598 983 664 canonicatus
998 606 1033 664 et
1047 599 1210 681 prebenda
1220 598 1356 664 ecclesie
1368 599 1554 665 monasterii
1570 617 1594 664 s.
1611 598 1742 683 Georgii

234 703 268 766 in
289 707 394 767 castro
416 702 568 784 Pragensi
592 701 711 767 ordinis
735 720 760 768 s.
776 702 953 786 Benedicti,
976 703 1010 767 in
1033 722 1095 785 qua
1117 709 1223 768 certus
1246 703 1467 769 canonicorum
1493 703 1684 769 secularium
1707 710 1742 768 et

234 807 466 888 prebendarum
489 806 654 871 solitarum
676 806 771 871 dictis
794 807 954 872 canonicis
985 807 1140 889 assignari
1163 808 1274 873 existit
1299 825 1457 890 numerus,
1481 825 1559 889 quos
1582 807 1738 889 quondam

235 911 430 975 Wemherus
460 911 564 976 dictus
597 929 686 990 „curn
717 910 789 977 albo
819 913 933 994 equo“,
967 910 1111 976 eiusdem
1137 911 1272 976 ecclesie
1296 911 1475 994 canonicus,
1510 912 1585 976 durn
1609 910 1740 991 viveret,

234 1015 407 1098 obtinebat,
430 1033 488 1098 per
509 1014 610 1097 ipsius
634 1014 801 1078 Wemheri
825 1015 954 1097 obitum,
986 1015 1039 1096 qui
1063 1015 1180 1080 dudum
1203 1022 1295 1080 extra
1318 1017 1489 1080 Romanam
1513 1015 1632 1079 curiam
1656 1013 1740 1079 diem

235 1118 352 1184 clausit
374 1124 560 1196 extremum,
586 1119 768 1183 vacaverint
790 1125 825 1183 et
847 1124 961 1184 vacent
983 1119 1024 1183 ad
1046 1137 1188 1202 presens,
1215 1138 1272 1184 nos
1295 1120 1441 1185 volentes
1463 1119 1568 1184 eidem
1590 1117 1741 1183 Habardo

234 1273 241 1286 .
262 1223 477 1305 ...graciam
500 1222 606 1288 facere
630 1222 812 1305 specialem,
836 1221 1024 1289 discrecioni
1047 1229 1154 1288 vestre
1174 1274 1181 1288 .
1201 1276 1208 1289 .
1229 1274 1235 1287 .
1257 1274 1262 1286 .
1287 1224 1480 1305 mandamus,
1503 1227 1662 1304 quatenus
1686 1239 1741 1285 vas

235 1377 242 1390 .
264 1378 270 1390 .
290 1378 296 1391 .
325 1327 444 1392 -dictns
464 1328 681 1392 canonicatum
697 1333 730 1391 et
745 1326 940 1409 prebendam
956 1327 996 1391 ad
1011 1327 1215 1392 collaciouem
1235 1379 1241 1392 .
1262 1378 1268 1391 .
1288 1378 1295 1393 .
1315 1328 1497 1393 ,abbatisse
1515 1331 1549 1390 et
1564 1331 1740 1391 conuentus

234 1431 418 1497 monasterii
441 1432 577 1514 predicti
600 1437 890 1514 spectantes...
914 1432 1017 1496 eidem
1040 1431 1190 1497 Habardo
1209 1481 1243 1495 ..
1289 1481 1296 1495 .
1320 1432 1511 1498 auctoritate
1534 1435 1645 1494 nostra
1667 1448 1739 1494 con·

234 1534 319 1599 ferre
331 1541 365 1600 et
380 1536 545 1617 assignare
561 1536 681 1602 curetIs
699 1588 706 1601 .
724 1586 731 1600 .
750 1587 758 1602 .
777 1586 784 1600 .
810 1537 847 1600 D.
865 1536 949 1619 apud
964 1535 1197 1601 Villamuouam
1213 1536 1438 1602 AuinIonensis
1461 1537 1541 1602 dioc.
1565 1534 1659 1600 VIIII
1674 1534 1738 1600 kal.

234 1638 433 1723 Septembris
456 1659 484 1704 a.
509 1640 619 1722 primo.

365 1828 397 1882 R.
417 1831 466 1882 Ar.
487 1834 533 1882 121
555 1827 602 1883 iol.
621 1835 680 1894 ³92,
698 1828 731 1882 R.
753 1829 810 1882 Vat.
830 1834 878 1882 221
900 1826 947 1881 iol.
961 1833 1022 1882 439.
1045 1858 1069 1866 -
1096 1830 1119 1894 ¹)
1139 1827 1216 1882 Conf.
1240 1828 1314 1883 Mon.
1340 1828 1403 1882 vat.
1421 1828 1433 1880 1
1453 1843 1492 1882 nr.
1515 1832 1588 1890 1082,
1608 1826 1672 1883 ubi:
1697 1826 1739 1894 ,de

234 1914 413 1968 Gelezeuiou⁴.
437 1915 512 1968 -In
531 1915 644 1970 collect.
664 1920 714 1968 287
734 1915 782 1969 fol.
802 1916 860 1968 140¹
880 1913 933 1980 (ad.
951 1912 1025 1982 apud
1043 1914 1291 1982 Kirsch,Aunaten
1310 1914 1322 1967 l
1340 1930 1401 1983 pag.
1412 1919 1456 1981 27)
1467 1929 1586 1982 sequeus
1597 1913 1737 1968 adaotmm

234 2001 269 2055 ad
288 2002 408 2055 litteram
427 2001 567 2070 praedicto
587 2001 716 2056 llabardo
735 2000 900 2056 destinatam
920 2001 1053 2070 partinet:
1074 2041 1150 2066 .....
1177 2001 1334 2056 mandatum
1353 2001 1405 2055 fuit
1422 2000 1548 2070 expediri
1566 1999 1596 2054 in
1615 2001 1737 2055 vicecan-

234 2087 367 2141 cellaria.
384 2129 390 2140 .
407 2129 434 2142 ..
470 2088 559 2143 Missa
589 2088 703 2142 fuerunt
731 2088 866 2142 beneficia
896 2086 1055 2157 supradicta
1085 2088 1224 2142 collectori
1258 2087 1388 2156 Prageusi
1418 2103 1469 2156 per
1497 2087 1673 2141 Fredericum
1705 2088 1739 2142 de

235 2175 414 2230 Haulswerde
437 2174 566 2229 clericum
590 2175 736 2246 Pragensis
755 2175 825 2231 dioc.
845 2175 890 2230 die
914 2174 1082 2244 Septembris
1107 2175 1232 2230 xxva!
1259 2176 1334 2229 Haec
1352 2175 1440 2228 altera
1458 2173 1614 2229 adnotatio:
1642 2175 1740 2242 ,Missa

239 2292 264 2302 —
287 2261 399 2316 XXVII‘
422 2262 574 2316 cancellata
597 2269 648 2330 est,
675 2261 710 2316 ad
729 2278 811 2331 quam
829 2262 1042 2318 cancellaturam
1061 2262 1089 2316 iu
1108 2261 1229 2331 margine
1248 2262 1408 2316 adnotatur:
1429 2262 1506 2327 ,Non
1525 2260 1637 2315 fueraut
1655 2263 1739 2317 missa

234 2365 284 2419 per
302 2349 401 2419 ipsum,
421 2350 559 2418 quianon
579 2358 638 2404 erat
656 2356 761 2406 notus.“

234 2630 324 2695 142.
354 2628 515 2696 Jobannes
538 2630 701 2712 episcopus
725 2628 939 2694 Olomneansls
971 2627 1116 2711 pattatnr
1138 2625 1349 2693 desolatione
1371 2626 1586 2711 complementa·
1610 2647 1739 2692 suornm

884 2733 1093 2797 ambitionum.

1134 2872 1298 2948 Annona,
1322 2872 1408 2935 raas
1429 2870 1619 2955 spamae
1640 2870 1693 2935 ra.

362 3063 527 3130 Universis
539 3069 599 3128 etc.
611 3062 791 3145 Stephanus
803 3062 1072 3147 [archiepiscopus
1084 3063 1292 3140 Tholosauus,
1309 3062 1426 3128 domini
1444 3079 1524 3144 pape
1541 3063 1734 3127 camerarius

234 3216 241 3228 .
261 3215 268 3232 .
288 3219 295 3231 .
315 3216 323 3230 .
341 3167 390 3231 Ad
413 3167 633 3232 universitatis
657 3173 762 3231 vestre
786 3167 961 3232 noticiam.
982 3215 988 3228 .
1009 3218 1015 3230 .
1035 3220 1042 3232 .
1073 3167 1270 3251 deducimus]
1278 3170 1314 3248 ¹),
1346 3167 1430 3253 quod
1448 3218 1455 3234 .
1473 3215 1480 3231 .
1500 3217 1507 3230 .
1527 3217 1534 3228 .
1566 3165 1732 3230 lohannes

233 3271 401 3352 episcopus
431 3268 651 3336 Olomucensis
681 3270 713 3334 In
743 3271 874 3336 Boemia
904 3291 960 3354 pro
990 3272 1221 3353 complemento
1252 3271 1301 3335 sui
1332 3270 1504 3335 communis
1538 3269 1680 3352 servicii,
1705 3270 1738 3334 in

233 3392 295 3454 quo
326 3380 396 3438 erat
426 3393 550 3441 camere
705 3376 817 3441 summi
846 3373 1004 3458 pontificis
1038 3374 1204 3456 obligatus,
1238 3373 1438 3457 octingentos
1469 3382 1503 3438 et
1533 3377 1739 3457 septuaginta

233 3477 370 3559 quiaque
385 3478 526 3545 llorenos
542 3480 610 3543 auri
632 3479 756 3562 prefate
780 3498 904 3544 camere
928 3498 986 3543 nec
1008 3498 1071 3545 nou
1094 3484 1128 3543 et
1151 3498 1207 3559 pro
1227 3478 1457 3559 complemento
1480 3484 1616 3558 quatuor
1638 3481 1738 3544 serui·

234 3584 352 3648 cIormu
381 3583 581 3648 familiarium
603 3589 637 3648 et
666 3582 845 3648 officialium
869 3583 1064 3648 eiusdem..
1085 3635 1091 3647 .
1112 3636 1118 3647 .
1142 3599 1224 3664 pape
1254 3588 1381 3647 centurn
1405 3588 1438 3645 et
1461 3580 1572 3663 viginti
1596 3582 1736 3664 quinque

231 3685 367 3754 florenos
383 3688 451 3753 auri
470 3687 594 3752 clericis
617 3705 740 3752 camere
764 3689 944 3770 supradicte
964 3739 970 3752 .
991 3740 997 3752 .
1019 3739 1024 3750 .
1044 3736 1051 3750 .
1075 3706 1133 3768 per
1155 3704 1266 3749 marrus
1289 3682 1432 3759 anesin
1453 3685 1493 3749 de
1512 3685 1689 3751 Bruchwan
1711 3691 1736 3766 ε)

232 3793 340 3857 clerici
362 3792 446 3857 dicte
471 3791 548 3855 dioc.
573 3791 662 3855 iuxta
685 3791 872 3858 dilacionem
895 3791 956 3855 sibi
979 3809 1159 3857 concessam
1183 3797 1325 3872 tempore
1345 3789 1453 3855 debito
1471 3789 1549 3855 solui
1572 3789 1670 3856 fecit.
1685 3838 1693 3854 .
1708 3842 1739 3858 ..

233 3898 269 3961 l).
293 3896 449 3961 Aninioue
472 3896 523 3959 die
539 3895 613 3960 XVI
636 3897 755 3961 mensis
770 3894 1001 3978 Septembrisa
1003 3944 1117 3960 .....
1136 3895 1333 3972 llCCCLIlI,
1357 3895 1534 3961 indiccione
1550 3895 1603 3975 VI,
1628 3897 1734 3978 ponti·

233 3999 344 4064 ficatus
364 4051 370 4063 .
390 4050 397 4063 .
416 4050 423 4064 .
444 4052 450 4063 .
475 3999 655 4064 Innocenoii
680 4052 686 4063 .
707 4053 712 4064 .
733 4050 739 4063 .
761 4051 766 4061 .
785 4018 867 4082 pape
891 4000 935 4065 VI
959 4020 985 4064 a.
1010 4000 1120 4082 primo.

364 4188 423 4242 Obl.
443 4194 471 4241 et
488 4186 542 4241 Sol.
562 4194 595 4240 26
614 4187 660 4240 fol.
679 4192 749 4252 Μ’,
774 4188 832 4242 0bl.
860 4197 888 4242 et
906 4188 960 4242 Sol.
980 4195 1013 4242 28
1038 4188 1084 4243 fol.
1105 4193 1171 4242 136⁶.
1198 4219 1227 4227 —
1244 4198 1269 4248 ⁸)
1287 4187 1450 4257 Suppletum
1469 4202 1503 4241 ex
1520 4186 1692 4245 documentis
1707 4190 1738 4245 in

233 4276 290 4330 cod.
316 4274 549 4345 praecedentibus.
581 4276 606 4340 b)
635 4274 745 4341 ,Brioxi‘
769 4274 827 4329 Obl.
853 4281 895 4342 28,
926 4276 1038 4340 ,Brioxi‘
1069 4274 1127 4329 Obl.
1153 4280 1193 4328 26.
1225 4282 1247 4340 c)
1268 4274 1392 4343 Corrige:
1424 4274 1583 4340 ,Rucbwan‘
1610 4267 1738 4344 (boumn

231 4367 321 4433 uanp).

233 4573 323 4639 143.
358 4570 489 4638 Carolus
513 4575 725 4637 Romanorum
753 4592 811 4637 ren
838 4573 920 4635 inter
949 4570 1017 4636 alia
1040 4574 1179 4651 rogatur,
1209 4574 1364 4652 pnatanns
1386 4570 1621 4653 impedimenta,
1654 4592 1736 4654 qnae

231 4675 377 4740 Amatae
398 4676 484 4740 titali
506 4697 530 4742 s.
548 4677 635 4742 Stati
651 4675 835 4761 presbytero
857 4674 1015 4739 cardinali
1038 4675 1071 4737 in
1086 4674 1250 4759 adeptione
1273 4675 1478 4740 canonicatus
1495 4681 1525 4740 et
1534 4676 1737 4760 praebendae

231 4780 380 4844 ecclesiae
402 4781 574 4862 macena
592 4786 810 4864 praestantur,
841 4779 979 4843 amoueri
995 4781 1114 4857 faciat.
1152 4778 1323 4858 ,Quamvis
1337 4780 1393 4862 fili
1414 4781 1597 4846 carissima“
1636 4783 1736 4864 „Ani-

664 4885 755 4948 niona
787 4885 864 4949 VIII
890 4882 932 4947 id.
960 4881 1105 4948 Octobris
1128 4905 1157 4948 a.
1176 4884 1314 4966 primo“.

1199 5023 1362 5101 Antiniana,
1385 5026 1471 5088 1353
1497 5024 1638 5089 Octobris
1661 5025 1691 5091 8.

359 5209 390 5263 a
402 5211 465 5266 Vat
483 5215 533 5264 236
552 5210 599 5264 fol.
617 5206 685 5277 200¹,
703 5209 736 5264 R.
756 5210 815 5264 Vat.
834 5215 886 5262 244
901 5211 926 5261 Δ
944 5225 985 5262 nr.
1004 5215 1060 5263 3⁶20,
1084 5240 1107 5250 -
1128 5211 1192 5279 Iteg.
1205 5211 1278 5281 apud
1293 5212 1456 5280 Werunslry,
1475 5211 1613 5281 lireerpta
1631 5228 1671 5266 ar.
1683 5216 1734 5266 284

232 5302 262 5351 at
277 5296 381 5364 Habet,
401 5297 468 5366 Reg.
485 5297 553 5367 Imp.
574 5297 636 5351 VIII
656 5312 717 5365 pag.
732 5300 781 5350 78⁶2
800 5313 839 5349 nr.
859 5303 918 5350 244.
