3944 6060
231 405 294 471 162
833 402 904 455 Acta
921 398 1075 454 Innocentii
1095 399 1141 453 Vl.

359 612 566 678 Sanctissimo
599 613 631 675 in
663 611 790 677 Christo
824 612 908 693 patri
939 616 973 674 et
1003 609 1128 675 domino
1161 607 1349 673 lunoceucio
1370 657 1376 669 .
1396 657 1403 671 .
1423 659 1456 672 ..
1490 607 1648 672 Rudolius
1683 607 1735 673 dei

230 718 337 802 gracia
359 717 504 801 Saxonis,
528 717 697 799 bugnaria,
720 712 889 780 Westlalie
905 716 977 797 dux,
1001 732 1106 780 comes
1130 713 1162 777 iu
1178 713 1282 777 Brenn
1299 712 1443 793 sacrique
1461 711 1594 776 [tomani
1611 711 1738 794 imperii

231 821 510 888 archimarscalcus
541 865 1736 886 ............................................

360 947 440 1011 ltem
464 946 578 1010 devote
602 943 826 1025 supplicamus
858 942 1009 1022 quatinus
1033 941 1151 1006 dilecto
1175 947 1284 1006 nostro
1308 939 1473 1022 capellano
1504 957 1542 1004 ac
1564 939 1740 1004 secretario

230 1051 362 1117 Nicolao
385 1048 547 1134 Besnik·)
581 1046 873 1129 Nuuenburgensis
904 1064 940 1109 ac
963 1064 988 1109 s.
1013 1045 1194 1110 Sebastiani
1223 1045 1256 1109 in
1280 1043 1497 1127 llagdeburch
1530 1042 1740 1108 ecclesiarum

231 1156 381 1222 canonico
404 1161 438 1220 et
461 1153 614 1235 rectoril)
649 1150 858 1235 parrochialis
882 1149 1017 1215 ecclesie
1048 1149 1081 1214 in
1103 1149 1262 1215 Prascolis
1293 1148 1462 1232 Progensis
1496 1148 1577 1215 dioc.
1602 1147 1740 1231 graciam

232 1260 387 1326 facientes
410 1259 591 1342 specialem,
623 1259 662 1323 de
686 1255 875 1321 canonicatu
902 1255 1073 1336 Pragensis
1103 1253 1238 1318 ecclesie
1262 1272 1332 1319 cum
1355 1253 1556 1336 plenitudine
1584 1252 1667 1317 iuris
1689 1270 1740 1318 ca·

233 1366 338 1431 nouici
361 1364 533 1447 dignemini
557 1362 735 1446 providere,
760 1361 953 1442 prebendam
977 1376 1100 1440 quoque
1124 1359 1281 1440 integram
1305 1375 1361 1422 seu
1385 1357 1603 1440 capitularem,
1627 1357 1656 1422 si
1679 1375 1742 1438 qua

233 1476 325 1534 vacat
347 1470 387 1533 ad
410 1486 543 1551 presens
566 1469 616 1532 vel
640 1465 868 1548 quamprimum
892 1463 1064 1546 vacaverit,
1088 1463 1193 1528 eidem
1216 1460 1439 1527 conferendam
1463 1461 1631 1528 donaciani
1655 1460 1741 1526 sedis

233 1572 407 1655 apostolice
430 1572 603 1653 dignemini
627 1588 802 1651 reservare,
827 1588 897 1632 curn
920 1568 1153 1650 acceptaciorre‚
1176 1566 1369 1631 inhibicione
1393 1566 1522 1631 decreto
1546 1571 1581 1630 et
1595 1563 1742 1629 clausula

234 1678 403 1759 arrteiern'3
434 1677 676 1756 nonobstante,
708 1675 791 1756 quod
815 1675 899 1738 idem
923 1673 1073 1737 Nicolaus
1104 1673 1220 1736 dictam
1248 1671 1416 1736 ecclesiam
1451 1670 1685 1753 parrochialem
1707 1669 1742 1733 iu

233 1782 390 1847 Prascolis
414 1781 584 1864 Pragensis
614 1780 693 1844 dioc.
719 1779 896 1844 dinoscitur
930 1779 1074 1843 obtinere
1115 1784 1148 1842 et
1172 1778 1253 1858 quod
1285 1777 1328 1841 sit
1351 1778 1520 1842 canonicus
1542 1775 1742 1840 Nuu'enbur·

234 1887 341 1969 gensis
365 1907 401 1951 ac
436 1905 462 1950 s.
486 1884 666 1952 Sebastiaui
696 1884 729 1948 irr
753 1883 980 1965 llagdeburgis
1003 1882 1219 1964 ecclesiarum,
1253 1881 1372 1945 nullam
1395 1880 1553 1945 fructuum
1576 1878 1742 1963 percepci-

234 2010 325 2057 onem
350 1991 496 2074 adeptus,
520 1990 633 2070 quibus
657 1988 896 2053 canonicatibus
919 1995 953 2051 et
968 1988 1099 2068 iuribus,
1123 1987 1249 2052 racione
1273 2004 1382 2051 eoruru
1398 1985 1459 2050 sibi
1475 1984 1742 2067 competentibus

235 2095 352 2177 adepta
373 2095 576 2177 possessione
601 2093 806 2157 canonicatus
840 2099 873 2157 et
897 2093 1057 2174 prebende
1088 2091 1257 2174 l‘rageusis
1280 2096 1412 2172 paratus
1446 2090 1510 2154 erit
1531 2089 1743 2167 renurrciare;

234 2206 269 2264 et
291 2219 351 2264 uon
376 2201 576 2265 obstantibus
600 2198 883 2263 consuetudinibus
914 2201 947 2262 ct
969 2197 1099 2261 statutis
1131 2196 1214 2260 dicte
1239 2195 1373 2259 ecclesie
1397 2194 1578 2278 Prageusis
1612 2200 1744 2258 etcum

235 2303 306 2369 aliis
328 2323 390 2369 non
414 2304 615 2370 obstantibus
638 2310 672 2367 et
694 2302 846 2366 clausulis
869 2302 1056 2383 opportunis
1081 2306 1113 2363 et
1136 2300 1368 2364 executoribus.
1396 2299 1468 2364 Fiat
1492 2299 1529 2363 G.

364 2445 444 2511 Item
468 2445 691 2527 supplicamus
723 2443 871 2523 quatinus
905 2441 1022 2505 dilecto
1054 2447 1163 2505 nostro
1187 2440 1351 2521 caprellruro
1381 2438 1564 2503 Hermanno
1590 2438 1743 2519 ll'icteiu‚

234 2550 404 2632 Pragensis
434 2569 470 2615 ac
493 2549 680 2613 Lubicensis
711 2547 916 2613 ecclesiarum
949 2547 1109 2628 canonico,
1144 2545 1281 2626 graciam
1304 2543 1459 2609 farcientes
1483 2544 1665 2624 specialem,
1702 2543 1744 2608 de

235 2656 421 2721 canonicatu
445 2652 718 2735 wissegradensis
740 2652 875 2716 ecclesie
899 2657 1119 2715 extramuros
1143 2651 1319 2731 Pragouses
1343 2668 1411 2713 curn
1436 2648 1637 2730 plenitudine
1661 2647 1744 2711 iuris

236 2759 378 2825 canonici
395 2757 568 2839 dignemini
583 2757 761 2839 providere,
784 2756 979 2837 prebendam
995 2773 1119 2834 quoquc
1135 2754 1298 2835 rrraiorcru,
1322 2753 1350 2817 si
1366 2772 1428 2833 qua
1443 2760 1536 2817 vacat
1551 2753 1590 2817 ad
1607 2770 1744 2835 presens

236 2865 286 2928 vel
311 2884 402 2946 quam
427 2865 560 2946 primurn
592 2880 704 2925 vacare
736 2859 936 2942 contingerit,
971 2859 1075 2923 eidcru
1106 2857 1327 2923 conserendam
1360 2857 1526 2921 donaciani
1557 2857 1643 2922 sedis
1667 2875 1745 2938 apo-

237 2967 349 3033 stolice
373 2966 546 3050 dignemini
570 2983 746 3046 reservare,
782 2982 851 3027 curu
875 2963 1108 3044 acceptaciorre‚
1140 2961 1343 3039 inhibicione,
1375 2962 1504 3026 decreto
1535 2967 1570 3025 et
1599 2960 1746 3025 clausula

238 3071 399 3149 anteferri,
424 3091 486 3136 norr
509 3072 667 3152 obstante,
690 3070 773 3148 quod
797 3068 880 3131 idern
904 3067 1104 3132 Hernrarruus
1128 3067 1330 3130 canonicatus
1354 3072 1387 3130 et
1410 3067 1588 3148 prebendas
1610 3065 1643 3129 iu
1666 3065 1744 3129 Pra-

239 3176 329 3258 gensi
353 3181 387 3240 et
409 3176 578 3241 Lubicensi
609 3173 755 3238 ecclesiis
779 3172 979 3254 dignoscitur·
1002 3172 1156 3252 obtinere,
1188 3177 1220 3233 ct
1243 3171 1325 3250 quod
1349 3171 1381 3234 in
1405 3170 1541 3235 ecclesia
1567 3168 1744 3250 wissegra-

238 3280 329 3344 densi
352 3281 498 3362 predicta
528 3281 593 3345 sint
615 3279 775 3361 prebende
800 3278 935 3342 maiores
966 3284 1000 3341 ct
1023 3277 1169 3357 urinoros,
1201 3284 1236 3340 et
1259 3295 1320 3340 rrou
1343 3275 1543 3341 obstantibus
1574 3280 1744 3340 consuetu·

238 3385 366 3450 dinibus
400 3390 434 3449 et
464 3384 595 3449 statutis
627 3383 710 3447 dicte
743 3382 1017 3462 ll'isscpradensis
1051 3380 1185 3444 ecclesio
1217 3399 1253 3443 ac
1283 3380 1355 3443 aliis
1385 3399 1446 3444 rrorr
1477 3378 1678 3444 obstantibus
1710 3383 1745 3442 et

239 3489 391 3554 clausulis
415 3489 601 3571 opportunis
626 3495 659 3552 ct
682 3487 914 3551 executoribus
957 3487 992 3549 b.
1018 3487 1117 3566 Prage
1154 3503 1235 3549 anno
1259 3482 1428 3549 llCCCLV
1452 3483 1570 3548 mensis
1595 3482 1745 3548 Jarruarii

240 3595 291 3660 die
315 3600 438 3677 quarta.

368 3719 440 3783 Fiat
463 3719 499 3783 G.
532 3718 612 3782 ltern
643 3717 726 3797 quod
757 3720 922 3779 transeant
952 3715 1020 3779 sino
1046 3714 1108 3777 alia
1138 3711 1288 3776 loccioue.
1335 3712 1407 3775 Fiat
1438 3715 1474 3775 ts.
1522 3711 1559 3773 ll.
1583 3708 1744 3775 ,luiuiorre

241 3821 744 3888 WMMmmamm

371 4012 402 4065 R.
423 4011 517 4079 Suppl.
537 4015 570 4063 26
590 4009 635 4063 fol.
655 4016 713 4063 258.
733 4040 765 4048 -
781 4018 804 4075 a)
824 4009 980 4063 Correctuur
1001 4024 1048 4060 ex:
1069 4006 1189 4073 ,lloluili‘
1208 4006 1236 4058 iu
1255 4005 1350 4073 Suppl.
1375 4006 1400 4071 b)
1420 4007 1540 4068 ,rectore‘
1559 4004 1656 4071 Suppl.

888 4238 1093 4248 ..η-..ἐ-

240 4398 329 4464 397.
364 4395 508 4481 Officialr'
541 4395 695 4476 l'rupcnsa'
724 4393 905 4475 rrrundninn
937 4395 1091 4474 apronianus
1115 4391 1247 4454 Nicoloo
1279 4387 1401 4453 llcsrcr'k
1425 4387 1465 4465 de,
1483 4386 1675 4452 c‘orroniccin
1699 4407 1746 4451 ec·

241 4504 355 4567 clasura
378 4501 549 4581 l’rcpensis
581 4499 637 4563 sard
672 4500 885 4581 expectatione
915 4499 1054 4576 intepruc
1081 4495 1278 4578 percellendus
1304 4492 1467 4574 provideri
1484 4494 1642 4574 precinct,
1673 4509 1746 4554 curn

243 4627 304 4671 raon
326 4605 519 4670 obstantibus
542 4609 570 4667 ct
593 4603 819 4668 conditionibus
849 4608 882 4664 nl
907 4603 939 4666 in
961 4600 1188 4683 supplicatione
1221 4599 1276 4661 sub
1299 4620 1346 4661 arr.
1368 4600 1442 4660 396.
1478 4595 1636 4677 „Dipnurn
1660 4594 1748 4659 arbi·

538 4708 683 4773 tr·annrr“
712 4709 885 4786 „lesinione
915 4708 960 4769 Vl
979 4706 1021 4768 id.
1046 4703 1229 4767 Novembris
1254 4724 1283 4764 a.
1308 4702 1431 4764 tercio.“

292 4868 360 4919 J,
1172 4840 1329 4917 ricrrnone,
1358 4840 1440 4901 Idan
1464 4836 1649 4901 Novembris
1671 4840 1702 4901 8.

374 5004 474 5092 usur.
498 5045 544 5090 rao
565 5037 610 5091 nr.
631 5042 690 5090 roa.
