3944 6060
230 422 297 488 504
829 412 899 487 dcta
918 409 1071 470 iunocentii
1090 412 1135 469 v1.

277 617 281 627 ’
363 627 528 711 Supplicat
543 624 583 691 Sti
599 625 654 690 Vre
678 626 812 690 devotus
835 630 944 689 vester
966 624 1122 690 dmestus
1138 623 1396 707 archiepiscopus
1418 623 1598 707 Pragensis‚
1624 627 1738 703 quate·

223 751 294 798 „nus
318 733 379 798 sibi
402 732 572 815 specialem
595 731 735 813 graciam
758 729 923 807 iacientes,
948 727 1122 810 dignemini
1145 728 1319 793 concedere
1338 727 1523 794 facultatem
1546 728 1587 792 de
1611 727 1739 792 dnobus

233 837 470 903 canonicatibus
501 855 538 900 ac
568 835 690 900 duabus
720 834 891 917 prebendis
913 833 946 897 in
969 833 1106 898 ecclesia
1135 833 1287 916 Pragensi
1314 833 1460 915 personis
1483 832 1617 911 idoneis,
1651 849 1740 912 quas

233 942 398 1025 eligendas
429 941 566 1018 duxerit,
597 939 793 1023 providendi,
829 958 898 1005 cum
927 937 1211 1019 reseruacionibns,
1247 937 1386 1001 decretis
1416 942 1450 1000 et
1480 936 1552 1000 aliis
1582 935 1741 1000 clausulis

233 1047 407 1128 oportunis,
431 1065 494 1111 non
517 1047 673 1128 obstante,
697 1045 724 1108 si
747 1044 832 1108 dicte
855 1060 990 1125 persone
1014 1047 1047 1106 et
1070 1042 1212 1122 quelibet
1234 1059 1274 1105 ex
1297 1041 1344 1106 eis
1367 1041 1431 1106 alia
1453 1039 1608 1106 beneficia
1632 1038 1739 1104 eecle-

235 1148 365 1214 siastico
388 1148 540 1231 obtineat,
563 1149 661 1214 eciam
686 1149 713 1214 si
729 1147 824 1213 alicui
840 1164 949 1212 eorum
972 1165 1047 1210 eura
1066 1146 1211 1210 imminet
1234 1146 1416 1227 animarum,
1441 1150 1476 1210 et
1491 1164 1560 1210 cnm
1584 1144 1658 1208 aliis
1676 1161 1742 1209 non

238 1256 437 1320 obstantibus
460 1261 495 1318 et
517 1254 670 1318 clausulis
693 1251 900 1317 neccessariis
923 1256 958 1315 et
979 1250 1152 1332 oportunis.

367 1377 440 1441 Fiat
462 1376 500 1441 G.
524 1375 598 1441 Sine
622 1375 686 1439 alia
706 1373 847 1439 leccione
871 1372 927 1437 liat
950 1371 987 1437 G.

366 1498 404 1561 D.
430 1496 585 1561 Aninione
609 1494 669 1559 Vll
692 1495 754 1559 kal.
779 1493 926 1560 Octobris
950 1513 977 1558 a.
1001 1510 1091 1558 nono.

362 1685 393 1740 a
412 1684 506 1755 Suppl.
527 1690 559 1739 8³
579 1684 626 1740 fol.
644 1678 712 1739 205¹.
732 1713 765 1723 -
784 1682 816 1736 ln
834 1697 917 1751 marg.
936 1681 1024 1737 dext:
1043 1679 1185 1750 ,atttendd
1204 1680 1228 1734 si
1247 1697 1296 1750 pro
1316 1683 1440 1736 camara‘.

884 1894 1087 1904 ——--——-

242 2066 358 2135 1265.
382 2065 517 2130 Amesto
540 2063 774 2149 archiepiscopo
791 2063 948 2146 Prapenei
961 2063 1140 2128 commetitur
1155 2062 1304 2142 fuerettae
1318 2064 1503 2144 conserendi
1525 2064 1649 2130 duabus
1669 2086 1746 2148 per·

237 2170 322 2235 souis
333 2170 462 2249 idoneis,
485 2170 582 2234 etiam
598 2171 626 2234 si
651 2166 806 2250 quaelibet
827 2187 937 2232 earum
959 2166 1106 2249 beneficia
1128 2166 1341 2233 ecclesiastica
1361 2167 1507 2251 obtineat,
1530 2188 1663 2253 quonam
1686 2171 1746 2234 uni

145 2335 147 2338 a
238 2294 315 2339 eura
338 2275 501 2338 immineat
523 2275 716 2353 animarum,
740 2272 817 2336 duos
832 2272 1036 2337 canonicatus
1058 2273 1232 2352 Propensis
1248 2272 1404 2356 eeclesiae,
1428 2274 1613 2339 reservandi
1624 2295 1747 2359 quoque

238 2378 353 2444 eisdem
376 2378 456 2442 duas
489 2378 686 2462 praebendas
720 2375 883 2440 iraeadem
905 2375 1045 2441 ecclesia.
1081 2375 1225 2458 ,Sincere
1247 2376 1440 2441 deauctonls“
1477 2377 1652 2457 ,Aninione
1685 2379 1751 2442 VII

227 2573 229 2576 a
326 2555 360 2580 =
601 2480 667 2546 kal·
693 2479 835 2547 Octobris
856 2480 1063 2562 pontificatus
1084 2482 1187 2544 nostri
1210 2502 1239 2544 a.
1264 2483 1374 2547 nono.“

305 2589 359 2725 ,Ξ
367 2713 373 2725 .
1131 2619 1295 2693 Aninione,
1321 2622 1402 2684 1361
1430 2620 1623 2702 Septembris
1645 2621 1700 2686 25,

370 2807 402 2863 R.
422 2811 472 2861 Aa.
494 2814 542 2863 146
560 2806 606 2862 fol.
627 2811 697 2862 474‘.

246 3141 363 3208 1266.
391 3139 590 3206 Cdottboriue
615 3139 747 3206 Cadoldi
780 3141 817 3204 de
839 3139 922 3205 Stan
954 3139 1123 3222 supplicat,
1147 3145 1301 3222 quatenus
1326 3142 1481 3205 assecutio
1498 3142 1747 3224 praepositurae

242 3244 388 3310 ecclesiae
410 3249 542 3309 curatae
574 3245 609 3308 in
635 3244 772 3308 Toullon
795 3242 856 3306 sibi
878 3243 1078 3325 confirmetur
1107 3243 1155 3307 net
1178 3244 1346 3310 decadem
1369 3243 1408 3309 de
1430 3264 1506 3309 nono
1523 3247 1745 3328 provideatur.

1128 3383 1290 3467 Aninione,
1320 3383 1406 3448 1361
1431 3384 1624 3465 Septembris
1646 3388 1699 3452 25.

373 3574 507 3638 Rotnlns
530 3573 804 3638 confirmacionnm
828 3573 1061 3638 dlmannorum.

374 3816 454 3879 Item
472 3816 602 3896 exponit
617 3815 659 3879 gn
680 3816 736 3880 Vre
751 3821 858 3881 orator
873 3821 980 3880 vester
995 3816 1250 3899 Chotyebor·ici³l
1267 3817 1399 3882 Cadoldi
1415 3817 1454 3881 de
1471 3817 1549 3883 Stan
1562 3820 1745 3902 prepositus

245 3919 443 4000 prepositure
457 3919 592 3983 ecclesie
605 3925 713 3983 curate
725 3919 758 3983 in
771 3918 937 3998 Gusaowl)
950 3939 1008 4003 per
1018 3922 1214 4003 prepositum
1227 3923 1320 3987 solite
1333 3920 1503 4003 gubernari
1516 3923 1637 3989 ordinis
1650 3943 1674 3988 s.
1685 3925 1744 3988 Be·

244 4022 363 4085 nedicti
382 4022 547 4103 Progensis
564 4022 654 4105 dioc,
667 4024 749 4103 quod
765 4024 834 4104 ipse
851 4024 937 4088 dicta
951 4026 1153 4107 prepositura
1168 4034 1300 4091 vacante
1312 4043 1370 4107 per
1382 4031 1514 4091 mortem
1527 4027 1660 4093 Henrici
1676 4047 1746 4111 pre·

244 4126 309 4190 late
326 4126 461 4189 ecclesie
478 4125 658 4209 [prepositi]
682 4127 864 4191 immediate
887 4147 926 4191 ex
942 4130 1181 4211 presentacione
1194 4131 1318 4195 abbatis
1335 4130 1373 4194 de
1389 4128 1608 4214 Caledonas)
1626 4133 1746 4198 ordinis

245 4237 279 4294 et
302 4231 380 4294 dioc.
398 4230 611 4311 predictorum
628 4236 662 4294 et
676 4231 880 4296 institucione
893 4234 1053 4298 ordinaria
1068 4235 1184 4300 dictam
1200 4236 1433 4317 preposituram
1450 4236 1560 4300 extitit
1580 4244 1746 4304 assecutus

246 4335 395 4398 canonice
411 4340 446 4397 et
461 4352 529 4397 eam
552 4335 696 4416 possedit
712 4340 745 4400 et
761 4337 903 4415 possidet
925 4337 1054 4419 pacifice
1071 4344 1105 4402 et
1120 4339 1237 4423 quiete,
1255 4358 1315 4420 qne
1339 4341 1541 4422 prepositura
1556 4348 1745 4423 personatus

248 4438 359 4502 existit
382 4446 517 4520 curatus,
541 4444 575 4503 et
598 4441 672 4520 qnia
695 4440 829 4522 dubitat,
860 4442 976 4507 dictam
999 4443 1232 4525 preposituram
1255 4449 1398 4526 tempore
1423 4444 1507 4508 dicte
1531 4447 1746 4512 assecucionis

247 4542 346 4606 luisse
375 4544 540 4609 donacioni
563 4545 737 4626 apostolice
768 4552 972 4629 reserantem,
1003 4548 1076 4613 ideo
1100 4546 1143 4611 8²¹
1172 4548 1228 4613 V¹⁶
1251 4548 1419 4630 supplicat,
1452 4554 1609 4628 quatenns
1640 4550 1745 4616 huius·

247 4647 331 4711 modi
355 4649 589 4713 assecucionem
612 4656 647 4713 et
669 4649 905 4715 institucionem
928 4657 1014 4715 ratas
1037 4651 1201 4734 habentes,
1232 4653 1333 4734 ipsam
1356 4651 1499 4734 predicto
1534 4652 1745 4737 Chotyeborio

248 4751 287 4814 de
311 4752 441 4832 speciali
465 4753 570 4833 gracia
594 4754 765 4835 dignemini
789 4754 972 4818 confirmare
997 4773 1181 4836 quacunque
1205 4755 1426 4820 reservatione
1448 4756 1591 4836 generali
1608 4757 1659 4821 vel
1676 4776 1744 4840 spe·

247 4854 318 4918 ciali
343 4875 403 4920 nnn
428 4857 583 4936 obstante,
607 4858 657 4920 vel
681 4859 784 4922 eidem
809 4860 847 4922 de
871 4879 952 4925 novo
975 4860 1147 4941 dignemini
1170 4861 1348 4942 providere.

378 5098 582 5162 Sarmtissime
606 5106 708 5181 pater,
741 5103 913 5183 dignemini
937 5121 1044 5168 omnes
1067 5104 1227 5185 predictas
1258 5104 1509 5185 supplicaciones
1536 5122 1599 5168 nnn
1624 5106 1745 5170 cancel·

248 5201 330 5265 latas
354 5205 478 5282 signare
496 5210 538 5272 et.
570 5212 664 5285 prout
688 5207 816 5286 petitur,
847 5208 996 5272 mandare
1020 5207 1180 5289 expedire,
1204 5208 1371 5272 dnmmodo
1394 5207 1427 5270 in
1450 5206 1612 5273 berraficiis
1636 5210 1745 5291 petitis

249 5324 311 5370 non
334 5305 431 5378 luerit
454 5307 546 5371 alteri
570 5309 619 5373 ius
643 5310 811 5390 quesitum.
