3990 6052
789 443 942 499 reassumi
957 449 996 497 n.
1016 474 1048 483 -
1065 442 1142 499 sunu
1163 447 1202 497 n.
1276 453 1277 456 ¹
1702 445 1745 509 43

243 658 332 724 100.
366 656 522 722 Arcesius
552 655 805 738 archiepiscopus
834 655 1006 735 Propensis
1040 652 1210 738 supplicat,
1244 657 1399 734 audenus
1425 652 1580 732 sandalio
1614 659 1644 717 ei
1676 655 1750 718 anio

242 762 426 827 monasterii
446 762 565 828 Montis
588 782 614 826 s.
632 761 760 826 Mariae
781 762 817 825 ia
841 759 940 826 (llaec
960 779 1030 823 cara
1048 757 1249 843 parrochiali
1263 757 1392 822 ecclesia
1415 758 1449 821 in
1467 756 1661 841 llostomlaty
1678 779 1750 824 coa·

242 866 384 937 firmetur
413 869 443 931 el
474 870 627 948 cadeates
663 863 770 929 Ulrico
804 864 919 948 Vojslai
948 865 985 929 dc
1008 865 1109 929 Litice
1139 864 1241 928 maior
1266 864 1453 945 praehenda
1474 864 1621 929 ecclesiae
1650 864 1750 929 Visse·

811 970 980 1051 aradensis
1001 973 1182 1033 reservetur.

1038 1106 1136 1192 Apud
1165 1107 1404 1186 Villamnouam,
1429 1111 1513 1173 1353
1535 1109 1632 1176 Jaaii
1657 1110 1706 1173 13.

373 1297 540 1382 Supplicat
561 1297 602 1364 Sl
628 1297 682 1363 V¹⁶
703 1298 832 1363 humilis
862 1303 896 1363 et
923 1298 1057 1363 devotus
1072 1307 1180 1364 orator
1194 1305 1305 1363 vester
1320 1299 1476 1364 Amestus
1493 1298 1751 1381 archiepiscopus

246 1403 425 1485 Pragensis,
459 1403 609 1484 quatinus
632 1403 692 1468 sibi
716 1404 887 1485 specialem
921 1402 1058 1485 graciam
1091 1402 1255 1483 iacientes,
1289 1402 1521 1482 fundacionem,
1555 1402 1752 1466 erectionem

245 1514 279 1572 et
308 1507 505 1572 dotacionem
535 1508 720 1572 monasterii
751 1508 869 1572 Montis
900 1525 923 1570 a.
955 1506 1055 1571 Marie
1086 1507 1118 1570 in
1149 1507 1245 1572 Glacz
1275 1507 1395 1572 ordinis
1426 1527 1449 1571 s.
1480 1507 1659 1589 Augustini,
1676 1507 1751 1571 Pra-

246 1612 353 1692 gensis
365 1611 454 1682 dioc,
483 1611 655 1693 peripsum
667 1610 937 1692 archiepiscopum
951 1611 990 1674 de
1002 1629 1082 1675 novo
1098 1609 1230 1691 fundati,
1250 1611 1352 1676 dotati
1369 1616 1403 1675 et
1418 1610 1599 1678 constructi.
1620 1629 1752 1674 necnon

247 1715 394 1778 unionem
425 1715 529 1779 eidem
556 1715 748 1780 munasterio
772 1714 970 1796 perdicium
994 1715 1264 1796 archiepiscopum
1296 1715 1335 1779 de
1359 1733 1515 1779 consensu
1545 1715 1596 1779 sui
1620 1715 1751 1796 capituli

246 1817 361 1882 iactam
385 1819 424 1884 de
447 1819 638 1901 parrochiali
661 1819 798 1884 ecclesia
824 1819 857 1882 in
881 1818 1057 1884 Customlat
1079 1818 1202 1900 prefate
1236 1819 1327 1901 diac,
1360 1819 1393 1882 in
1423 1837 1486 1899 qna
1505 1820 1688 1901 prepositus
1719 1826 1753 1884 et

247 1928 422 1986 conventus
453 1924 529 1988 dicti
552 1923 737 1989 manasterii
768 1923 818 1989 ius
842 1923 988 1988 obtinent
1017 1929 1213 2005 patronatus,
1236 1941 1276 1986 ex
1298 1930 1387 1988 certa
1410 1924 1549 1987 sciencia
1581 1924 1754 2006 dignemini

252 2027 437 2092 confirmare
460 2046 646 2109 omnemque
670 2027 828 2092 delectum
852 2028 1001 2111 supplere
1025 2034 1077 2092 etc

378 2168 596 2234 Exhibeantur
611 2169 645 2232 iu
660 2169 859 2250 cancellaria,
882 2168 958 2232 etsi
974 2169 1210 2234 racionabiliter
1231 2167 1316 2233 facta
1330 2169 1458 2246 fuerint,
1477 2167 1700 2233 confirmentur
1716 2167 1752 2233 G.

376 2304 458 2369 Item
481 2306 649 2388 supplicat,
680 2306 829 2387 quatinus
853 2307 914 2371 sibi
936 2308 969 2371 in
992 2326 1130 2389 persona
1153 2307 1264 2372 dilecti
1287 2307 1445 2389 capellani
1476 2308 1525 2372 sui
1548 2307 1657 2380 vlrici,
1685 2303 1753 2371 nati

250 2410 406 2490 quondam
430 2409 581 2493 Wayslay
604 2412 644 2476 de
667 2412 784 2476 Lutitz.
817 2411 960 2476 canonici
984 2412 1118 2476 ecclesie
1142 2412 1403 2494 vissegradensis
1427 2430 1526 2493 prope
1553 2413 1691 2493 l‘ragam,
1721 2411 1754 2474 in

250 2514 359 2577 eadem
383 2515 529 2594 ecclesia,
552 2517 585 2578 in
601 2534 663 2596 qua
678 2515 814 2580 maiores
838 2522 872 2580 et
894 2515 1032 2580 minores
1055 2517 1216 2598 prebende
1241 2517 1393 2593 existunt,
1417 2515 1580 2596 quianam
1604 2516 1643 2579 de
1660 2515 1754 2580 dictis

250 2617 422 2682 minoribus
436 2619 606 2699 prebendis
620 2619 752 2699 obtinet,
764 2620 853 2684 cuius
865 2618 997 2702 fructus,
1009 2621 1154 2685 redditus
1170 2627 1204 2686 et
1218 2627 1392 2703 proventus
1408 2619 1545 2700 quinque
1565 2618 1753 2684 florenorum

253 2722 318 2784 auri
352 2722 490 2786 valorem
521 2742 658 2786 annuum
689 2723 898 2788 communiter
928 2743 990 2788 non
1020 2726 1187 2807 excedunt,
1223 2725 1394 2808 specialem
1425 2724 1561 2805 graciam
1589 2722 1755 2803 iacientes,

252 2843 342 2888 unam
360 2826 399 2889 de
423 2826 517 2890 dictis
541 2827 711 2908 prebendis
734 2827 915 2906 maioribus
938 2828 965 2891 si
989 2835 1080 2892 vacat
1103 2829 1144 2892 ad
1166 2846 1308 2910 pressae,
1325 2827 1376 2891 vel
1398 2845 1468 2891 cum
1489 2827 1657 2894 vacaverit.
1682 2845 1754 2889 con-

251 2928 411 2993 ferendum
444 2931 530 2996 dicto
554 2932 659 2996 Vlrieo
688 2932 854 2996 donaciani
885 2933 1059 3014 apostolice
1083 2932 1256 3016 dignemini
1280 2948 1446 2996 reservare
1470 2949 1537 2994 cum
1563 2931 1755 3012 acceptacio-

251 3051 299 3110 ne,
329 3034 530 3111 inhibitione,
565 3036 694 3100 decreto
724 3041 758 3100 et
781 3036 922 3102 clausula
945 3036 1107 3114 anteferri,
1142 3037 1383 3117 nonobstante,
1416 3035 1498 3117 quod
1527 3035 1756 3116 parrochialem

252 3137 416 3202 ecclesiam
439 3140 472 3203 in
496 3140 715 3210 Pontanena
742 3140 911 3222 Pragensis
934 3142 1012 3207 dioc.
1038 3141 1162 3207 obtinet
1184 3146 1218 3205 et
1241 3159 1310 3204 cum
1327 3140 1399 3205 aliis
1422 3140 1701 3204 nonobstantibus
1722 3144 1757 3203 et

253 3241 404 3305 clausulis
428 3245 594 3325 oportunis
617 3249 651 3308 et
674 3245 907 3309 executoribus.

382 3380 453 3445 Fiat
478 3381 514 3445 G.
540 3383 582 3446 Et
598 3382 681 3462 quud
697 3387 841 3446 transeat
857 3383 925 3447 sine
943 3383 1006 3447 alia
1021 3383 1172 3448 leccione.
1197 3384 1272 3448 Fiat
1286 3389 1320 3447 et
1336 3383 1550 3448 committatur
1566 3401 1698 3447 examen
1719 3383 1756 3448 G.

383 3521 420 3585 D.
445 3522 530 3603 apud
554 3519 785 3585 Villamnouam
810 3521 1037 3586 Aninionensis
1061 3522 1140 3588 dioc.
1164 3523 1207 3586 id.
1227 3522 1316 3588 Junii
1339 3542 1366 3587 a.
1391 3523 1501 3605 primo.

383 3710 412 3764 lt
432 3709 527 3779 Suppl.
548 3718 580 3763 23
599 3711 646 3766 lol.
666 3717 724 3765 199.
746 3742 775 3748 —
794 3715 818 3775 Ι)
837 3709 1014 3778 ,Podboraan‘
1034 3719 1184 3765 correctum
1204 3727 1237 3765 ex
1257 3710 1450 3771 ,Podbocaem¹

256 4095 342 4160 101.
378 4094 503 4158 Decano
525 4093 672 4157 ecclesiae
697 4093 866 4176 Propensis
888 4091 1071 4171 mandatur,
1101 4092 1392 4179 quatenosjlllrico
1424 4093 1541 4176 Vojslai
1563 4093 1599 4157 de
1624 4094 1758 4174 Lirim)

254 4216 350 4261 anam
372 4198 411 4263 de
432 4197 605 4262 maioribus
628 4197 817 4280 praebendis
841 4196 987 4262 ecclcsiae
1019 4196 1271 4278 Vissearadeasis
1300 4201 1444 4280 reservet,
1467 4218 1529 4262 noa
1555 4197 1759 4298 obstantibus,

253 4301 334 4382 qaod
357 4302 574 4366 canonicatum
596 4306 626 4366 et
640 4323 737 4365 anam
752 4301 977 4366 demissoribus
994 4302 1187 4385 praebendis
1210 4304 1243 4366 ia
1259 4303 1343 4368 dicta
1359 4302 1499 4382 ecclesia,
1522 4304 1609 4367 coires
1625 4306 1759 4381 fascias

255 4407 389 4488 quiaque
420 4407 606 4477 florenorum
637 4410 711 4472 auri
732 4407 904 4472 secandam
926 4408 1120 4471 locationem
1149 4407 1286 4472 hamne
1313 4407 1450 4471 valorem
1483 4429 1633 4483 ananam,
1664 4411 1760 4489 proat

255 4512 421 4585 asseritur,
445 4532 507 4575 noa
529 4511 689 4589 excedant,
725 4532 764 4576 ac
788 4509 1007 4594 parochialem
1029 4509 1193 4575 ecclesiam
1215 4510 1249 4575 in
1271 4511 1456 4575 Podhoraaa
1478 4510 1650 4591 Propensis
1680 4511 1758 4575 dioc

254 4616 394 4679 noscitur
423 4614 569 4685 abditare,
603 4636 697 4692 qaam
727 4622 879 4686 minorem
904 4613 1096 4698 prehendam
1125 4634 1206 4679 nunc
1234 4614 1391 4678 dimittere
1420 4618 1549 4679 tenetur.
1599 4616 1758 4696 „Dignam

327 4718 541 4783 arbitramar¹⁴
571 4719 685 4801 ,Apad
716 4719 946 4783 Villamnouam
968 4718 1193 4784 Aulaioaeasis
1216 4718 1291 4782 dioc.
1318 4719 1359 4783 id.
1382 4720 1475 4786 Jaaii
1498 4741 1528 4784 a.
1546 4720 1682 4801 prima¹¹

320 4859 354 4994 j
1053 4874 1149 4958 apua
1180 4875 1416 4957 idamaeam,
1440 4863 1527 4941 aaa
1548 4875 1641 4942 oeno
1664 4878 1714 4940 13.

386 5082 416 5136 R.
436 5087 485 5136 Ar.
505 5089 555 5138 124
579 5083 625 5137 iol.
646 5089 713 5150 194⁶,
740 5083 768 5137 R.
788 5083 849 5137 Vnt
870 5090 921 5138 223
946 5083 994 5137 fol.
1022 5090 1086 5137 110¹.
1111 5113 1135 5122 -
1164 5088 1188 5147 Ε)
1207 5083 1302 5143 ,Vlrici
1327 5084 1385 5136 nati
1410 5082 1546 5150 quondam
1573 5081 1702 5152 Woyslay
1727 5081 1760 5134 de

258 5167 361 5221 Lutica‘
380 5171 430 5221 Ar.
