3944 6060
831 367 897 415 rasa
916 360 1086 431 Septembris
1105 367 1131 415 a.
1678 366 1739 431 115

233 572 318 635 ribus
341 570 501 635 consuetis
534 587 595 634 non
618 575 803 652 suppetunt,
834 571 918 635 ultra
948 572 1031 652 quod
1060 573 1150 635 iuxta
1180 590 1305 635 suarum
1339 571 1519 636 huiusmodi
1551 570 1738 636 facultatum

232 675 427 756 exigenciam
458 673 587 739 comode
618 680 759 755 possunt,
782 674 830 738 illi
862 692 946 756 vero,
979 676 1031 755 qni
1065 675 1104 738 de
1136 676 1221 739 dicta
1244 676 1470 756 procuracione
1494 675 1590 739 nichil
1615 676 1738 740 solvere

232 785 375 860 possunt
410 795 506 860 super
536 777 712 842 cuiusmodi
744 797 851 842 eorum
886 778 1080 860 impotentia
1110 784 1233 843 vestras
1261 780 1475 843 conscienciae
1499 798 1674 860 oneramus,
1699 780 1739 844 ad

233 883 420 947 solvendum
444 881 564 961 aliquid
587 886 736 961 pretextu
759 882 901 947 mandati
923 882 1104 947 huiusmodi
1127 883 1310 947 nullatenus
1334 883 1571 965 compellantur.
1597 884 1634 948 D.
1651 885 1738 966 apud

237 986 465 1051 Villamuouam
489 984 714 1050 Auinionensis
737 985 816 1051 dioc.
841 986 901 1050 kal.
926 984 1122 1067 Septembris
1146 1006 1172 1050 a.
1197 987 1335 1051 seeundo
1338 1036 1719 1055 .........

360 1108 442 1173 Item
457 1108 490 1171 in
506 1125 534 1171 e.
551 1126 591 1172 m.
605 1107 736 1170 mutatis
759 1107 919 1171 mutandis
942 1125 1012 1171 ven.
1037 1106 1074 1172 fr.
1096 1160 1127 1173 ..
1153 1109 1301 1190 episcopo
1325 1108 1527 1174 Olomucensi
1551 1115 1585 1174 et
1607 1111 1735 1175 dilectis

231 1212 304 1277 filiis
323 1263 329 1276 .
351 1264 356 1276 .
381 1211 499 1276 vicario
514 1211 584 1275 eius
607 1229 643 1275 ac
663 1260 669 1273 .
689 1261 695 1273 .
719 1209 845 1275 officiali
869 1210 1080 1276 Olomucensi.
1101 1223 1124 1277 .·
1144 1263 1717 1280 ..............

361 1333 442 1398 Item
464 1333 498 1397 in
521 1351 548 1396 e.
573 1352 614 1396 m.
639 1350 708 1397 ven.
732 1332 768 1396 ir.
790 1380 823 1394 ..
849 1335 998 1415 episcopo
1022 1333 1178 1398 Misnensi
1201 1339 1234 1399 et
1256 1334 1383 1399 dilectis
1406 1334 1480 1399 tiliis
1503 1340 1562 1399 eto.

362 1523 394 1576 R.
415 1521 474 1574 Vat.
494 1526 545 1574 236
564 1521 609 1575 iol.
638 1526 695 1574 157⁴
714 1529 741 1574 et
760 1525 825 1576 159⁶.
856 1552 886 1560 -
917 1522 940 1572 α)
955 1520 1143 1587 ,reformanda‘
1162 1521 1221 1576 Vat.
1251 1522 1275 1575 b)
1289 1522 1425 1590 ,aliisque‘
1446 1523 1504 1576 Vat.
1538 1523 1738 1592 c),premittu1·‘

231 1611 289 1665 Vat.
303 1611 328 1661 d)
342 1608 480 1675 ,officium‘
493 1607 553 1661 Vat.
570 1639 600 1648 -
613 1608 672 1662 Hae
685 1607 794 1662 litterae
811 1615 1014 1661 reconstructae
1033 1615 1098 1662 suut
1110 1625 1144 1662 ex
1156 1609 1256 1662 litteris
1270 1610 1475 1680 archiepiscopo
1493 1611 1638 1665 Bisuntino
1651 1611 1735 1664 desti.

232 1697 301 1751 uatis
320 1705 348 1750 et
365 1696 395 1749 in
413 1710 468 1764 reg.
489 1695 549 1748 Vat.
570 1702 619 1749 236
639 1695 666 1747 in
686 1695 730 1748 iol.
753 1702 810 1748 rol'
830 1696 911 1763 plene
929 1695 1083 1763 descriptis.
1123 1696 1243 1750 Litterae
1264 1697 1299 1750 ad
1318 1698 1553 1768 archiepiscopum
1572 1699 1737 1768 Pragensem

233 1784 330 1838 missae
348 1782 526 1851 sequentibus
545 1788 649 1835 tantum
669 1781 758 1835 verbis
777 1781 812 1835 ad
830 1782 936 1836 litteras
961 1781 1156 1850 praecedentes
1177 1785 1376 1851 pertinentibus
1395 1785 1423 1838 in
1442 1787 1487 1841 sol.
1510 1789 1566 1839 159⁴
1587 1786 1733 1840 adnotatae

233 1880 305 1924 sunt:
328 1871 412 1939 „Item
431 1869 458 1922 in
478 1885 500 1923 e.
520 1887 553 1922 m.
573 1883 631 1922 ven.
651 1868 684 1923 ir.
704 1911 709 1921 .
730 1912 734 1920 .
755 1869 963 1936 archiepiscopo
985 1869 1115 1937 Prageusi
1134 1878 1162 1923 et
1181 1870 1286 1926 dilectis
1306 1870 1372 1926 filiis
1391 1878 1457 1926 etc.“

235 2273 318 2340 276.
344 2270 477 2337 Carolus
496 2274 708 2336 Romanorum
729 2291 787 2335 rea
809 2274 950 2353 mpetum
974 2273 1127 2354 quatenns
1153 2271 1336 2355 eblonem,
1360 2275 1549 2356 Mapuntino
1572 2279 1601 2338 et
1628 2278 1734 2339 Treve-

234 2379 313 2442 rcnsi
351 2377 595 2459 archiepiscopis
636 2396 752 2440 necnon
781 2374 898 2439 decano
928 2374 1077 2440 ccclesiae
1109 2365 1371 2456 ‘Visscpredonsis
1401 2377 1487 2441 circa
1508 2379 1736 2461 promotionem

522 2481 713 2559 nepotiornm
736 2499 881 2543 camerac
904 2478 1093 2561 apostolicae
1117 2479 1273 2544 nardium
1291 2484 1441 2562 praestet.

949 2617 1044 2700 Apud
1077 2618 1312 2698 Villamnooam,
1337 2623 1423 2684 1354
1445 2620 1638 2702 Septembris
1661 2626 1692 2686 8.

359 2810 531 2875 Carissimo
576 2810 608 2873 iu
654 2807 781 2874 Christo
819 2807 883 2873 filio
922 2808 1034 2874 Carolo
1077 2810 1157 2892 Regi
1195 2811 1405 2874 Romanorum
1443 2811 1562 2876 illustri
1600 2813 1735 2876 salutem

234 2920 287 2980 etc.
328 2915 481 2979 Consulta
522 2932 623 2995 nuper
665 2912 897 2977 deliberacione
940 2914 1133 2994 providimus
1170 2915 1368 2979 venerabiles
1407 2915 1526 2980 fratres
1556 2923 1733 2981 nostroe..

235 3018 452 3084 Coloniensem
479 3070 486 3082 .
516 3074 520 3083 .
558 3018 835 3099 llaguntinensem
872 3025 956 3081 et..
992 3018 1223 3083 Treuerensem
1258 3019 1514 3102 archiepiscopos
1549 3022 1735 3086 collectores

234 3131 440 3205 proventuum
464 3123 504 3187 ad
528 3139 684 3187 cameram
707 3126 848 3186 nostram
879 3122 1111 3203 pertinencium
1134 3123 1166 3185 in
1191 3124 1373 3188 civitatibus
1404 3125 1583 3189 diocesibus
1607 3135 1641 3191 et
1664 3146 1733 3208 pro·

235 3229 341 3295 vinciis
366 3229 539 3293 eorundem
563 3227 728 3307 usquead
753 3227 927 3308 apostolice
959 3227 1045 3290 sedis
1076 3227 1308 3308 beneplacitum
1342 3229 1550 3310 deputandos.
1580 3230 1735 3307 Quocirca

234 3335 437 3399 serenitatem
473 3339 558 3396 tuam
590 3337 713 3396 attente
746 3348 902 3412 rogamus,
938 3337 1093 3409 quatenus
1128 3330 1248 3394 eisdem
1280 3332 1527 3415 archiepiscopis
1551 3341 1585 3399 et
1608 3336 1636 3399 d.
1660 3336 1680 3400 l.
1702 3386 1734 3398 ..

234 3439 348 3503 decano
381 3437 516 3501 ecclesie
547 3435 820 3517 Wiscegradensis
854 3434 1023 3514 l’ragensis
1055 3434 1143 3513 dioc,
1180 3436 1353 3516 apostolice
1385 3437 1471 3500 sedis
1502 3439 1734 3517 nuncio,ci1·ca

234 3543 462 3624 promocionem
486 3541 623 3605 votivam
647 3540 849 3621 negociorum
880 3556 1004 3600 camere
1028 3544 1201 3601 meinorate
1225 3547 1312 3601 tuum
1337 3560 1393 3620 pro
1418 3544 1601 3606 reverencia
1625 3544 1676 3606 dei
1701 3552 1733 3606 et

234 3652 336 3710 nostre
360 3644 608 3709 intervencionis
632 3646 764 3709 obtentu
795 3643 993 3723 imperciaris
1016 3651 1049 3705 et
1072 3661 1130 3724 per
1161 3642 1312 3708 officiales
1336 3652 1371 3707 et
1393 3646 1554 3708 ministros
1579 3647 1733 3727 impertiri

234 3749 327 3814 incisas
350 3749 462 3814 efficax
487 3749 638 3812 auxilium
670 3755 704 3811 et
726 3747 875 3829 favorem,
907 3747 952 3810 ita
982 3747 1064 3826 quod
1094 3747 1156 3826 ipsi
1187 3749 1273 3827 regio
1298 3748 1369 3811 fulti
1401 3750 1539 3829 presidio
1571 3757 1604 3814 et
1626 3751 1733 3814 favore

234 3853 408 3919 huiusmodi
433 3854 565 3935 negocia
588 3853 806 3917 favorabiliter
829 3859 863 3915 et
887 3851 1010 3914 utiliter
1036 3858 1242 3930 exequantur.
1268 3853 1415 3916 Ceterum
1441 3855 1588 3934 precibus
1611 3855 1731 3918 nostris

235 3960 394 4034 adicimus,
418 3963 453 4022 ut
477 3959 515 4022 ad
540 3963 720 4038 sumptuum
745 3975 849 4035 onero,
866 3955 978 4036 quibus
998 3955 1167 4036 presertim
1192 3956 1274 4020 circa
1298 3959 1573 4039 recuperacionem
1598 3977 1729 4040 occupa-

234 4070 331 4127 tarum
355 4069 513 4126 terrarum
539 4061 673 4126 ecclesie
704 4061 854 4138 Romane,
888 4079 990 4141 quarn,
1025 4059 1107 4122 sicut
1137 4059 1217 4122 alins
1252 4063 1540 4142 magnitudinibus
1565 4064 1732 4142 scripsisse

235 4170 408 4243 recolimus,
432 4186 451 4230 a
474 4167 594 4231 iamdiu
617 4167 845 4247 assumpsimus
869 4173 903 4229 et
926 4165 1146 4245 prosequimur
1175 4165 1381 4243 incessanter,
1405 4167 1489 4229 ultra
1512 4167 1597 4231 vires
1620 4168 1733 4248 premi-

234 4289 304 4354 mur,
327 4272 449 4336 hebens
460 4271 566 4335 filialis
591 4270 857 4334 considerationis
881 4276 1054 4351 aspectum,
1077 4268 1150 4348 hiis,
1183 4288 1261 4349 quos
1294 4271 1332 4333 ad
1364 4272 1581 4352 recepcionem
1610 4272 1730 4336 decime

234 4375 344 4441 drrdum
369 4377 408 4439 ab
431 4376 542 4439 eadem
565 4375 623 4438 tibi
658 4374 734 4439 sede
769 4391 918 4437 concesse
949 4373 1121 4453 deputasti,
1153 4390 1307 4454 expresse
1331 4375 1489 4456 precipias
1513 4382 1547 4439 et
1570 4376 1725 4456 iniungere,

236 4487 266 4544 ut
286 4481 466 4562 porcionem
491 4480 606 4544 dictam
631 4497 786 4543 cameram
818 4495 856 4540 ex
886 4477 998 4540 eadem
1033 4477 1154 4541 decima
1188 4479 1421 4559 contingentem
1457 4479 1581 4560 prefato
1612 4480 1731 4544 decano

236 4602 297 4648 eum
320 4585 507 4666 integritate
531 4584 658 4648 tradere
682 4602 717 4647 ac
741 4582 903 4664 assignare
934 4587 1113 4662 procurent.
1161 4581 1250 4657 Quod
1281 4584 1327 4646 ita
1358 4585 1448 4647 nobis
1472 4584 1534 4647 erit
1558 4591 1731 4665 acceptum,

238 4688 312 4755 sicot
334 4691 362 4755 si
385 4690 476 4755 nobis
499 4691 532 4754 in
556 4696 646 4755 tanta
675 4689 871 4754 necessitate
906 4688 1020 4769 positis
1051 4688 1090 4750 de
1124 4695 1179 4752 tuo
1204 4688 1331 4769 proprio
1355 4687 1550 4751 subvenires.
1588 4688 1623 4750 lt.
1648 4688 1731 4767 apud

238 4788 460 4860 Villamnouam
485 4795 712 4860 Aninionensis
736 4795 816 4859 dioc.
841 4792 885 4857 Vl
909 4793 951 4856 id.
976 4791 1173 4873 Septembris
1197 4810 1223 4854 a.
1249 4792 1396 4855 secundo.

357 4983 389 5037 R.
407 4983 470 5037 Vat.
488 4988 538 5036 236
557 4984 602 5037 iol.
623 4990 689 5038 169¹.
715 5013 737 5022 -
764 4980 828 5050 lleg.
849 4981 924 5050 apud
944 4980 1108 5047 Werunsky‚
1128 4979 1265 5046 Excerpta
1285 4995 1323 5032 nr.
1344 4984 1393 5032 309
1413 4988 1440 5032 et
1459 4978 1560 5045 Huber‚
1580 4979 1644 5046 lieg.
1664 4979 1731 5045 Imp.

243 5061 296 5121 un
312 5087 373 5139 pag.
394 5075 445 5125 783
464 5085 503 5122 nr.
524 5074 581 5122 256.

876 5244 1078 5254 ——-
