3944 6060
236 428 277 492 28
611 499 616 509 ⁴
833 426 904 480 Acta
924 426 1079 480 Innocentii
1099 426 1143 479 vl.

235 636 298 702 62.
325 633 455 699 Gerlaco
478 633 711 716 archiepiscopo
734 637 921 717 Mupuutino
951 636 1132 718 orraredatnr,
1165 639 1318 716 proatenus
1350 635 1486 699 Nicotao
1514 636 1675 703 ¹lobannis
1704 637 1743 700 de

238 739 334 805 cura
359 738 492 819 Repuice
514 738 552 801 de
574 740 761 803 canonicatu
783 739 933 804 ecclesiae
958 741 1212 805 iratistaoiensis
1235 741 1291 803 sub
1307 739 1520 822 expectatione
1541 740 1743 822 praebendae

234 843 394 923 prouideri
431 848 586 923 procuret.
644 845 803 926 „Dipnuni
837 843 1051 909 arbitramur“
1097 843 1213 926 „Apud
1255 843 1484 914 brittanniouanr
1517 845 1742 908 Attinionensis

307 1036 336 1086 X
705 950 782 1013 dioc,
810 950 882 1012 IIII
903 949 944 1012 id.
968 950 1060 1013 Junii
1084 971 1113 1011 a.
1133 949 1271 1031 prinro“.

284 1120 351 1173 .X.
1031 1103 1128 1186 Apud
1159 1104 1394 1182 l'ittamnooam,
1420 1106 1503 1168 1353
1527 1102 1622 1170 Junii
1647 1104 1694 1166 10.

367 1292 397 1345 R.
417 1296 465 1345 Ar.
487 1299 535 1344 124
554 1291 600 1355 tol,
620 1297 678 1353 513,
698 1292 804 1346 uvat.
823 1298 873 1345 110
892 1292 1017 1350 101410.
1040 1323 1072 1333 -
1092 1295 1157 1363 Reg.
1177 1295 1203 1347 in
1223 1293 1485 1348 ZVGASchlesiens
1505 1290 1581 1345 XXV
1599 1307 1662 1361 pag.
1681 1296 1741 1346 297.

886 1460 1091 1471 ——--—

235 1591 297 1656 63.
331 1584 571 1671 Arcbiepiscopo
596 1589 751 1669 Propensi
773 1590 956 1667 mandatio,
980 1595 1134 1671 quatenus
1160 1593 1250 1654 Petro
1276 1590 1413 1654 Conradi
1436 1589 1473 1653 de
1498 1587 1637 1653 Modr'ice
1652 1596 1679 1670 ⁸)
1703 1589 1742 1653 de

234 1693 420 1757 corionicatu
444 1693 593 1757 ecclesiae
618 1693 830 1758 Otornucensis
860 1695 916 1758 sub
938 1697 1149 1777 expectatione
1175 1694 1372 1777 praebemtae
1400 1692 1561 1774 prouideri
1578 1697 1737 1775 procuret,

234 1817 295 1861 nou
317 1795 511 1860 obstantibus
533 1801 568 1859 ut
590 1799 624 1860 in
646 1798 875 1881 supplicatione
896 1799 953 1863 sub
987 1821 1034 1864 nr.
1069 1800 1121 1861 60.
1170 1800 1331 1881 „Dipnum
1364 1798 1580 1862 arbitramur“
1621 1794 1741 1881 „Apud

464 1900 695 1967 Vittamnoaam
718 1903 941 1968 Aninionensis
966 1903 1044 1968 dioc.
1068 1899 1141 1967 llll
1160 1904 1203 1968 id.
1226 1903 1321 1970 ,lunii
1343 1922 1373 1966 a.
1392 1903 1530 1985 printo“.

281 1991 334 2131 ,ii
344 2118 350 2129 .
1031 2060 1128 2144 Apud
1158 2058 1396 2140 Villamnooanr,
1420 2060 1505 2124 1353
1528 2054 1622 2122 Junii
1645 2008 1713 2125 10.¹

363 2249 394 2304 R.
412 2252 463 2305 Av.
485 2257 532 2305 rel
552 2248 599 2304 iol.
618 2254 686 2316 512⁴,
705 2248 737 2304 R.
756 2249 818 2306 rat.
838 2255 889 2305 220
908 2252 953 2308 fol.
973 2259 1032 2307 419.
1059 2279 1093 2291 -
1115 2251 1139 2319 a)
1157 2247 1296 2318 ‚Modnicz‘
1314 2251 1362 2302 Av.

882 2459 1088 2469 —-——-—

232 2635 294 2703 64.
320 2636 466 2702 Hertoico
489 2636 527 2700 de
550 2639 679 2717 Bnrpen
699 2636 882 2721 providetur
897 2633 935 2697 de
950 2634 1138 2701 canonicatu
1154 2636 1300 2700 ecclesiae
1321 2657 1346 2699 s.
1367 2633 1507 2701 Castoris
1526 2633 1741 2720 Confluentiae

232 2741 289 2805 sub
311 2744 525 2824 expectatione
547 2741 755 2823 praebendae.
806 2741 1018 2822 „Laudabitia
1049 2747 1100 2805 tne
1125 2740 1316 2822 probitatis“
1356 2740 1469 2822 „Apud
1507 2739 1739 2804 l'illumnonam

233 2847 457 2910 eluinionensis
479 2848 555 2912 dioc.
580 2849 654 2911 IIII
676 2848 718 2912 id.
742 2849 835 2913 Jnnii
859 2869 889 2915 a,
911 2848 1045 2928 primo“.
1064 2884 1104 2892 —
1123 2848 1162 2909 In
1184 2867 1209 2909 e.
1233 2866 1273 2909 ru.
1302 2845 1499 2908 Trecereusis
1522 2851 1549 2907 et
1572 2864 1598 2909 s.
1615 2843 1740 2908 Florini

452 2947 663 3035 Confluentiae
685 2951 892 3017 ecclesiarum
915 2952 1042 3015 decanis
1065 2972 1103 3015 oc
1125 2951 1282 3015 sacristae
1305 2948 1517 3012 Acinionensi.

305 3036 381 3228 ,ἑὲ
1031 3088 1126 3172 ripicd
1155 3087 1502 3171 Vittanrnooarn,13iril
1525 3088 1619 3156 Junii
1641 3091 1693 3155 10.

363 3280 394 3333 11.
413 3282 463 3332 An.
485 3285 533 3332 141
554 3279 677 3334 101506.

882 3374 1087 3391 ——-——-

231 3579 294 3644 65.
317 3578 484 3644 Mireanus
514 3577 551 3642 de
573 3578 755 3643 Parcbuice
784 3582 813 3642 et
834 3576 981 3643 Ceucbna
1009 3599 1090 3644 naor
1119 3580 1186 3642 e'us
1209 3578 1399 3660 supplicant,
1423 3583 1576 3658 quatenen
1599 3598 1669 3643 curn
1693 3579 1738 3643 eis

231 3682 268 3746 de
280 3682 480 3746 matrimonio
492 3686 650 3746 contracto
662 3683 869 3766 dispensetur.
894 3721 934 3730 —
953 3683 1153 3750 Cearrrborins
1166 3683 1203 3747 de
1221 3683 1382 3763 Poporeita
1398 3682 1567 3766 supplicat,
1583 3688 1738 3764 qnatenus

231 3787 455 3851 nonobstante
478 3786 629 3851 occisione
652 3788 816 3852 cuiusdam
836 3790 931 3872 pueri
953 3788 995 3852 ad
1018 3789 1193 3871 superiores
1223 3787 1348 3852 ordines
1371 3786 1536 3853 ascendere
1558 3791 1587 3850 et
1609 3787 1643 3850 in
1666 3807 1735 3852 sns-

766 3895 862 3976 ceptis
885 3894 1070 3959 ministrare
1092 3893 1205 3957 voleat.

1027 4032 1122 4114 Apud
1154 4030 1617 4108 12sroaan0eam‚1353rona
1643 4034 1690 4095 11.

362 4222 547 4306 Significant
580 4221 620 4287 S¹i
646 4222 699 4286 Vre
721 4224 827 4288 devoti
862 4224 961 4288 vestri
985 4231 1019 4287 et
1041 4230 1150 4288 sancte
1174 4223 1313 4287 Romane
1339 4222 1473 4287 ecclesie
1498 4221 1555 4286 filii
1574 4222 1737 4288 Mirzarms

231 4328 323 4395 miles
346 4329 386 4393 de
410 4313 600 4393 Pnrchouicn
626 4328 899 4392 Wratislauiensis
931 4329 1009 4392 dioc.
1035 4335 1068 4391 et
1091 4327 1239 4392 (inliciunt
1269 4347 1348 4392 uxor
1378 4345 1444 4404 sua,
1477 4332 1553 4390 nata
1579 4327 1736 4406 quondam

233 4432 397 4515 Spitkonis
433 4432 545 4497 militis
575 4433 797 4497 (traconiensis
829 4432 917 4514 dioc,
959 4433 1042 4512 quorl
1074 4432 1316 4513 eorrsanguineis
1360 4438 1394 4496 et
1427 4432 1536 4496 amicis
1566 4431 1737 4512 'utriusque

232 4539 371 4620 ipsorum
394 4538 486 4601 simul
504 4557 573 4601 cum
589 4537 710 4601 eisdem
727 4538 868 4601 Miruano
893 4543 926 4601 et
950 4535 1096 4601 Cauchas
1113 4544 1254 4618 tempore
1275 4536 1428 4600 contracti
1444 4535 1636 4600 matrimonii
1650 4535 1738 4600 inter

233 4661 288 4707 eos
303 4643 609 4719 consanguinitatem
632 4642 760 4723 penitus
783 4641 1001 4719 ignorantibus
1025 4641 1092 4704 sine
1117 4641 1227 4704 banms
1251 4658 1449 4719 nequaquam
1469 4641 1501 4704 in
1522 4646 1736 4721 contemptum

233 4754 342 4812 sancte
354 4749 464 4811 matris
477 4747 611 4811 ecclesie
624 4747 856 4811 uratrimonium
870 4765 927 4827 per
938 4747 1035 4809 verba
1047 4746 1086 4809 de
1099 4745 1241 4826 presenti
1254 4745 1332 4808 alias
1346 4745 1486 4826 legitime
1500 4749 1736 4822 contraxerunt,

232 4852 415 4932 prolemque
449 4852 648 4932 postmodum
682 4858 880 4932 genueruut;
919 4851 1005 4930 quiin
1030 4851 1188 4931 coniuges,
1213 4857 1306 4930 prout
1336 4855 1408 4930 post
1432 4849 1737 4914 consummacionem

232 4955 471 5021 matrimonialis
488 4956 599 5037 copule
616 4958 866 5036 appensionem
882 4955 1079 5036 postmodum
1099 4958 1316 5035 perceperunt,
1333 4973 1371 5017 ex
1385 4973 1446 5017 uno
1459 4955 1560 5017 latere
1577 4953 1610 5016 in
1626 4954 1737 5037 tercio,

232 5060 395 5125 exaltem
427 5079 501 5124 vero
530 5060 562 5123 in
592 5065 704 5140 quarto
728 5060 1014 5141 consanguinitatis
1045 5059 1144 5138 grean
1171 5059 1304 5122 invicem
1340 5078 1373 5122 se
1409 5060 1606 5141 contingunt.
1656 5058 1735 5124 Cum

231 5169 347 5247 nutem,
381 5170 474 5247 pater
496 5165 705 5246 sanctissime,
740 5165 940 5246 exipsorum
965 5163 1178 5245 separacione,
1209 5164 1246 5243 si,
1278 5164 1361 5242 quod
1385 5165 1477 5244 absit,
1508 5162 1609 5246 fieret,
1632 5163 1734 5229 multa

231 5269 382 5335 scandale
415 5275 633 5350 sequerentur,
666 5269 845 5351 supplicant
879 5266 919 5327 8¹¹
943 5269 996 5330 pre
1018 5268 1160 5349 predicte
1186 5268 1345 5331 Mimantis
1376 5275 1409 5331 et
1433 5268 1579 5332 Currchnn
1610 5268 1736 5352 prelati,

232 5381 388 5458 quatenus
411 5374 569 5438 scarulalis
592 5374 771 5437 huiusmodi
794 5382 926 5455 paterne
959 5381 992 5437 et
1015 5373 1262 5437 misericorditer
1292 5374 1447 5437 oliriaruln
1471 5393 1540 5441 cum
1564 5373 1621 5456 eie,
1643 5377 1680 5437 ut
1702 5374 1735 5438 in
