3944 6060
703 404 770 456 1355
788 400 985 456 Novembrisd
1007 431 1033 443 -
1060 401 1216 458 Novembris
1236 407 1260 458 8.
1675 409 1732 472 161

232 609 264 672 11
296 617 392 674 antea
429 612 585 693 engenda
621 613 757 694 pecunia
788 612 965 679 huiusmodi
1002 614 1123 679 decime
1156 633 1310 679 cavrrevam
1344 619 1481 679 nostrum
1522 615 1735 697 contingebat.

233 713 262 777 d.
294 715 314 778 f.
347 714 485 781 Iohanni
516 717 675 795 Paduano,
720 717 839 781 decano
877 717 1012 784 ecclesie
1054 719 1328 801 Wiscegradensis
1366 726 1419 783 119
1458 719 1549 801 di0c.,
1593 719 1736 784 eiusdem

233 818 319 884 sedis
342 821 466 905 nuncio,
490 820 577 886 illius
600 821 751 886 videlicet
772 822 917 903 pecunie,
941 840 1001 903 que
1025 829 1137 887 exacta
1160 829 1239 903 erat,
1261 822 1344 887 infra
1359 841 1500 887 mensem
1517 842 1535 887 a
1550 823 1736 905 recepcione

236 922 416 988 litterarum
438 925 578 1007 ipsarum
603 932 636 990 91
659 926 815 1008 exigenda
846 926 878 990 in
901 932 997 990 antea
1020 925 1102 991 inira
1126 947 1219 992 urrnm
1243 927 1391 992 similiter
1414 945 1555 992 mensem
1586 946 1735 1010 arecep-

235 1026 325 1092 cicne
368 1027 547 1094 huiusmodi
585 1030 719 1112 pecunie
757 1029 1000 1111 computandum
1038 1031 1163 1113 integre
1202 1051 1238 1095 ac
1276 1032 1344 1095 sine
1383 1032 1593 1096 diminucione
1632 1032 1738 1112 aliqua

234 1131 416 1217 traderetis
450 1140 545 1216 prout
566 1134 600 1198 in
624 1134 744 1199 eisdem
768 1133 886 1198 litteris
917 1134 1043 1217 plenius
1066 1135 1284 1215 continetur.¹)
1321 1135 1399 1200 Cum
1422 1141 1537 1217 autem,
1572 1137 1656 1201 sicut
1677 1155 1734 1218 pro

232 1241 323 1317 parte
347 1242 403 1301 tua
424 1235 485 1302 fuit
507 1240 597 1304 nobis
622 1238 810 1320 exposItum,
834 1243 868 1302 11
883 1238 1020 1320 igrrores
1045 1246 1149 1303 utrum
1167 1236 1224 1305 nos
1241 1241 1394 1323 volumus
1418 1241 1500 1321 quod
1518 1247 1553 1305 tn
1569 1240 1734 1322 ecclesias,

233 1341 437 1424 monasteria,
462 1340 645 1425 dignitates,
668 1346 868 1424 personatus,
896 1340 1000 1407 officia
1023 1348 1056 1406 91
1079 1342 1233 1408 beneficia
1256 1343 1436 1409 huiusmodi
1460 1363 1497 1408 ac
1520 1363 1681 1425 summam,
1704 1345 1736 1408 in

236 1463 297 1525 qua
327 1463 376 1528 ea,
411 1464 472 1527 que
503 1446 535 1510 in
566 1445 687 1510 decime
719 1445 879 1511 solucione
915 1452 1024 1511 taxata
1054 1453 1139 1525 sunt,
1172 1447 1205 1510 in
1228 1446 1408 1513 huiusmodi
1444 1448 1605 1512 solucione
1628 1454 1739 1513 taxata

234 1548 385 1632 existunt,
415 1570 451 1614 ac
475 1551 613 1617 valorem
636 1570 773 1616 annuum
797 1570 915 1628 eorum,
951 1568 1013 1632 que
1038 1551 1071 1615 in
1096 1552 1258 1616 solucione
1283 1554 1352 1633 ipsa
1376 1558 1485 1615 taranta
1506 1571 1568 1617 non
1592 1558 1675 1634 suut,
1699 1552 1738 1616 de

237 1672 317 1719 navo
342 1654 444 1737 redigi
478 1655 511 1719 in
535 1656 732 1737 scripturam,
767 1675 806 1721 an
830 1655 968 1721 sufficiat
990 1655 1091 1737 nabis,
1127 1656 1154 1720 si
1178 1657 1378 1721 transmittas
1406 1657 1496 1719 nobis
1530 1657 1651 1738 copiam
1688 1674 1735 1720 re·

235 1759 344 1840 gestri,
368 1759 542 1824 secundum
565 1761 649 1841 quod
671 1760 852 1826 huiusmodi
875 1759 1028 1825 decimam
1052 1759 1191 1842 exigisti,
1214 1760 1295 1824 scire
1320 1767 1351 1824 te
1377 1761 1529 1841 volumus
1552 1761 1645 1840 quod,
1670 1761 1738 1826 sive

235 1863 273 1926 de
296 1882 378 1929 nova
401 1864 565 1938 ecclesias,
587 1865 791 1944 monasteria,
826 1864 1009 1946 dignitateS,
1040 1870 1239 1946 personatus
1271 1863 1374 1929 officia
1396 1871 1430 1929 et
1452 1863 1607 1929 beneficia
1628 1865 1737 1930 huius-

234 1968 318 2033 modi
341 1986 378 2032 ac
400 1986 553 2032 summam
575 1974 611 2033 et
632 1968 771 2033 valorem
795 1987 904 2033 eorum
928 1970 959 2033 in
983 1968 1172 2050 scripturam
1196 1969 1323 2051 redigas
1348 1988 1404 2033 seu
1421 1969 1523 2051 redigi
1539 1968 1646 2052 facias,
1670 1969 1737 2044 sive

235 2072 355 2154 copiam
380 2072 516 2155 regestri
538 2073 717 2139 huiusmodi
741 2074 831 2139 nobis
854 2073 973 2153 mittas,
998 2074 1071 2137 dnm
1096 2080 1202 2137 tannen
1225 2074 1387 2154 ecclesias,
1410 2075 1612 2154 inarrasteria
1635 2074 1736 2156 digni·

234 2180 329 2260 tates,
359 2183 559 2259 personatus,
594 2177 697 2242 officia
720 2183 753 2242 et
777 2175 931 2242 beneficia
960 2177 1139 2241 huiusmodi
1163 2195 1334 2258 eorumque
1358 2178 1496 2242 valorem
1529 2184 1563 2242 et
1585 2196 1737 2242 summam

235 2299 305 2345 cum
329 2281 506 2347 nominibus
529 2300 735 2364 personarum
771 2281 965 2347 solvencinnr
999 2286 1033 2345 et
1063 2281 1265 2362 pecuniarum
1301 2282 1474 2345 soluturum
1507 2281 1738 2362 quarrtitatibus

235 2383 375 2450 fideliter
397 2390 431 2450 et
453 2385 691 2468 particulariter
714 2387 846 2468 indicae,
871 2391 1099 2451 contentarum.
1125 2386 1273 2449 Ceterum
1298 2404 1368 2449 cnm
1393 2386 1423 2448 in
1447 2385 1616 2449 exaccione
1640 2391 1674 2450 et
1689 2403 1738 2452 so·

235 2488 359 2555 luciane
383 2489 564 2556 huiusmodi
587 2491 708 2556 decime
732 2490 879 2555 Omnium
904 2490 1090 2555 Sanctorum
1113 2509 1169 2571 pro
1194 2489 1294 2571 primo
1318 2495 1352 2552 91
1368 2489 1593 2571 penthecostes
1616 2490 1738 2556 festivi-

235 2599 321 2659 tates
344 2613 401 2676 pru
424 2595 562 2660 secundo
585 2595 721 2661 termino
745 2595 837 2659 annis
861 2595 1005 2677 singulis,
1041 2594 1155 2675 quibus
1178 2594 1249 2676 ipsa
1271 2595 1394 2659 decima
1421 2594 1499 2658 solvi
1524 2594 1642 2677 debuit,
1676 2595 1738 2659 iam

236 2699 356 2781 elapsIs
378 2698 499 2763 fuerint
521 2700 705 2780 constitute,
729 2717 786 2765 nas
819 2705 851 2764 19
874 2698 1080 2765 favorabilius
1104 2707 1342 2781 prosequentes,
1377 2701 1529 2773 volumus,
1565 2706 1601 2765 ut
1623 2716 1662 2763 ex
1686 2718 1738 2782 pe·

236 2805 338 2882 cunia,
363 2821 456 2884 quam
478 2823 517 2868 ex
541 2804 611 2885 ipsa
633 2805 756 2870 decima
779 2822 836 2867 seu
860 2805 929 2868 eius
952 2803 1090 2869 residuis
1113 2804 1264 2886 deinceps
1288 2810 1320 2868 te
1338 2804 1387 2868 vel
1404 2803 1651 2870 subcollectores
1666 2811 1739 2869 tuos

237 2908 328 2973 annis
351 2908 486 2991 singulis
515 2909 548 2973 in
572 2909 706 2992 smgulis
737 2909 858 2973 eisdem
882 2907 1112 2973 festivitatibus
1142 2909 1303 2990 recepisse
1327 2909 1504 2990 contigerit,
1539 2913 1662 2990 partem
1686 2926 1738 2973 aa·

236 3031 354 3077 meram
378 3013 614 3096 contingentem
637 3013 770 3079 eandem
805 3012 887 3077 infra
917 3032 1010 3077 unum
1046 3030 1185 3079 mensem
1220 3013 1362 3095 singulas
1393 3012 1587 3077 festivitates
1610 3016 1739 3077 easdem

235 3116 418 3183 immediate
442 3124 628 3200 sequentem
652 3125 687 3184 et
709 3137 772 3184 nan
796 3123 901 3200 antea,
925 3117 987 3182 nisi
1011 3118 1159 3200 volueris,
1182 3117 1286 3182 eidem
1310 3118 1435 3201 rrnrrcia,
1460 3117 1510 3182 cui
1535 3123 1567 3182 te
1584 3136 1621 3181 ac
1637 3117 1739 3183 dictos

236 3220 387 3286 vicarium
417 3228 452 3287 et
486 3221 652 3288 officialem
687 3222 872 3288 absolvendi
907 3222 938 3286 in
972 3220 1073 3286 forma
1104 3221 1239 3285 ecclesie
1267 3228 1420 3286 consueta
1455 3222 1663 3286 asentencia
1686 3240 1738 3285 en·

237 3327 542 3409 cammumcacionis,
576 3327 604 3393 si
628 3346 720 3409 quam
744 3327 909 3392 occasione
941 3325 1121 3389 huiusmodi
1155 3344 1216 3390 non
1248 3324 1331 3390 lacte
1356 3325 1528 3391 solucionis
1560 3343 1616 3389 sen
1641 3325 1739 3389 tradi·

237 3431 337 3496 aionis
360 3432 460 3514 partis
484 3431 584 3515 ipsius
607 3432 640 3496 in
663 3431 846 3497 constitutis
870 3430 1014 3494 terminis
1037 3430 1225 3511 incurristis,
1261 3430 1403 3493 fniuncta
1426 3429 1484 3494 tibi
1508 3434 1540 3492 91
1563 3429 1628 3492 illis
1652 3430 1737 3510 peni·

237 3535 342 3600 191111
358 3535 499 3618 salutari,
521 3535 654 3601 forsitan
670 3554 706 3600 ac
723 3553 818 3617 snper
834 3533 1080 3616 irregularitate,
1105 3533 1131 3597 si
1155 3552 1247 3613 quam
1270 3538 1455 3598 11111191
1474 3533 1506 3596 iu
1525 3538 1738 3614 contemptum

239 3640 372 3705 clavium
402 3641 591 3706 celebrando
623 3639 729 3705 divina
760 3640 809 3704 vel
840 3639 1034 3703 inmiscendo
1067 3656 1121 3702 vae
1145 3637 1210 3701 illis
1234 3643 1289 3701 aut
1323 3637 1354 3701 in
1390 3637 1547 3718 susceptis
1577 3635 1740 3701 ordinibus

239 3745 446 3811 ministrando
477 3744 569 3827 ligati
599 3744 778 3809 huiusmodi
809 3743 973 3810 sentencia
1004 3743 1216 3824 contraxistis,
1251 3742 1456 3824 dlepensandi
1479 3740 1605 3823 plenam
1629 3759 1739 3806 cance-

239 3849 341 3914 dimus
371 3857 482 3915 tenore
513 3849 711 3932 presencium
735 3854 937 3930 potestatem,
967 3853 1023 3912 aut
1053 3847 1092 3930 ei,
1123 3856 1249 3927 quemn
1283 3846 1352 3927 ipse
1384 3845 1424 3908 ad
1447 3844 1505 3910 hoc
1528 3844 1740 3926 deputaverit,

239 3972 300 4017 nun
323 3938 522 4019 obstantibus
544 3953 698 4036 predictis
721 3953 880 4036 prioribus
902 3952 1022 4016 litteris
1046 3951 1207 4034 assignare
1231 3957 1265 4015 ct
1290 3950 1416 4015 tradere
1434 3949 1582 4014 tenearis.
1606 3949 1739 4012 111111-

240 4057 333 4123 nIone
357 4057 433 4123 VIII
455 4056 498 4122 id.
522 4057 710 4123 Novembris
733 4054 937 4138 pontificatus
961 4054 1062 4120 nostri
1085 4074 1114 4118 a.
1138 4054 1247 4120 tercio.

369 4187 487 4253 Similis
509 4186 619 4252 littera
640 4186 703 4252 fuit
724 4187 809 4252 facta
832 4192 866 4253 et
881 4187 978 4251 missa
1001 4186 1150 4269 episcopo
1168 4183 1371 4253 Olomucensi
1395 4191 1430 4250 et
1445 4187 1503 4249 snb
1527 4186 1637 4249 eadem
1655 4184 1739 4248 data

369 4318 449 4382 Item
472 4318 582 4382 eadem
607 4317 720 4382 similla
743 4317 855 4382 littera
878 4318 938 4382 fuit
960 4317 1044 4382 lacta
1078 4323 1112 4381 et
1134 4317 1230 4381 missa
1253 4317 1402 4398 episcopo
1425 4315 1685 4380 Lutlromuslensi
1707 4319 1740 4378 91

241 4423 297 4488 sub
320 4421 417 4487 simili
440 4421 525 4487 data.

282 4670 285 4674 ,
368 4610 400 4666 R.
421 4610 550 4666 Vanam
569 4611 616 4665 111.
639 4618 703 4666 175‘.
724 4642 753 4651 -
778 4613 801 4677 r)
821 4616 919 4679 ,11111Ι
939 4612 999 4665 Vnt.
1020 4643 1048 4650 -
1072 4614 1091 4677 ¹)
1111 4609 1188 4664 Cani.
1206 4625 1247 4663 nr.
1267 4616 1325 4663 337.

240 4997 329 5066 396.
355 4995 539 5080 liudolphus
563 4997 724 5063 Senoniae
746 4995 1006 5080 duusupplieaf,
1029 5000 1182 5079 quatenus
1204 4993 1339 5058 Nicolao
1361 4991 1487 5058 Bcswilr
1503 4992 1540 5055 da
1554 4990 1742 5055 canonicatu

241 5099 389 5166 cadusiae
419 5101 592 5186 Propensis
622 5105 651 5166 et
681 5103 865 5167 Hermanno
899 5101 1009 5166 Willen
1038 5099 1076 5164 dc
1105 5099 1294 5164 canonicatu
1315 5096 1461 5164 ecclcsiae
1492 5093 1742 5176 l'issegradensr's

879 5205 1093 5290 provideatur.

1165 5307 1329 5386 Avinr'one,
1355 5307 1438 5370 1355
1463 5302 1645 5367 Nouembres
1667 5306 1696 5366 8.

1605 5446 1634 5493 11
