3944 6060
218 458 322 524 xtlv

341 664 400 729 Pro
423 663 605 742 pontiticetu
628 663 804 728 Innocentii
829 661 892 738 Vl.,
917 668 1136 751 quern-tomus
1160 662 1190 725 ll
1216 662 1516 746 ,hlonumentorum
1540 659 1714 723 Vaticano-

210 771 297 833 rum“
324 767 494 848 concernit,
518 767 643 832 tabulas
656 767 853 831 diversorum
866 784 1017 848 generum
1029 765 1209 830 litterarum
1221 765 1391 848 papalium,
1409 764 1448 828 ad
1461 769 1565 829 terras
1588 767 1715 828 nostras

212 871 448 953 pertinentium,
472 869 602 935 confeci.
647 870 794 948 Quarum
807 869 880 934 linis
903 876 962 952 est,
997 875 1033 934 ut
1061 869 1177 953 partim
1209 886 1315 934 rerum
1343 867 1481 933 indicem
1512 866 1715 948 aliquatenus

213 975 390 1058 suppleant,
412 975 526 1057 partim
550 975 777 1057 comparationi
800 974 985 1038 inservient.
1010 974 1044 1039 Si
1067 973 1246 1041 huiusmodi
1270 973 1397 1038 tabulas
1421 970 1597 1035 stetisticas
1619 968 1714 1035 istius

213 1079 365 1161 temporis
388 1079 485 1143 etiam
508 1079 547 1142 de
571 1079 666 1143 terris
690 1078 802 1142 vicinis
824 1078 1023 1159 haberemus,
1057 1096 1239 1160 comparare
1273 1094 1449 1160 possemne,
1485 1073 1640 1156 quomodo
1664 1089 1717 1137 res

213 1182 449 1247 ecclesiasticae
471 1182 505 1246 in
527 1182 592 1247 illis
624 1188 658 1247 et
687 1183 721 1246 in
751 1183 847 1247 terris
878 1183 996 1247 nostris
1020 1199 1054 1246 se
1077 1182 1248 1247 habuerint
1270 1187 1305 1246 et
1326 1180 1526 1264 praesertim,
1562 1183 1715 1259 quantum

213 1286 246 1350 in
268 1286 396 1350 easdem
419 1287 507 1350 curlo
528 1286 580 1351 hic
602 1294 637 1351 et
657 1286 724 1351 illic
746 1286 901 1351 influxum
923 1285 1118 1368 exercuerit,
1153 1285 1236 1367 quod
1259 1286 1342 1350 scire
1373 1301 1450 1349 sane
1481 1289 1592 1348 nostra
1614 1282 1714 1346 inter-

213 1396 310 1455 esset.
334 1389 504 1473 Hucusque
528 1392 814 1475 approximativum
837 1391 1031 1473 solummodo
1054 1390 1205 1455 iudicium
1228 1390 1305 1455 ferri
1328 1395 1445 1472 potest,
1476 1394 1628 1470 quantum
1653 1386 1717 1451 dis·

214 1495 332 1558 crimen
354 1495 413 1559 hac
435 1496 468 1559 in
503 1513 538 1558 re
571 1496 752 1560 intercedat
785 1496 870 1560 inter
904 1502 1007 1560 terras
1041 1495 1221 1560 bohemicae
1255 1499 1290 1559 et
1320 1493 1488 1559 nonnullos
1519 1492 1559 1558 de
1582 1490 1717 1569 ricinis3

216 1597 391 1680 singularia
413 1617 452 1663 ne
474 1600 606 1664 tractari
629 1601 755 1681 quidem
778 1605 922 1682 possunt.

344 1703 404 1767 Pro
427 1708 536 1767 vetere
563 1703 725 1785 prouincia
745 1702 979 1786 Salisburgensi
994 1722 1117 1769 omnem
1133 1703 1309 1784 materiam,
1326 1702 1499 1767 relationes
1516 1700 1659 1765 eiusdem
1676 1699 1716 1766 ad

216 1805 333 1870 curiam
352 1812 602 1891 concernentom,
623 1808 660 1872 A.
684 1808 773 1890 Lang
791 1807 972 1890 collegit⁶⁰t
998 1807 1058 1884 Qui
1081 1808 1113 1872 in
1133 1807 1274 1872 editione
1300 1806 1370 1871 eius
1393 1823 1433 1869 er
1456 1811 1598 1887 tempore
1623 1803 1713 1868 lnno·

216 1909 312 1976 centii
336 1909 387 1975 VI.
411 1911 568 1976 habentur
586 1912 719 1992 numeri,
746 1913 873 1978 circiter
895 1914 960 1978 300
982 1911 1117 1994 suut,⁵¹)
1141 1912 1174 1976 in
1197 1910 1338 1976 editione
1365 1916 1475 1975 nostra
1503 1907 1627 1973 numeri
1656 1907 1716 1972 Bo·

215 2013 351 2078 hemiam
381 2022 607 2080 concernentes
641 2017 705 2082 600
736 2016 828 2099 longe
859 2018 1025 2081 excedunt
1058 2014 1134 2080 (lum
1167 2015 1361 2080 territorium
1385 2012 1505 2079 veteris
1534 2009 1715 2094 provinciae

216 2116 476 2201 Salisbnrgensis,
499 2124 649 2200 quattuor
663 2120 866 2203 episcopatus
888 2120 1064 2196 includens,
1088 2119 1318 2201 geographicae
1341 2117 1521 2184 extensioni
1544 2115 1716 2182 Bohemiae

216 2221 285 2290 fere
306 2223 349 2287 sit
374 2221 516 2305 aequale,
540 2229 708 2305 utrumque
723 2223 864 2289 conferre
880 2225 966 2289 licet.
991 2225 1060 2303 Qua
1078 2223 1111 2288 in
1134 2241 1168 2287 re
1184 2223 1336 2287 memoria
1352 2222 1523 2287 tenendum
1539 2227 1599 2297 est,
1623 2218 1716 2285 tern'·

216 2325 331 2392 torium
365 2326 515 2391 editionis
538 2326 720 2409 Largianae
743 2345 815 2392 esse
838 2328 999 2409 regionem
1025 2328 1088 2392 iam
1111 2327 1233 2409 pridem
1256 2327 1382 2391 cultura
1404 2324 1578 2401 florentem,
1601 2323 1716 2389 Italiae

217 2430 360 2514 vicinam,
384 2431 523 2511 antiquis
544 2432 609 2496 iarn
631 2432 734 2513 iisque
749 2431 971 2513 frequentibus
994 2432 1127 2497 nexibus
1150 2450 1220 2495 cum
1243 2431 1331 2494 curia
1354 2432 1495 2496 Romana
1510 2429 1717 2510 coniunctam,

217 2541 251 2599 et
272 2541 379 2599 tamen
402 2555 458 2617 pro
482 2534 635 2600 Bohemia
657 2554 697 2600 ex
719 2543 863 2619 tempore
878 2536 1055 2601 Innocentii
1070 2535 1124 2600 VI.
1145 2534 1240 2616 duplo
1256 2535 1348 2617 plura
1364 2539 1550 2617 arguments
1572 2551 1629 2616 pro
1644 2531 1717 2596 istis

217 2639 350 2702 neribus
380 2657 449 2702 cum
472 2640 549 2703 sede
573 2640 748 2722 apostolica
770 2646 947 2705 occurrunt.
970 2641 1054 2705 Illud
1077 2657 1200 2721 quoque
1225 2639 1391 2704 attendere
1407 2656 1575 2722 possumus
1590 2637 1717 2701 litteras

217 2743 297 2821 illas,
330 2761 409 2823 quae
441 2741 546 2808 Caroli
576 2742 630 2808 IV.
660 2743 745 2808 intra
774 2744 894 2810 limites
925 2745 1049 2826 imperii
1074 2744 1230 2808 actionem
1261 2742 1410 2822 attinent,
1434 2741 1566 2807 anobis
1588 2739 1717 2805 minime

219 2846 446 2911 connumerari.

348 2950 425 3014 Cum
447 2950 504 3014 illa
526 2951 677 3033 editione,
700 2952 849 3033 quamde
866 2952 1002 3017 Saxonis
1024 2953 1194 3016 Borussica
1216 2953 1373 3033 terrisque
1391 2950 1611 3016 adiacentibus
1629 2948 1719 3013 Kebr

218 3059 252 3117 et
274 3052 416 3118 Schmidt
438 3052 689 3138 publicaverunt,
713 3074 862 3119 numerus
886 3056 1060 3137 comparari
1084 3074 1146 3120 non
1169 3061 1285 3137 potest,
1310 3056 1393 3136 quod
1416 3054 1495 3119 fines
1518 3054 1641 3119 illarum
1654 3059 1717 3119 ter·

218 3176 322 3220 rorum
347 3157 558 3221 adiacentium
582 3159 696 3224 incerti
719 3166 794 3226 suut
816 3166 1109 3243 nosque,quantam
1133 3161 1350 3225 extensionem
1364 3160 1396 3224 11
1408 3164 1588 3241 computum
1612 3156 1717 3223 traha·

219 3279 296 3342 mus,
318 3261 508 3342 ignoramus.

348 3364 381 3429 Si
404 3365 587 3430 Bohemiam
611 3386 680 3431 cum
704 3368 847 3432 Moravia
869 3374 903 3433 et
926 3367 1041 3432 Silesia
1064 3368 1217 3451 conferas,
1252 3367 1437 3433 Bohemiam
1460 3367 1576 3431 iterum
1599 3366 1719 3431 litteris

219 3468 392 3550 gratiisque
416 3470 582 3552 papalibus
605 3471 740 3535 relative
764 3472 932 3553 plurimum
956 3478 1117 3554 gavatum
1142 3491 1213 3536 esse
1236 3472 1391 3537 invenies.
1420 3469 1563 3536 Moravie
1585 3487 1662 3535 sane
1686 3476 1721 3535 et

219 3571 334 3636 Silesia
366 3572 453 3636 illius
488 3575 640 3657 temporis
679 3575 773 3639 simul
810 3581 955 3658 sumptae
990 3576 1100 3657 quinte
1133 3575 1261 3640 circiter
1291 3582 1383 3657 parte
1406 3573 1559 3640 Bohemia
1580 3574 1720 3640 maiores

220 3681 320 3756 erant,
344 3677 390 3740 ita
412 3683 458 3744 ut.
491 3679 518 3743 si
542 3681 581 3743 ob
604 3679 755 3744 maiorem
779 3679 952 3744 Bohemiae
976 3680 1212 3762 populationem
1243 3685 1367 3760 partem
1390 3678 1526 3758 aliquam
1559 3677 1719 3756 detrahas,

220 3785 387 3862 exspectes
411 3781 594 3846 Bohemiam
617 3782 716 3848 solam
739 3788 787 3848 tot
810 3801 957 3849 numeros
980 3783 1170 3858 babituram,
1194 3789 1271 3863 quot
1293 3782 1437 3848 Meravla
1452 3788 1486 3846 et
1498 3780 1613 3846 Silesia
1625 3781 1721 3846 simul

221 3890 375 3966 sumptae.
422 3883 485 3949 Sed
509 3886 535 3950 si
559 3886 591 3950 in
615 3886 743 3951 tabellis
765 3886 893 3951 litteras
916 3888 1097 3969 gratiasque
1122 3924 1163 3932 -
1187 3904 1242 3950 ess
1265 3904 1398 3967 quoque,
1432 3904 1512 3966 quae
1545 3886 1577 3949 in
1600 3885 1719 3968 suppli·

221 3988 398 4053 nationibus
421 3990 623 4054 continentur
646 4028 687 4036 -
711 4010 925 4070 connumeres
951 3998 1121 4071 sequentes
1144 4009 1292 4055 numeros
1315 3989 1473 4054 invenies:

568 4093 721 4159 Bohemia
904 4095 1048 4160 Moravia
1236 4094 1351 4159 Silesie

616 4198 681 4262 539
944 4201 1006 4264 164
1267 4200 1340 4271 167,

221 4301 267 4367 ita
289 4306 326 4366 ut
347 4301 489 4366 Moravis
525 4307 559 4364 et
592 4300 707 4366 Silesia
741 4302 834 4367 111111
869 4310 1015 4384 sumptae
1046 4303 1191 4367 ducentis
1223 4309 1294 4368 octo
1317 4301 1457 4366 numeris
1481 4302 1546 4364 sint
1568 4298 1724 4365 Bohemie

222 4405 290 4471 sola
312 4404 488 4470 inferiores.
522 4405 559 4469 In
582 4405 767 4485 quibusdem
791 4406 969 4471 litterarum
1001 4407 1167 4488 speciebus
1199 4406 1379 4471 differentia
1409 4406 1473 4470 ista
1494 4405 1595 4486 magis
1619 4402 1722 4467 edhuc

222 4510 263 4573 ad
286 4509 393 4574 oculos
416 4509 519 4573 cadit:

354 4648 387 4711 ὁ1)
406 4650 439 4697 Α.
456 4645 542 4712 hang,
561 4651 630 4699 Acta
648 4645 1008 4714 Salubrrrgo-Aquilejensia,
1027 4646 1076 4699 Bd.
1095 4647 1115 4698 1.
1135 4646 1186 4700 Die
1205 4645 1356 4700 Urkunden
1385 4645 1451 4698 uber
1468 4643 1512 4698 die
1531 4644 1723 4713 Beziehungen

222 4731 271 4786 der
289 4731 463 4800 pllpstliohen
482 4732 567 4785 Kurie
585 4749 634 4785 nur
652 4732 766 4786 Prorinz
794 4733 850 4788 und
872 4733 989 4787 Didzese
1014 4732 1145 4801 Salzburg
1175 4733 1235 4800 (mit
1259 4734 1343 4799 Gurk,
1371 4732 1521 4799 Chiemsee‚
1540 4730 1647 4785 Seckau
1665 4731 1722 4784 und

222 4819 341 4884 Levant)
359 4818 387 4871 in
406 4817 455 4871 der
472 4818 724 4887 Arignonesisohen
742 4820 815 4873 Zeit:
838 4821 1150 4887 1316—1378,V0ru0rt
1169 4836 1229 4889 pag.
1248 4819 1297 4874 111.
1319 4819 1378 4883 ,die
1396 4826 1536 4885 gesamten
1547 4818 1575 4871 in
1588 4818 1723 4872 Archiren

223 4905 279 4959 und
297 4905 326 4958 in
344 4904 393 4958 der
410 4904 551 4959 Literatur
568 4905 739 4974 gefundenen
758 4907 957 4974 Aktenstllclre,
974 4906 1078 4962 welche
1096 4907 1140 4960 die
1159 4907 1350 4976 Beziebungen
1369 4906 1418 4959 der
1435 4908 1510 4960 alten
1522 4904 1640 4959 Didzese
1651 4904 1724 4958 Snlz·

223 4991 292 5061 burg
309 4991 359 5045 mit
378 4990 450 5044 den.
467 5031 472 5042 .
489 5032 517 5047 ..
537 4992 594 5045 1111
611 4991 926 5062 Suffragan·Bisthmern
955 5011 1003 5047 zur
1032 4993 1206 5062 pepstlichen
1227 4993 1312 5047 Kurie
1338 4994 1392 5047 und
1411 4994 1488 5047 ihren
1508 4992 1637 5060 Orgsnen
1653 5032 1658 5043 .
1675 5035 1678 5042 .
1696 5032 1723 5044 ..

223 5077 410 5132 heleuchten.“

357 5165 389 5226 ⁵¹)
406 5164 483 5234 Leng
501 5179 588 5233 aeque
607 5181 640 5219 ac
664 5165 692 5218 in
711 5166 896 5221 Monumentis
916 5165 977 5220 Vat.
996 5166 1063 5220 Boh.
1083 5167 1300 5234 supplicationes
1329 5177 1356 5219 et
1380 5167 1485 5221 11111111
1510 5167 1657 5235 separatim
1676 5182 1724 5219 nu·

224 5259 318 5316 meret
336 5251 377 5304 111
395 5258 426 5305 11
442 5250 498 5305 illis
516 5251 626 5320 litteris,
655 5268 724 5321 ques
755 5253 844 5322 signat
872 5253 1043 5322 minusculis,
1073 5254 1275 5309 connumeratis
1306 5271 1410 5307 summa
1437 5255 1532 5309 totalis
1551 5270 1610 5308 cnm
1629 5260 1726 5307 nostra

224 5338 376 5408 1111111111
395 5337 492 5408 possit
