<?xml version="1.0" encoding="UTF-8"?>
<!DOCTYPE html PUBLIC "-//W3C//DTD XHTML 1.0 Transitional//EN"
    "http://www.w3.org/TR/xhtml1/DTD/xhtml1-transitional.dtd">
<html xmlns="http://www.w3.org/1999/xhtml" xml:lang="en" lang="en">
 <head>
  <title>
</title>
<meta http-equiv="Content-Type" content="text/html;charset=utf-8" />
  <meta name='ocr-system' content='tesseract 3.04.00' />
  <meta name='ocr-capabilities' content='ocr_page ocr_carea ocr_par ocr_line ocrx_word'/>
</head>
<body>
  <div class='ocr_page' id='page_1' title='image "./monumentavatica00vatigoog_0144.png"; bbox 0 0 3944 6060; ppageno 0'>
   <div class='ocr_carea' id='block_1_1' title="bbox 715 357 1735 429">
    <p class='ocr_par' dir='ltr' id='par_1_1' title="bbox 715 357 1735 429">
     <span class='ocr_line' id='line_1_1' title="bbox 715 357 1735 429; baseline 0.003 -16"><span class='ocrx_word' id='word_1_1' title='bbox 715 365 782 414; x_wconf 78' lang='lat'>1354</span> <span class='ocrx_word' id='word_1_2' title='bbox 798 357 924 414; x_wconf 77' lang='lat' dir='ltr'><strong><em>ianuarii</em></strong></span> <span class='ocrx_word' id='word_1_3' title='bbox 939 365 973 414; x_wconf 72' lang='lat'><strong><em>22</em></strong></span> <span class='ocrx_word' id='word_1_4' title='bbox 992 389 1024 400; x_wconf 90' lang='lat'>-</span> <span class='ocrx_word' id='word_1_5' title='bbox 1042 360 1185 416; x_wconf 75' lang='lat' dir='ltr'><strong>Februarii</strong></span> <span class='ocrx_word' id='word_1_6' title='bbox 1207 367 1248 416; x_wconf 83' lang='lat'><strong><em>13.</em></strong></span> <span class='ocrx_word' id='word_1_7' title='bbox 1695 364 1735 429; x_wconf 79' lang='grc'><strong><em>87</em></strong></span> 
     </span>
    </p>
   </div>
   <div class='ocr_carea' id='block_1_2' title="bbox 230 563 1735 720">
    <p class='ocr_par' dir='ltr' id='par_1_2' title="bbox 230 563 1735 720">
     <span class='ocr_line' id='line_1_2' title="bbox 356 563 1735 642; baseline 0.003 -23"><span class='ocrx_word' id='word_1_8' title='bbox 356 565 389 619; x_wconf 84' lang='lat' dir='ltr'><strong><em>R.</em></strong></span> <span class='ocrx_word' id='word_1_9' title='bbox 408 566 471 619; x_wconf 83' lang='lat' dir='ltr'><strong><em>Vet.</em></strong></span> <span class='ocrx_word' id='word_1_10' title='bbox 489 570 540 624; x_wconf 79' lang='lat'><strong><em>2³6</em></strong></span> <span class='ocrx_word' id='word_1_11' title='bbox 559 563 605 619; x_wconf 86' lang='lat' dir='ltr'><strong><em>iol.</em></strong></span> <span class='ocrx_word' id='word_1_12' title='bbox 624 571 665 619; x_wconf 75' lang='lat'><strong><em>26.</em></strong></span> <span class='ocrx_word' id='word_1_13' title='bbox 688 595 717 605; x_wconf 92' lang='lat'>-</span> <span class='ocrx_word' id='word_1_14' title='bbox 736 567 803 637; x_wconf 84' lang='lat' dir='ltr'><strong><em>Reg.</em></strong></span> <span class='ocrx_word' id='word_1_15' title='bbox 821 566 895 637; x_wconf 88' lang='lat' dir='ltr'><strong><em>apud</em></strong></span> <span class='ocrx_word' id='word_1_16' title='bbox 913 568 1078 638; x_wconf 64' lang='lat' dir='ltr'><strong><em>Werunslrp</em></strong></span> <span class='ocrx_word' id='word_1_17' title='bbox 1109 569 1248 639; x_wconf 86' lang='lat' dir='ltr'><strong><em>Excerpta</em></strong></span> <span class='ocrx_word' id='word_1_18' title='bbox 1265 587 1306 624; x_wconf 84' lang='lat' dir='ltr'><strong><em>nr.</em></strong></span> <span class='ocrx_word' id='word_1_19' title='bbox 1325 579 1375 627; x_wconf 73' lang='lat'><strong><em>293</em></strong></span> <span class='ocrx_word' id='word_1_20' title='bbox 1402 579 1431 628; x_wconf 90' lang='lat' dir='ltr'><strong><em>et</em></strong></span> <span class='ocrx_word' id='word_1_21' title='bbox 1448 572 1554 642; x_wconf 86' lang='lat' dir='ltr'><strong><em>Huber,</em></strong></span> <span class='ocrx_word' id='word_1_22' title='bbox 1581 571 1647 640; x_wconf 81' lang='lat' dir='ltr'><strong><em>Reg.</em></strong></span> <span class='ocrx_word' id='word_1_23' title='bbox 1669 572 1735 640; x_wconf 90' lang='lat' dir='ltr'><strong><em>Imp.</em></strong></span> 
     </span>
     <span class='ocr_line' id='line_1_3' title="bbox 230 650 583 720; baseline 0.008 -17"><span class='ocrx_word' id='word_1_24' title='bbox 230 650 292 704; x_wconf 85' lang='lat' dir='ltr'><strong><em>Vlll</em></strong></span> <span class='ocrx_word' id='word_1_25' title='bbox 312 667 375 720; x_wconf 83' lang='lat' dir='ltr'><strong><em>pag.</em></strong></span> <span class='ocrx_word' id='word_1_26' title='bbox 395 655 445 703; x_wconf 73' lang='lat'><strong><em>&#39;18⁴2</em></strong></span> <span class='ocrx_word' id='word_1_27' title='bbox 464 667 504 704; x_wconf 88' lang='lat' dir='ltr'><strong><em>nr.</em></strong></span> <span class='ocrx_word' id='word_1_28' title='bbox 524 659 583 706; x_wconf 76' lang='lat'>250.</span> 
     </span>
    </p>
   </div>
   <div class='ocr_carea' id='block_1_3' title="bbox 231 984 1739 1383">
    <p class='ocr_par' dir='ltr' id='par_1_3' title="bbox 233 984 1735 1072">
     <span class='ocr_line' id='line_1_4' title="bbox 233 984 1735 1072; baseline 0.003 -22"><span class='ocrx_word' id='word_1_29' title='bbox 233 984 320 1050; x_wconf 70' lang='lat'><em>205.</em></span> <span class='ocrx_word' id='word_1_30' title='bbox 344 985 537 1048; x_wconf 69' lang='lat' dir='ltr'><strong><em>Procurator</em></strong></span> <span class='ocrx_word' id='word_1_31' title='bbox 567 984 697 1050; x_wconf 88' lang='lat' dir='ltr'><strong><em>Nicoloi</em></strong></span> <span class='ocrx_word' id='word_1_32' title='bbox 722 986 899 1068; x_wconf 72' lang='lat' dir='ltr'><strong><em>praepositi</em></strong></span> <span class='ocrx_word' id='word_1_33' title='bbox 928 989 1113 1052; x_wconf 81' lang='lat' dir='ltr'><strong><em>monasterii</em></strong></span> <span class='ocrx_word' id='word_1_34' title='bbox 1137 988 1345 1054; x_wconf 81' lang='lat' dir='ltr'><strong><em>Radaioeasis</em></strong></span> <span class='ocrx_word' id='word_1_35' title='bbox 1375 989 1544 1071; x_wconf 82' lang='lat' dir='ltr'><strong><em>supplicat,</em></strong></span> <span class='ocrx_word' id='word_1_36' title='bbox 1580 993 1735 1072; x_wconf 59' lang='lat' dir='ltr'><strong><em>quaeras</em></strong></span> 
     </span>
    </p>

    <p class='ocr_par' dir='ltr' id='par_1_4' title="bbox 231 1089 1734 1176">
     <span class='ocr_line' id='line_1_5' title="bbox 231 1089 1734 1176; baseline 0.005 -25"><span class='ocrx_word' id='word_1_37' title='bbox 231 1089 455 1152; x_wconf 80' lang='lat' dir='ltr'><strong><em>monasteriam</em></strong></span> <span class='ocrx_word' id='word_1_38' title='bbox 476 1094 638 1154; x_wconf 80' lang='lat' dir='ltr'><strong><em>remaneat</em></strong></span> <span class='ocrx_word' id='word_1_39' title='bbox 659 1089 790 1153; x_wconf 85' lang='lat' dir='ltr'><strong><em>liberum</em></strong></span> <span class='ocrx_word' id='word_1_40' title='bbox 813 1111 834 1154; x_wconf 90' lang='lat' dir='ltr'><strong><em>a</em></strong></span> <span class='ocrx_word' id='word_1_41' title='bbox 856 1090 1008 1155; x_wconf 83' lang='lat' dir='ltr'><strong><em>solatione</em></strong></span> <span class='ocrx_word' id='word_1_42' title='bbox 1029 1110 1239 1175; x_wconf 75' lang='lat' dir='ltr'><strong><em>eapeasmam</em></strong></span> <span class='ocrx_word' id='word_1_43' title='bbox 1259 1113 1318 1176; x_wconf 83' lang='lat' dir='ltr'><strong><em>pro</em></strong></span> <span class='ocrx_word' id='word_1_44' title='bbox 1349 1094 1413 1172; x_wconf 81' lang='lat' dir='ltr'><strong><em>lite,</em></strong></span> <span class='ocrx_word' id='word_1_45' title='bbox 1446 1114 1541 1175; x_wconf 82' lang='lat' dir='ltr'><strong><em>qoam</em></strong></span> <span class='ocrx_word' id='word_1_46' title='bbox 1570 1093 1734 1160; x_wconf 80' lang='lat' dir='ltr'><strong><em>Jolrarraes</em></strong></span> 
     </span>
    </p>

    <p class='ocr_par' dir='ltr' id='par_1_5' title="bbox 235 1192 1739 1383">
     <span class='ocr_line' id='line_1_6' title="bbox 235 1192 1739 1278; baseline 0.006 -23"><span class='ocrx_word' id='word_1_47' title='bbox 235 1192 405 1273; x_wconf 70' lang='lat' dir='ltr'><strong><em>Prapeaso’s</em></strong></span> <span class='ocrx_word' id='word_1_48' title='bbox 438 1197 468 1256; x_wconf 79' lang='lat' dir='ltr'><strong><em>et</em></strong></span> <span class='ocrx_word' id='word_1_49' title='bbox 502 1193 614 1274; x_wconf 79' lang='lat' dir='ltr'><strong><em>Hyndo</em></strong></span> <span class='ocrx_word' id='word_1_50' title='bbox 648 1192 753 1257; x_wconf 82' lang='lat' dir='ltr'><strong><em>Barka</em></strong></span> <span class='ocrx_word' id='word_1_51' title='bbox 784 1193 863 1258; x_wconf 79' lang='lat' dir='ltr'><strong><em>dieti</em></strong></span> <span class='ocrx_word' id='word_1_52' title='bbox 894 1195 1079 1260; x_wconf 80' lang='lat' dir='ltr'><strong><em>monosterii</em></strong></span> <span class='ocrx_word' id='word_1_53' title='bbox 1112 1197 1254 1262; x_wconf 78' lang='lat' dir='ltr'><strong><em>canonici</em></strong></span> <span class='ocrx_word' id='word_1_54' title='bbox 1282 1196 1444 1278; x_wconf 71' lang='lat' dir='ltr'><strong><em>regulares</em></strong></span> <span class='ocrx_word' id='word_1_55' title='bbox 1477 1201 1588 1262; x_wconf 84' lang='lat' dir='ltr'><strong><em>contra</em></strong></span> <span class='ocrx_word' id='word_1_56' title='bbox 1609 1196 1739 1263; x_wconf 63' lang='lat' dir='ltr'><strong><em>earm</em></strong></span> 
     </span>
     <span class='ocr_line' id='line_1_7' title="bbox 804 1298 1168 1383; baseline 0.008 -21"><span class='ocrx_word' id='word_1_57' title='bbox 804 1298 1024 1383; x_wconf 80' lang='lat' dir='ltr'><strong><em>praepositam</em></strong></span> <span class='ocrx_word' id='word_1_58' title='bbox 1044 1306 1168 1382; x_wconf 70' lang='lat' dir='ltr'><strong><em>aaroni.</em></strong></span> 
     </span>
    </p>
   </div>
   <div class='ocr_carea' id='block_1_4' title="bbox 1156 1439 1694 1519">
    <p class='ocr_par' dir='ltr' id='par_1_6' title="bbox 1156 1439 1694 1519">
     <span class='ocr_line' id='line_1_8' title="bbox 1156 1439 1694 1519; baseline 0.004 -15"><span class='ocrx_word' id='word_1_59' title='bbox 1156 1439 1318 1519; x_wconf 82' lang='lat' dir='ltr'><strong><em>Aoiaiorre,</em></strong></span> <span class='ocrx_word' id='word_1_60' title='bbox 1343 1442 1430 1505; x_wconf 82' lang='lat'><em>1354</em></span> <span class='ocrx_word' id='word_1_61' title='bbox 1453 1440 1620 1506; x_wconf 76' lang='lat' dir='ltr'><strong><em>Februarii</em></strong></span> <span class='ocrx_word' id='word_1_62' title='bbox 1643 1443 1694 1507; x_wconf 87' lang='lat'><strong><em>13.</em></strong></span> 
     </span>
    </p>
   </div>
   <div class='ocr_carea' id='block_1_5' title="bbox 231 1608 1741 5339">
    <p class='ocr_par' dir='ltr' id='par_1_7' title="bbox 231 1608 1741 5339">
     <span class='ocr_line' id='line_1_9' title="bbox 360 1608 1739 1696; baseline 0.005 -24"><span class='ocrx_word' id='word_1_63' title='bbox 360 1609 502 1692; x_wconf 82' lang='lat' dir='ltr'><strong><em>Exponit</em></strong></span> <span class='ocrx_word' id='word_1_64' title='bbox 534 1608 574 1675; x_wconf 61' lang='lat' dir='ltr'><strong><em>Si</em></strong></span> <span class='ocrx_word' id='word_1_65' title='bbox 599 1610 652 1675; x_wconf 71' lang='lat' dir='ltr'><strong><em>Vf⁶</em></strong></span> <span class='ocrx_word' id='word_1_66' title='bbox 676 1617 861 1692; x_wconf 86' lang='lat' dir='ltr'><strong><em>procurator</em></strong></span> <span class='ocrx_word' id='word_1_67' title='bbox 880 1663 886 1676; x_wconf 94' lang='lat'><em>.</em></span> <span class='ocrx_word' id='word_1_68' title='bbox 907 1665 912 1676; x_wconf 95' lang='lat'><em>.</em></span> <span class='ocrx_word' id='word_1_69' title='bbox 934 1663 967 1680; x_wconf 94' lang='lat'><strong><em>..</em></strong></span> <span class='ocrx_word' id='word_1_70' title='bbox 992 1613 1111 1678; x_wconf 90' lang='lat' dir='ltr'><strong><em>domini</em></strong></span> <span class='ocrx_word' id='word_1_71' title='bbox 1136 1612 1262 1678; x_wconf 87' lang='lat' dir='ltr'><strong><em>Nicolai</em></strong></span> <span class='ocrx_word' id='word_1_72' title='bbox 1277 1613 1437 1696; x_wconf 91' lang='lat' dir='ltr'><strong><em>prepositi</em></strong></span> <span class='ocrx_word' id='word_1_73' title='bbox 1453 1615 1638 1680; x_wconf 86' lang='lat' dir='ltr'><strong><em>monasterii</em></strong></span> <span class='ocrx_word' id='word_1_74' title='bbox 1655 1614 1739 1679; x_wconf 84' lang='lat' dir='ltr'><strong><em>liud·</em></strong></span> 
     </span>
     <span class='ocr_line' id='line_1_10' title="bbox 233 1712 1739 1800; baseline 0.005 -25"><span class='ocrx_word' id='word_1_75' title='bbox 233 1712 372 1777; x_wconf 90' lang='lat' dir='ltr'><strong><em>nicensis</em></strong></span> <span class='ocrx_word' id='word_1_76' title='bbox 397 1714 517 1778; x_wconf 84' lang='lat' dir='ltr'><strong><em>ordinis</em></strong></span> <span class='ocrx_word' id='word_1_77' title='bbox 541 1733 564 1778; x_wconf 91' lang='lat' dir='ltr'><strong><em>s.</em></strong></span> <span class='ocrx_word' id='word_1_78' title='bbox 588 1714 759 1796; x_wconf 82' lang='lat' dir='ltr'><strong><em>Augustini</em></strong></span> <span class='ocrx_word' id='word_1_79' title='bbox 783 1716 954 1797; x_wconf 88' lang='lat' dir='ltr'><strong><em>Pragensis</em></strong></span> <span class='ocrx_word' id='word_1_80' title='bbox 979 1717 1069 1800; x_wconf 85' lang='lat' dir='ltr'><strong><em>dina,</em></strong></span> <span class='ocrx_word' id='word_1_81' title='bbox 1094 1717 1177 1799; x_wconf 88' lang='lat' dir='ltr'><strong><em>quod</em></strong></span> <span class='ocrx_word' id='word_1_82' title='bbox 1200 1717 1317 1782; x_wconf 88' lang='lat' dir='ltr'><strong><em>fratres</em></strong></span> <span class='ocrx_word' id='word_1_83' title='bbox 1338 1717 1502 1783; x_wconf 82' lang='lat' dir='ltr'><strong><em>lohannes</em></strong></span> <span class='ocrx_word' id='word_1_84' title='bbox 1518 1718 1688 1800; x_wconf 87' lang='lat' dir='ltr'><strong><em>Pragensis</em></strong></span> <span class='ocrx_word' id='word_1_85' title='bbox 1704 1723 1739 1782; x_wconf 91' lang='lat' dir='ltr'><strong><em>et</em></strong></span> 
     </span>
     <span class='ocr_line' id='line_1_11' title="bbox 233 1815 1741 1902; baseline 0.004 -22"><span class='ocrx_word' id='word_1_86' title='bbox 233 1815 334 1881; x_wconf 89' lang='lat' dir='ltr'><strong><em>Hinco</em></strong></span> <span class='ocrx_word' id='word_1_87' title='bbox 358 1817 464 1882; x_wconf 89' lang='lat' dir='ltr'><strong><em>dictus</em></strong></span> <span class='ocrx_word' id='word_1_88' title='bbox 487 1819 594 1882; x_wconf 81' lang='lat' dir='ltr'><strong><em>Barka</em></strong></span> <span class='ocrx_word' id='word_1_89' title='bbox 617 1818 695 1883; x_wconf 90' lang='lat' dir='ltr'><strong><em>dicti</em></strong></span> <span class='ocrx_word' id='word_1_90' title='bbox 716 1820 904 1884; x_wconf 87' lang='lat' dir='ltr'><strong><em>monasterii</em></strong></span> <span class='ocrx_word' id='word_1_91' title='bbox 927 1821 1068 1886; x_wconf 88' lang='lat' dir='ltr'><strong><em>canonici</em></strong></span> <span class='ocrx_word' id='word_1_92' title='bbox 1100 1822 1264 1902; x_wconf 82' lang='lat' dir='ltr'><strong>regulares</strong></span> <span class='ocrx_word' id='word_1_93' title='bbox 1299 1842 1318 1885; x_wconf 89' lang='lat' dir='ltr'><strong><em>a</em></strong></span> <span class='ocrx_word' id='word_1_94' title='bbox 1348 1822 1458 1887; x_wconf 89' lang='lat' dir='ltr'><strong><em>multis</em></strong></span> <span class='ocrx_word' id='word_1_95' title='bbox 1489 1823 1580 1887; x_wconf 90' lang='lat' dir='ltr'><strong><em>annis</em></strong></span> <span class='ocrx_word' id='word_1_96' title='bbox 1604 1829 1638 1887; x_wconf 89' lang='lat' dir='ltr'><strong><em>et</em></strong></span> <span class='ocrx_word' id='word_1_97' title='bbox 1660 1823 1741 1888; x_wconf 89' lang='lat' dir='ltr'><strong><em>eitra</em></strong></span> 
     </span>
     <span class='ocr_line' id='line_1_12' title="bbox 233 1920 1740 2008; baseline 0.005 -25"><span class='ocrx_word' id='word_1_98' title='bbox 233 1920 327 1984; x_wconf 87' lang='lat' dir='ltr'><strong><em>vitam</em></strong></span> <span class='ocrx_word' id='word_1_99' title='bbox 353 1922 507 1986; x_wconf 78' lang='lat' dir='ltr'><strong><em>ducentes</em></strong></span> <span class='ocrx_word' id='word_1_100' title='bbox 531 1923 717 1987; x_wconf 80' lang='lat' dir='ltr'><strong><em>dissolutam</em></strong></span> <span class='ocrx_word' id='word_1_101' title='bbox 758 1928 791 1987; x_wconf 81' lang='lat' dir='ltr'><strong><em>rt</em></strong></span> <span class='ocrx_word' id='word_1_102' title='bbox 814 1924 853 1987; x_wconf 92' lang='lat' dir='ltr'><strong><em>de</em></strong></span> <span class='ocrx_word' id='word_1_103' title='bbox 877 1931 1045 2006; x_wconf 89' lang='lat' dir='ltr'><strong><em>parentum</em></strong></span> <span class='ocrx_word' id='word_1_104' title='bbox 1069 1943 1194 1991; x_wconf 88' lang='lat' dir='ltr'><strong><em>suorum</em></strong></span> <span class='ocrx_word' id='word_1_105' title='bbox 1220 1924 1329 1991; x_wconf 89' lang='lat' dir='ltr'><strong><em>confisi</em></strong></span> <span class='ocrx_word' id='word_1_106' title='bbox 1345 1927 1492 2008; x_wconf 86' lang='lat' dir='ltr'><strong><em>potencia</em></strong></span> <span class='ocrx_word' id='word_1_107' title='bbox 1507 1925 1648 2008; x_wconf 89' lang='lat' dir='ltr'><strong><em>prelatos</em></strong></span> <span class='ocrx_word' id='word_1_108' title='bbox 1663 1926 1740 1991; x_wconf 87' lang='lat' dir='ltr'><strong><em>dicti</em></strong></span> 
     </span>
     <span class='ocr_line' id='line_1_13' title="bbox 232 2026 1741 2112; baseline 0.005 -24"><span class='ocrx_word' id='word_1_109' title='bbox 232 2026 416 2089; x_wconf 81' lang='lat' dir='ltr'><strong><em>monasterii</em></strong></span> <span class='ocrx_word' id='word_1_110' title='bbox 440 2026 663 2109; x_wconf 90' lang='lat' dir='ltr'><strong><em>multipliciter</em></strong></span> <span class='ocrx_word' id='word_1_111' title='bbox 685 2026 870 2092; x_wconf 87' lang='lat' dir='ltr'><strong><em>afflixerunt</em></strong></span> <span class='ocrx_word' id='word_1_112' title='bbox 892 2034 927 2092; x_wconf 92' lang='lat' dir='ltr'><strong><em>et</em></strong></span> <span class='ocrx_word' id='word_1_113' title='bbox 949 2030 1088 2111; x_wconf 90' lang='lat' dir='ltr'><strong><em>tandem,</em></strong></span> <span class='ocrx_word' id='word_1_114' title='bbox 1120 2035 1156 2094; x_wconf 88' lang='lat' dir='ltr'><strong><em>ut</em></strong></span> <span class='ocrx_word' id='word_1_115' title='bbox 1179 2030 1364 2095; x_wconf 85' lang='lat' dir='ltr'><strong><em>obediencie</em></strong></span> <span class='ocrx_word' id='word_1_116' title='bbox 1388 2031 1496 2112; x_wconf 90' lang='lat' dir='ltr'><strong><em>iugum</em></strong></span> <span class='ocrx_word' id='word_1_117' title='bbox 1519 2030 1682 2096; x_wconf 79' lang='lat' dir='ltr'><strong><em>evitarent</em></strong></span> <span class='ocrx_word' id='word_1_118' title='bbox 1707 2037 1741 2095; x_wconf 90' lang='lat' dir='ltr'><strong><em>et</em></strong></span> 
     </span>
     <span class='ocr_line' id='line_1_14' title="bbox 235 2130 1737 2215; baseline 0.006 -23"><span class='ocrx_word' id='word_1_119' title='bbox 235 2130 448 2213; x_wconf 89' lang='lat' dir='ltr'><strong><em>apostacionis</em></strong></span> <span class='ocrx_word' id='word_1_120' title='bbox 472 2131 610 2196; x_wconf 88' lang='lat' dir='ltr'><strong><em>colorem</em></strong></span> <span class='ocrx_word' id='word_1_121' title='bbox 634 2132 847 2214; x_wconf 88' lang='lat' dir='ltr'><strong><em>acquirerent,</em></strong></span> <span class='ocrx_word' id='word_1_122' title='bbox 871 2132 912 2196; x_wconf 90' lang='lat' dir='ltr'><strong><em>ad</em></strong></span> <span class='ocrx_word' id='word_1_123' title='bbox 935 2134 1045 2198; x_wconf 90' lang='lat' dir='ltr'><strong><em>sedern</em></strong></span> <span class='ocrx_word' id='word_1_124' title='bbox 1062 2133 1270 2215; x_wconf 89' lang='lat' dir='ltr'><strong><em>apostolicam</em></strong></span> <span class='ocrx_word' id='word_1_125' title='bbox 1287 2134 1478 2200; x_wconf 87' lang='lat' dir='ltr'><strong><em>aecedentes</em></strong></span> <span class='ocrx_word' id='word_1_126' title='bbox 1498 2186 1504 2198; x_wconf 95' lang='lat'>.</span> <span class='ocrx_word' id='word_1_127' title='bbox 1525 2184 1530 2194; x_wconf 94' lang='lat'>.</span> <span class='ocrx_word' id='word_1_128' title='bbox 1553 2189 1556 2196; x_wconf 96' lang='lat'><em>.</em></span> <span class='ocrx_word' id='word_1_129' title='bbox 1579 2186 1586 2200; x_wconf 91' lang='lat'><strong>.</strong></span> <span class='ocrx_word' id='word_1_130' title='bbox 1611 2135 1737 2201; x_wconf 91' lang='lat' dir='ltr'><strong><em>domiuo</em></strong></span> 
     </span>
     <span class='ocr_line' id='line_1_15' title="bbox 233 2233 1738 2322; baseline 0.003 -24"><span class='ocrx_word' id='word_1_131' title='bbox 233 2233 390 2299; x_wconf 85' lang='lat' dir='ltr'><strong><em>Clementi</em></strong></span> <span class='ocrx_word' id='word_1_132' title='bbox 403 2254 485 2317; x_wconf 91' lang='lat' dir='ltr'><strong><em>pape</em></strong></span> <span class='ocrx_word' id='word_1_133' title='bbox 501 2235 545 2298; x_wconf 92' lang='lat' dir='ltr'><strong><em>Vl</em></strong></span> <span class='ocrx_word' id='word_1_134' title='bbox 568 2242 798 2317; x_wconf 88' lang='lat' dir='ltr'><strong><em>suggesserunt</em></strong></span> <span class='ocrx_word' id='word_1_135' title='bbox 821 2236 902 2302; x_wconf 83' lang='lat' dir='ltr'><strong><em>falso</em></strong></span> <span class='ocrx_word' id='word_1_136' title='bbox 925 2243 960 2301; x_wconf 91' lang='lat' dir='ltr'><strong><em>et</em></strong></span> <span class='ocrx_word' id='word_1_137' title='bbox 982 2238 1190 2314; x_wconf 84' lang='lat' dir='ltr'><strong><em>mendaciter,</em></strong></span> <span class='ocrx_word' id='word_1_138' title='bbox 1223 2239 1306 2319; x_wconf 89' lang='lat' dir='ltr'><strong><em>quod</em></strong></span> <span class='ocrx_word' id='word_1_139' title='bbox 1330 2238 1473 2321; x_wconf 84' lang='lat' dir='ltr'><strong><em>prelatus</em></strong></span> <span class='ocrx_word' id='word_1_140' title='bbox 1497 2239 1643 2304; x_wconf 88' lang='lat' dir='ltr'><strong><em>dominus</em></strong></span> <span class='ocrx_word' id='word_1_141' title='bbox 1667 2257 1738 2322; x_wconf 92' lang='lat' dir='ltr'><strong><em>pre-</em></strong></span> 
     </span>
     <span class='ocr_line' id='line_1_16' title="bbox 231 2338 1739 2425; baseline 0.004 -23"><span class='ocrx_word' id='word_1_142' title='bbox 231 2339 355 2419; x_wconf 82' lang='lat' dir='ltr'><strong><em>positus</em></strong></span> <span class='ocrx_word' id='word_1_143' title='bbox 387 2338 502 2403; x_wconf 89' lang='lat' dir='ltr'><strong><em>fuisset</em></strong></span> <span class='ocrx_word' id='word_1_144' title='bbox 532 2339 622 2403; x_wconf 90' lang='lat' dir='ltr'><strong><em>etin</em></strong></span> <span class='ocrx_word' id='word_1_145' title='bbox 646 2339 847 2405; x_wconf 78' lang='lat' dir='ltr'><strong><em>cartusiensi</em></strong></span> <span class='ocrx_word' id='word_1_146' title='bbox 878 2346 912 2405; x_wconf 89' lang='lat' dir='ltr'><strong><em>et</em></strong></span> <span class='ocrx_word' id='word_1_147' title='bbox 943 2359 967 2406; x_wconf 92' lang='lat' dir='ltr'><strong><em>s.</em></strong></span> <span class='ocrx_word' id='word_1_148' title='bbox 991 2342 1161 2406; x_wconf 84' lang='lat' dir='ltr'><strong><em>Benedicti</em></strong></span> <span class='ocrx_word' id='word_1_149' title='bbox 1192 2343 1356 2408; x_wconf 89' lang='lat' dir='ltr'><strong><em>ordinibus</em></strong></span> <span class='ocrx_word' id='word_1_150' title='bbox 1387 2343 1477 2425; x_wconf 93' lang='lat' dir='ltr'><strong><em>prius</em></strong></span> <span class='ocrx_word' id='word_1_151' title='bbox 1507 2342 1670 2425; x_wconf 86' lang='lat' dir='ltr'><strong><em>professus</em></strong></span> <span class='ocrx_word' id='word_1_152' title='bbox 1705 2349 1739 2408; x_wconf 92' lang='lat' dir='ltr'><strong><em>et</em></strong></span> 
     </span>
     <span class='ocr_line' id='line_1_17' title="bbox 233 2443 1737 2530; baseline 0.004 -23"><span class='ocrx_word' id='word_1_153' title='bbox 233 2443 432 2524; x_wconf 89' lang='lat' dir='ltr'><strong><em>postmodum</em></strong></span> <span class='ocrx_word' id='word_1_154' title='bbox 455 2444 489 2508; x_wconf 92' lang='lat' dir='ltr'><strong><em>in</em></strong></span> <span class='ocrx_word' id='word_1_155' title='bbox 512 2445 746 2526; x_wconf 81' lang='lat' dir='ltr'><strong><em>preposituram</em></strong></span> <span class='ocrx_word' id='word_1_156' title='bbox 781 2445 859 2510; x_wconf 91' lang='lat' dir='ltr'><strong><em>dicti</em></strong></span> <span class='ocrx_word' id='word_1_157' title='bbox 883 2448 1067 2512; x_wconf 89' lang='lat' dir='ltr'><strong><em>monasterii</em></strong></span> <span class='ocrx_word' id='word_1_158' title='bbox 1101 2447 1243 2511; x_wconf 88' lang='lat' dir='ltr'><strong><em>intrusus</em></strong></span> <span class='ocrx_word' id='word_1_159' title='bbox 1274 2446 1378 2510; x_wconf 88' lang='lat' dir='ltr'><strong><em>minus</em></strong></span> <span class='ocrx_word' id='word_1_160' title='bbox 1401 2447 1561 2530; x_wconf 88' lang='lat' dir='ltr'><strong><em>canonice,</em></strong></span> <span class='ocrx_word' id='word_1_161' title='bbox 1596 2453 1631 2511; x_wconf 95' lang='lat' dir='ltr'><strong><em>et</em></strong></span> <span class='ocrx_word' id='word_1_162' title='bbox 1653 2448 1737 2529; x_wconf 87' lang='lat' dir='ltr'><strong><em>quod</em></strong></span> 
     </span>
     <span class='ocr_line' id='line_1_18' title="bbox 232 2548 1738 2633; baseline 0.003 -22"><span class='ocrx_word' id='word_1_163' title='bbox 232 2548 313 2611; x_wconf 89' lang='lat' dir='ltr'><strong><em>bona</em></strong></span> <span class='ocrx_word' id='word_1_164' title='bbox 335 2548 413 2612; x_wconf 90' lang='lat' dir='ltr'><strong><em>dicti</em></strong></span> <span class='ocrx_word' id='word_1_165' title='bbox 437 2549 622 2613; x_wconf 89' lang='lat' dir='ltr'><strong><em>monasterii</em></strong></span> <span class='ocrx_word' id='word_1_166' title='bbox 646 2548 864 2631; x_wconf 84' lang='lat' dir='ltr'><strong><em>dilapidasset,</em></strong></span> <span class='ocrx_word' id='word_1_167' title='bbox 888 2550 1038 2633; x_wconf 90' lang='lat' dir='ltr'><strong><em>regulam,</em></strong></span> <span class='ocrx_word' id='word_1_168' title='bbox 1062 2551 1310 2616; x_wconf 88' lang='lat' dir='ltr'><strong><em>constituciones</em></strong></span> <span class='ocrx_word' id='word_1_169' title='bbox 1334 2556 1367 2615; x_wconf 89' lang='lat' dir='ltr'><strong><em>et</em></strong></span> <span class='ocrx_word' id='word_1_170' title='bbox 1390 2555 1513 2615; x_wconf 89' lang='lat' dir='ltr'><strong><em>statuta</em></strong></span> <span class='ocrx_word' id='word_1_171' title='bbox 1536 2551 1613 2616; x_wconf 90' lang='lat' dir='ltr'><strong><em>dicti</em></strong></span> <span class='ocrx_word' id='word_1_172' title='bbox 1630 2570 1738 2616; x_wconf 90' lang='lat' dir='ltr'><strong><em>mona·</em></strong></span> 
     </span>
     <span class='ocr_line' id='line_1_19' title="bbox 234 2651 1736 2737; baseline 0.003 -23"><span class='ocrx_word' id='word_1_173' title='bbox 234 2651 323 2715; x_wconf 81' lang='lat' dir='ltr'><strong><em>nterii</em></strong></span> <span class='ocrx_word' id='word_1_174' title='bbox 347 2651 539 2716; x_wconf 89' lang='lat' dir='ltr'><strong><em>inmutasset</em></strong></span> <span class='ocrx_word' id='word_1_175' title='bbox 573 2658 605 2717; x_wconf 92' lang='lat' dir='ltr'><strong><em>et</em></strong></span> <span class='ocrx_word' id='word_1_176' title='bbox 633 2651 750 2716; x_wconf 86' lang='lat' dir='ltr'><strong><em>iratres</em></strong></span> <span class='ocrx_word' id='word_1_177' title='bbox 784 2652 885 2734; x_wconf 92' lang='lat' dir='ltr'><strong><em>ipsius</em></strong></span> <span class='ocrx_word' id='word_1_178' title='bbox 907 2654 1093 2719; x_wconf 87' lang='lat' dir='ltr'><strong><em>monasterii</em></strong></span> <span class='ocrx_word' id='word_1_179' title='bbox 1127 2656 1166 2719; x_wconf 91' lang='lat' dir='ltr'><strong><em>ab</em></strong></span> <span class='ocrx_word' id='word_1_180' title='bbox 1189 2654 1267 2719; x_wconf 91' lang='lat' dir='ltr'><strong><em>hora</em></strong></span> <span class='ocrx_word' id='word_1_181' title='bbox 1289 2654 1415 2737; x_wconf 88' lang='lat' dir='ltr'><strong><em>prandii</em></strong></span> <span class='ocrx_word' id='word_1_182' title='bbox 1438 2672 1538 2736; x_wconf 90' lang='lat' dir='ltr'><strong><em>usque</em></strong></span> <span class='ocrx_word' id='word_1_183' title='bbox 1563 2654 1603 2719; x_wconf 87' lang='lat' dir='ltr'><strong><em>ad</em></strong></span> <span class='ocrx_word' id='word_1_184' title='bbox 1626 2655 1736 2721; x_wconf 90' lang='lat' dir='ltr'><strong><em>horam</em></strong></span> 
     </span>
     <span class='ocr_line' id='line_1_20' title="bbox 233 2757 1737 2840; baseline 0.002 -21"><span class='ocrx_word' id='word_1_185' title='bbox 233 2773 435 2838; x_wconf 80' lang='lat' dir='ltr'><strong><em>vesperarum</em></strong></span> <span class='ocrx_word' id='word_1_186' title='bbox 459 2757 642 2821; x_wconf 87' lang='lat' dir='ltr'><strong><em>inclusisset</em></strong></span> <span class='ocrx_word' id='word_1_187' title='bbox 672 2762 706 2821; x_wconf 88' lang='lat' dir='ltr'><strong><em>et</em></strong></span> <span class='ocrx_word' id='word_1_188' title='bbox 735 2757 858 2838; x_wconf 88' lang='lat' dir='ltr'><strong><em>aliquos</em></strong></span> <span class='ocrx_word' id='word_1_189' title='bbox 881 2758 1076 2840; x_wconf 85' lang='lat' dir='ltr'><strong><em>captivasset</em></strong></span> <span class='ocrx_word' id='word_1_190' title='bbox 1098 2763 1132 2822; x_wconf 93' lang='lat' dir='ltr'><strong><em>et</em></strong></span> <span class='ocrx_word' id='word_1_191' title='bbox 1155 2759 1387 2823; x_wconf 86' lang='lat' dir='ltr'><strong><em>incarcerasset</em></strong></span> <span class='ocrx_word' id='word_1_192' title='bbox 1409 2764 1443 2823; x_wconf 91' lang='lat' dir='ltr'><strong><em>et</em></strong></span> <span class='ocrx_word' id='word_1_193' title='bbox 1466 2759 1530 2823; x_wconf 91' lang='lat' dir='ltr'><strong><em>alia</em></strong></span> <span class='ocrx_word' id='word_1_194' title='bbox 1552 2777 1644 2839; x_wconf 90' lang='lat' dir='ltr'><strong><em>quam</em></strong></span> <span class='ocrx_word' id='word_1_195' title='bbox 1669 2759 1737 2839; x_wconf 94' lang='lat' dir='ltr'><strong><em>plu·</em></strong></span> 
     </span>
     <span class='ocr_line' id='line_1_21' title="bbox 234 2860 1735 2945; baseline 0.003 -22"><span class='ocrx_word' id='word_1_196' title='bbox 234 2860 310 2923; x_wconf 89' lang='lat' dir='ltr'><strong><em>rima</em></strong></span> <span class='ocrx_word' id='word_1_197' title='bbox 333 2860 500 2925; x_wconf 90' lang='lat' dir='ltr'><strong><em>mendacia</em></strong></span> <span class='ocrx_word' id='word_1_198' title='bbox 530 2867 640 2925; x_wconf 89' lang='lat' dir='ltr'><strong><em>contra</em></strong></span> <span class='ocrx_word' id='word_1_199' title='bbox 670 2862 805 2925; x_wconf 91' lang='lat' dir='ltr'><strong><em>eundem</em></strong></span> <span class='ocrx_word' id='word_1_200' title='bbox 829 2862 989 2927; x_wconf 88' lang='lat' dir='ltr'><strong><em>dominum</em></strong></span> <span class='ocrx_word' id='word_1_201' title='bbox 1024 2862 1219 2944; x_wconf 89' lang='lat' dir='ltr'><strong><em>prepositum</em></strong></span> <span class='ocrx_word' id='word_1_202' title='bbox 1243 2862 1439 2927; x_wconf 83' lang='lat' dir='ltr'><strong><em>confixerunt</em></strong></span> <span class='ocrx_word' id='word_1_203' title='bbox 1462 2869 1497 2927; x_wconf 85' lang='lat' dir='ltr'><strong><em>et</em></strong></span> <span class='ocrx_word' id='word_1_204' title='bbox 1519 2868 1651 2945; x_wconf 90' lang='lat' dir='ltr'><strong><em>propter</em></strong></span> <span class='ocrx_word' id='word_1_205' title='bbox 1673 2882 1735 2945; x_wconf 89' lang='lat' dir='ltr'><strong><em>que</em></strong></span> 
     </span>
     <span class='ocr_line' id='line_1_22' title="bbox 234 2964 1737 3049; baseline 0.003 -21"><span class='ocrx_word' id='word_1_206' title='bbox 234 2964 387 3045; x_wconf 88' lang='lat' dir='ltr'><strong><em>premissa</em></strong></span> <span class='ocrx_word' id='word_1_207' title='bbox 417 2964 562 3030; x_wconf 88' lang='lat' dir='ltr'><strong><em>iecerunt</em></strong></span> <span class='ocrx_word' id='word_1_208' title='bbox 592 2965 810 3047; x_wconf 82' lang='lat' dir='ltr'><strong><em>excludentes,</em></strong></span> <span class='ocrx_word' id='word_1_209' title='bbox 833 2966 1017 3048; x_wconf 83' lang='lat' dir='ltr'><strong><em>petiverunt</em></strong></span> <span class='ocrx_word' id='word_1_210' title='bbox 1040 2967 1100 3032; x_wconf 91' lang='lat' dir='ltr'><strong><em>sibi</em></strong></span> <span class='ocrx_word' id='word_1_211' title='bbox 1125 2985 1282 3049; x_wconf 87' lang='lat' dir='ltr'><strong><em>expensas</em></strong></span> <span class='ocrx_word' id='word_1_212' title='bbox 1305 2968 1344 3032; x_wconf 93' lang='lat' dir='ltr'><strong><em>ad</em></strong></span> <span class='ocrx_word' id='word_1_213' title='bbox 1368 2967 1457 3032; x_wconf 91' lang='lat' dir='ltr'><strong><em>litem</em></strong></span> <span class='ocrx_word' id='word_1_214' title='bbox 1482 2987 1501 3031; x_wconf 92' lang='lat' dir='ltr'><strong><em>a</em></strong></span> <span class='ocrx_word' id='word_1_215' title='bbox 1523 2968 1609 3033; x_wconf 92' lang='lat' dir='ltr'><strong><em>dicto</em></strong></span> <span class='ocrx_word' id='word_1_216' title='bbox 1631 2987 1737 3033; x_wconf 91' lang='lat' dir='ltr'><strong><em>mona-</em></strong></span> 
     </span>
     <span class='ocr_line' id='line_1_23' title="bbox 235 3068 1734 3153; baseline 0.003 -21"><span class='ocrx_word' id='word_1_217' title='bbox 235 3069 330 3133; x_wconf 85' lang='lat' dir='ltr'><strong><em>sterio</em></strong></span> <span class='ocrx_word' id='word_1_218' title='bbox 354 3068 537 3151; x_wconf 89' lang='lat' dir='ltr'><strong><em>ministrari,</em></strong></span> <span class='ocrx_word' id='word_1_219' title='bbox 558 3076 592 3134; x_wconf 93' lang='lat' dir='ltr'><strong><em>et</em></strong></span> <span class='ocrx_word' id='word_1_220' title='bbox 614 3070 779 3152; x_wconf 89' lang='lat' dir='ltr'><strong><em>predictus</em></strong></span> <span class='ocrx_word' id='word_1_221' title='bbox 803 3070 948 3135; x_wconf 90' lang='lat' dir='ltr'><strong><em>dominus</em></strong></span> <span class='ocrx_word' id='word_1_222' title='bbox 972 3069 1118 3135; x_wconf 84' lang='lat' dir='ltr'><strong><em>Clemens</em></strong></span> <span class='ocrx_word' id='word_1_223' title='bbox 1142 3088 1225 3152; x_wconf 91' lang='lat' dir='ltr'><strong><em>papa</em></strong></span> <span class='ocrx_word' id='word_1_224' title='bbox 1240 3075 1371 3153; x_wconf 85' lang='lat' dir='ltr'><strong><em>propter</em></strong></span> <span class='ocrx_word' id='word_1_225' title='bbox 1386 3072 1560 3136; x_wconf 91' lang='lat' dir='ltr'><strong><em>eorundem</em></strong></span> <span class='ocrx_word' id='word_1_226' title='bbox 1577 3071 1734 3137; x_wconf 80' lang='lat' dir='ltr'><strong><em>lobannis</em></strong></span> 
     </span>
     <span class='ocr_line' id='line_1_24' title="bbox 235 3173 1735 3257; baseline 0.002 -20"><span class='ocrx_word' id='word_1_227' title='bbox 235 3180 265 3238; x_wconf 86' lang='lat' dir='ltr'><strong><em>et</em></strong></span> <span class='ocrx_word' id='word_1_228' title='bbox 287 3173 441 3238; x_wconf 90' lang='lat' dir='ltr'><strong><em>Hinconis</em></strong></span> <span class='ocrx_word' id='word_1_229' title='bbox 464 3174 737 3256; x_wconf 88' lang='lat' dir='ltr'><strong><em>importunitatem</em></strong></span> <span class='ocrx_word' id='word_1_230' title='bbox 761 3174 889 3239; x_wconf 89' lang='lat' dir='ltr'><strong><em>nimiam</em></strong></span> <span class='ocrx_word' id='word_1_231' title='bbox 912 3175 1015 3241; x_wconf 88' lang='lat' dir='ltr'><strong><em>dietas</em></strong></span> <span class='ocrx_word' id='word_1_232' title='bbox 1038 3192 1151 3239; x_wconf 91' lang='lat' dir='ltr'><strong><em>causas</em></strong></span> <span class='ocrx_word' id='word_1_233' title='bbox 1174 3175 1350 3239; x_wconf 86' lang='lat' dir='ltr'><strong><em>reverendo</em></strong></span> <span class='ocrx_word' id='word_1_234' title='bbox 1373 3174 1456 3257; x_wconf 87' lang='lat' dir='ltr'><strong><em>patri</em></strong></span> <span class='ocrx_word' id='word_1_235' title='bbox 1473 3175 1599 3240; x_wconf 91' lang='lat' dir='ltr'><strong><em>domino</em></strong></span> <span class='ocrx_word' id='word_1_236' title='bbox 1616 3174 1735 3240; x_wconf 87' lang='lat' dir='ltr'><strong><em>Tharne</em></strong></span> 
     </span>
     <span class='ocr_line' id='line_1_25' title="bbox 236 3276 1736 3361; baseline 0.003 -22"><span class='ocrx_word' id='word_1_237' title='bbox 236 3276 363 3354; x_wconf 87' lang='lat' dir='ltr'><strong><em>Fastoll,</em></strong></span> <span class='ocrx_word' id='word_1_238' title='bbox 386 3296 468 3341; x_wconf 92' lang='lat' dir='ltr'><strong><em>nunc</em></strong></span> <span class='ocrx_word' id='word_1_239' title='bbox 491 3278 640 3360; x_wconf 89' lang='lat' dir='ltr'><strong><em>episcopo</em></strong></span> <span class='ocrx_word' id='word_1_240' title='bbox 656 3278 855 3359; x_wconf 90' lang='lat' dir='ltr'><strong><em>Meneuensi,</em></strong></span> <span class='ocrx_word' id='word_1_241' title='bbox 878 3283 954 3343; x_wconf 91' lang='lat' dir='ltr'><strong><em>tunc</em></strong></span> <span class='ocrx_word' id='word_1_242' title='bbox 970 3278 1108 3343; x_wconf 91' lang='lat' dir='ltr'><strong><em>auditori</em></strong></span> <span class='ocrx_word' id='word_1_243' title='bbox 1124 3295 1289 3343; x_wconf 90' lang='lat' dir='ltr'><strong><em>causarum</em></strong></span> <span class='ocrx_word' id='word_1_244' title='bbox 1305 3279 1405 3343; x_wconf 84' lang='lat' dir='ltr'><strong><em>vestri</em></strong></span> <span class='ocrx_word' id='word_1_245' title='bbox 1423 3279 1505 3342; x_wconf 89' lang='lat' dir='ltr'><strong><em>sacri</em></strong></span> <span class='ocrx_word' id='word_1_246' title='bbox 1520 3279 1636 3361; x_wconf 89' lang='lat' dir='ltr'><strong><em>palacii</em></strong></span> <span class='ocrx_word' id='word_1_247' title='bbox 1654 3298 1736 3344; x_wconf 90' lang='lat' dir='ltr'><strong><em>com·</em></strong></span> 
     </span>
     <span class='ocr_line' id='line_1_26' title="bbox 236 3381 1732 3464; baseline 0.001 -20"><span class='ocrx_word' id='word_1_248' title='bbox 236 3381 318 3446; x_wconf 87' lang='lat' dir='ltr'><strong><em>nisit</em></strong></span> <span class='ocrx_word' id='word_1_249' title='bbox 351 3383 525 3446; x_wconf 85' lang='lat' dir='ltr'><strong><em>audiendas</em></strong></span> <span class='ocrx_word' id='word_1_250' title='bbox 560 3388 594 3446; x_wconf 89' lang='lat' dir='ltr'><strong><em>et</em></strong></span> <span class='ocrx_word' id='word_1_251' title='bbox 627 3383 820 3447; x_wconf 89' lang='lat' dir='ltr'><strong><em>decidendas</em></strong></span> <span class='ocrx_word' id='word_1_252' title='bbox 844 3402 913 3446; x_wconf 91' lang='lat' dir='ltr'><strong><em>cum</em></strong></span> <span class='ocrx_word' id='word_1_253' title='bbox 949 3383 1194 3464; x_wconf 88' lang='lat' dir='ltr'><strong><em>emergentibus,</em></strong></span> <span class='ocrx_word' id='word_1_254' title='bbox 1225 3383 1480 3464; x_wconf 89' lang='lat' dir='ltr'><strong><em>dependentibus</em></strong></span> <span class='ocrx_word' id='word_1_255' title='bbox 1511 3389 1545 3446; x_wconf 89' lang='lat' dir='ltr'><strong><em>et</em></strong></span> <span class='ocrx_word' id='word_1_256' title='bbox 1568 3383 1732 3463; x_wconf 84' lang='lat' dir='ltr'><strong><em>connexis,</em></strong></span> 
     </span>
     <span class='ocr_line' id='line_1_27' title="bbox 236 3485 1732 3568; baseline 0.001 -19"><span class='ocrx_word' id='word_1_257' title='bbox 236 3492 325 3567; x_wconf 89' lang='lat' dir='ltr'><strong><em>prout</em></strong></span> <span class='ocrx_word' id='word_1_258' title='bbox 347 3485 380 3549; x_wconf 94' lang='lat' dir='ltr'><strong><em>in</em></strong></span> <span class='ocrx_word' id='word_1_259' title='bbox 403 3486 622 3550; x_wconf 91' lang='lat' dir='ltr'><strong><em>commissione</em></strong></span> <span class='ocrx_word' id='word_1_260' title='bbox 645 3485 745 3549; x_wconf 88' lang='lat' dir='ltr'><strong><em>lacius</em></strong></span> <span class='ocrx_word' id='word_1_261' title='bbox 768 3487 957 3568; x_wconf 87' lang='lat' dir='ltr'><strong><em>continetur,</em></strong></span> <span class='ocrx_word' id='word_1_262' title='bbox 981 3487 1130 3566; x_wconf 88' lang='lat' dir='ltr'><strong><em>dictoque</em></strong></span> <span class='ocrx_word' id='word_1_263' title='bbox 1156 3486 1282 3550; x_wconf 92' lang='lat' dir='ltr'><strong><em>domino</em></strong></span> <span class='ocrx_word' id='word_1_264' title='bbox 1305 3486 1425 3551; x_wconf 86' lang='lat' dir='ltr'><strong><em>Thema</em></strong></span> <span class='ocrx_word' id='word_1_265' title='bbox 1448 3488 1480 3550; x_wconf 94' lang='lat' dir='ltr'><strong><em>in</em></strong></span> <span class='ocrx_word' id='word_1_266' title='bbox 1504 3487 1732 3550; x_wconf 88' lang='lat' dir='ltr'><strong><em>Meneuensem</em></strong></span> 
     </span>
     <span class='ocr_line' id='line_1_28' title="bbox 238 3588 1732 3672; baseline 0.001 -19"><span class='ocrx_word' id='word_1_267' title='bbox 238 3590 415 3672; x_wconf 89' lang='lat' dir='ltr'><strong><em>episcopum</em></strong></span> <span class='ocrx_word' id='word_1_268' title='bbox 428 3596 612 3656; x_wconf 88' lang='lat' dir='ltr'><strong><em>consecrato</em></strong></span> <span class='ocrx_word' id='word_1_269' title='bbox 625 3591 711 3655; x_wconf 89' lang='lat' dir='ltr'><strong><em>dicte</em></strong></span> <span class='ocrx_word' id='word_1_270' title='bbox 734 3590 789 3655; x_wconf 75' lang='lat' dir='ltr'><strong><em>Vra</em></strong></span> <span class='ocrx_word' id='word_1_271' title='bbox 801 3589 862 3654; x_wconf 73' lang='lat'><strong><em>8²⁸⁸</em></strong></span> <span class='ocrx_word' id='word_1_272' title='bbox 885 3608 953 3654; x_wconf 89' lang='lat' dir='ltr'><strong><em>ven.</em></strong></span> <span class='ocrx_word' id='word_1_273' title='bbox 969 3590 1069 3655; x_wconf 87' lang='lat' dir='ltr'><strong><em>virum</em></strong></span> <span class='ocrx_word' id='word_1_274' title='bbox 1083 3591 1242 3655; x_wconf 92' lang='lat' dir='ltr'><strong><em>dominum</em></strong></span> <span class='ocrx_word' id='word_1_275' title='bbox 1257 3588 1431 3655; x_wconf 89' lang='lat' dir='ltr'><strong><em>Olirerium</em></strong></span> <span class='ocrx_word' id='word_1_276' title='bbox 1448 3590 1487 3653; x_wconf 92' lang='lat' dir='ltr'><strong><em>de</em></strong></span> <span class='ocrx_word' id='word_1_277' title='bbox 1505 3589 1639 3654; x_wconf 83' lang='lat' dir='ltr'><strong><em>Cerneto</em></strong></span> <span class='ocrx_word' id='word_1_278' title='bbox 1656 3590 1732 3654; x_wconf 88' lang='lat' dir='ltr'><strong><em>dicti</em></strong></span> 
     </span>
     <span class='ocr_line' id='line_1_29' title="bbox 239 3693 1736 3776; baseline -0.001 -18"><span class='ocrx_word' id='word_1_279' title='bbox 239 3694 346 3774; x_wconf 89' lang='lat' dir='ltr'><strong><em>palacii</em></strong></span> <span class='ocrx_word' id='word_1_280' title='bbox 377 3711 543 3759; x_wconf 89' lang='lat' dir='ltr'><strong><em>causarum</em></strong></span> <span class='ocrx_word' id='word_1_281' title='bbox 567 3695 743 3759; x_wconf 88' lang='lat' dir='ltr'><strong><em>auditorem</em></strong></span> <span class='ocrx_word' id='word_1_282' title='bbox 767 3694 872 3758; x_wconf 91' lang='lat' dir='ltr'><strong><em>eidem</em></strong></span> <span class='ocrx_word' id='word_1_283' title='bbox 903 3694 1027 3759; x_wconf 91' lang='lat' dir='ltr'><strong><em>domino</em></strong></span> <span class='ocrx_word' id='word_1_284' title='bbox 1051 3693 1169 3758; x_wconf 88' lang='lat' dir='ltr'><strong><em>Thome</em></strong></span> <span class='ocrx_word' id='word_1_285' title='bbox 1200 3694 1233 3758; x_wconf 92' lang='lat' dir='ltr'><strong><em>in</em></strong></span> <span class='ocrx_word' id='word_1_286' title='bbox 1256 3693 1389 3776; x_wconf 84' lang='lat' dir='ltr'><strong><em>prefatis</em></strong></span> <span class='ocrx_word' id='word_1_287' title='bbox 1412 3693 1517 3757; x_wconf 90' lang='lat' dir='ltr'><strong><em>causis</em></strong></span> <span class='ocrx_word' id='word_1_288' title='bbox 1541 3694 1736 3774; x_wconf 86' lang='lat' dir='ltr'><strong><em>subrogavit,</em></strong></span> 
     </span>
     <span class='ocr_line' id='line_1_30' title="bbox 239 3797 1735 3882; baseline 0 -21"><span class='ocrx_word' id='word_1_289' title='bbox 239 3797 400 3878; x_wconf 87' lang='lat' dir='ltr'><strong><em>dictusque</em></strong></span> <span class='ocrx_word' id='word_1_290' title='bbox 434 3799 578 3862; x_wconf 88' lang='lat' dir='ltr'><strong><em>dominus</em></strong></span> <span class='ocrx_word' id='word_1_291' title='bbox 602 3798 761 3862; x_wconf 85' lang='lat' dir='ltr'><strong><em>Oliverius</em></strong></span> <span class='ocrx_word' id='word_1_292' title='bbox 785 3799 927 3879; x_wconf 88' lang='lat' dir='ltr'><strong><em>equitate</em></strong></span> <span class='ocrx_word' id='word_1_293' title='bbox 951 3804 985 3863; x_wconf 95' lang='lat' dir='ltr'><strong><em>et</em></strong></span> <span class='ocrx_word' id='word_1_294' title='bbox 1007 3798 1135 3862; x_wconf 87' lang='lat' dir='ltr'><strong><em>iusticia</em></strong></span> <span class='ocrx_word' id='word_1_295' title='bbox 1169 3799 1324 3882; x_wconf 89' lang='lat' dir='ltr'><strong><em>inspeetis</em></strong></span> <span class='ocrx_word' id='word_1_296' title='bbox 1347 3797 1504 3881; x_wconf 87' lang='lat' dir='ltr'><strong><em>prefatum</em></strong></span> <span class='ocrx_word' id='word_1_297' title='bbox 1539 3799 1735 3880; x_wconf 87' lang='lat' dir='ltr'><strong><em>prepositum</em></strong></span> 
     </span>
     <span class='ocr_line' id='line_1_31' title="bbox 239 3901 1735 3984; baseline 0.001 -20"><span class='ocrx_word' id='word_1_298' title='bbox 239 3904 272 3966; x_wconf 89' lang='lat' dir='ltr'><strong><em>ab</em></strong></span> <span class='ocrx_word' id='word_1_299' title='bbox 293 3902 453 3967; x_wconf 89' lang='lat' dir='ltr'><strong><em>instancia</em></strong></span> <span class='ocrx_word' id='word_1_300' title='bbox 475 3902 584 3966; x_wconf 89' lang='lat' dir='ltr'><strong><em>iudicii</em></strong></span> <span class='ocrx_word' id='word_1_301' title='bbox 615 3902 647 3966; x_wconf 92' lang='lat' dir='ltr'><strong><em>in</em></strong></span> <span class='ocrx_word' id='word_1_302' title='bbox 671 3903 765 3966; x_wconf 91' lang='lat' dir='ltr'><strong><em>dictis</em></strong></span> <span class='ocrx_word' id='word_1_303' title='bbox 790 3902 895 3967; x_wconf 89' lang='lat' dir='ltr'><strong><em>causis</em></strong></span> <span class='ocrx_word' id='word_1_304' title='bbox 926 3903 1070 3984; x_wconf 87' lang='lat' dir='ltr'><strong><em>absolvit,</em></strong></span> <span class='ocrx_word' id='word_1_305' title='bbox 1104 3908 1138 3967; x_wconf 92' lang='lat' dir='ltr'><strong><em>et</em></strong></span> <span class='ocrx_word' id='word_1_306' title='bbox 1168 3921 1238 3967; x_wconf 88' lang='lat' dir='ltr'><strong><em>ven.</em></strong></span> <span class='ocrx_word' id='word_1_307' title='bbox 1270 3904 1414 3967; x_wconf 92' lang='lat' dir='ltr'><strong><em>domiuus</em></strong></span> <span class='ocrx_word' id='word_1_308' title='bbox 1445 3901 1560 3983; x_wconf 86' lang='lat' dir='ltr'><strong><em>Symon</em></strong></span> <span class='ocrx_word' id='word_1_309' title='bbox 1592 3902 1631 3965; x_wconf 94' lang='lat' dir='ltr'><strong><em>de</em></strong></span> <span class='ocrx_word' id='word_1_310' title='bbox 1656 3901 1735 3966; x_wconf 87' lang='lat' dir='ltr'><strong><em>Sud-</em></strong></span> 
     </span>
     <span class='ocr_line' id='line_1_32' title="bbox 240 4004 1735 4090; baseline 0.001 -24"><span class='ocrx_word' id='word_1_311' title='bbox 240 4004 312 4070; x_wconf 88' lang='lat' dir='ltr'><strong><em>birio</em></strong></span> <span class='ocrx_word' id='word_1_312' title='bbox 336 4006 415 4071; x_wconf 91' lang='lat' dir='ltr'><strong><em>dicti</em></strong></span> <span class='ocrx_word' id='word_1_313' title='bbox 444 4007 560 4088; x_wconf 89' lang='lat' dir='ltr'><strong><em>palacii</em></strong></span> <span class='ocrx_word' id='word_1_314' title='bbox 591 4024 757 4070; x_wconf 88' lang='lat' dir='ltr'><strong><em>cansarum</em></strong></span> <span class='ocrx_word' id='word_1_315' title='bbox 787 4007 923 4088; x_wconf 88' lang='lat' dir='ltr'><strong><em>auditor,</em></strong></span> <span class='ocrx_word' id='word_1_316' title='bbox 958 4007 1153 4089; x_wconf 89' lang='lat' dir='ltr'><strong><em>pretendens</em></strong></span> <span class='ocrx_word' id='word_1_317' title='bbox 1188 4026 1222 4070; x_wconf 90' lang='lat' dir='ltr'><strong><em>se</em></strong></span> <span class='ocrx_word' id='word_1_318' title='bbox 1247 4006 1451 4090; x_wconf 85' lang='lat' dir='ltr'><strong><em>auditor[em]</em></strong></span> <span class='ocrx_word' id='word_1_319' title='bbox 1483 4006 1523 4069; x_wconf 93' lang='lat' dir='ltr'><strong><em>ad</em></strong></span> <span class='ocrx_word' id='word_1_320' title='bbox 1547 4006 1735 4070; x_wconf 87' lang='lat' dir='ltr'><strong><em>instanciam</em></strong></span> 
     </span>
     <span class='ocr_line' id='line_1_33' title="bbox 240 4109 1735 4193; baseline 0 -21"><span class='ocrx_word' id='word_1_321' title='bbox 240 4109 390 4175; x_wconf 91' lang='lat' dir='ltr'><strong><em>dictorum</em></strong></span> <span class='ocrx_word' id='word_1_322' title='bbox 414 4110 568 4176; x_wconf 89' lang='lat' dir='ltr'><strong><em>Jobannis</em></strong></span> <span class='ocrx_word' id='word_1_323' title='bbox 592 4116 625 4175; x_wconf 89' lang='lat' dir='ltr'><strong><em>et</em></strong></span> <span class='ocrx_word' id='word_1_324' title='bbox 647 4110 800 4175; x_wconf 90' lang='lat' dir='ltr'><strong><em>Hinconis</em></strong></span> <span class='ocrx_word' id='word_1_325' title='bbox 823 4129 919 4193; x_wconf 92' lang='lat' dir='ltr'><strong><em>super</em></strong></span> <span class='ocrx_word' id='word_1_326' title='bbox 942 4112 1129 4192; x_wconf 88' lang='lat' dir='ltr'><strong><em>quibusdam</em></strong></span> <span class='ocrx_word' id='word_1_327' title='bbox 1152 4109 1423 4193; x_wconf 89' lang='lat' dir='ltr'><strong><em>appellacionibus</em></strong></span> <span class='ocrx_word' id='word_1_328' title='bbox 1445 4109 1479 4172; x_wconf 94' lang='lat' dir='ltr'><strong><em>in</em></strong></span> <span class='ocrx_word' id='word_1_329' title='bbox 1503 4109 1598 4174; x_wconf 90' lang='lat' dir='ltr'><strong><em>dictis</em></strong></span> <span class='ocrx_word' id='word_1_330' title='bbox 1621 4110 1735 4189; x_wconf 87' lang='lat' dir='ltr'><strong><em>causis,</em></strong></span> 
     </span>
     <span class='ocr_line' id='line_1_34' title="bbox 240 4213 1735 4298; baseline 0 -22"><span class='ocrx_word' id='word_1_331' title='bbox 240 4222 270 4279; x_wconf 92' lang='lat' dir='ltr'><strong><em>ut</em></strong></span> <span class='ocrx_word' id='word_1_332' title='bbox 291 4214 420 4294; x_wconf 89' lang='lat' dir='ltr'><strong><em>dicitur,</em></strong></span> <span class='ocrx_word' id='word_1_333' title='bbox 444 4215 643 4297; x_wconf 90' lang='lat' dir='ltr'><strong><em>interpositis</em></strong></span> <span class='ocrx_word' id='word_1_334' title='bbox 667 4221 701 4278; x_wconf 92' lang='lat' dir='ltr'><strong><em>et</em></strong></span> <span class='ocrx_word' id='word_1_335' title='bbox 717 4215 747 4277; x_wconf 92' lang='lat' dir='ltr'><strong><em>in</em></strong></span> <span class='ocrx_word' id='word_1_336' title='bbox 761 4216 893 4296; x_wconf 90' lang='lat' dir='ltr'><strong><em>negocio</em></strong></span> <span class='ocrx_word' id='word_1_337' title='bbox 909 4216 1078 4298; x_wconf 91' lang='lat' dir='ltr'><strong><em>principali</em></strong></span> <span class='ocrx_word' id='word_1_338' title='bbox 1094 4216 1330 4298; x_wconf 70' lang='lat' dir='ltr'><strong><em>deputatum-l</em></strong></span> <span class='ocrx_word' id='word_1_339' title='bbox 1354 4214 1469 4278; x_wconf 90' lang='lat' dir='ltr'><strong><em>dictam</em></strong></span> <span class='ocrx_word' id='word_1_340' title='bbox 1494 4213 1735 4285; x_wconf 89' lang='lat' dir='ltr'><strong><em>absolutionem,</em></strong></span> 
     </span>
     <span class='ocr_line' id='line_1_35' title="bbox 240 4317 1736 4402; baseline -0.001 -19"><span class='ocrx_word' id='word_1_341' title='bbox 240 4336 382 4384; x_wconf 86' lang='lat' dir='ltr'><strong><em>asserens</em></strong></span> <span class='ocrx_word' id='word_1_342' title='bbox 405 4318 521 4384; x_wconf 89' lang='lat' dir='ltr'><strong><em>iactam</em></strong></span> <span class='ocrx_word' id='word_1_343' title='bbox 545 4326 655 4384; x_wconf 90' lang='lat' dir='ltr'><strong><em>contra</em></strong></span> <span class='ocrx_word' id='word_1_344' title='bbox 690 4338 778 4384; x_wconf 89' lang='lat' dir='ltr'><strong><em>suam</em></strong></span> <span class='ocrx_word' id='word_1_345' title='bbox 809 4320 1042 4402; x_wconf 89' lang='lat' dir='ltr'><strong><em>inhibicionem,</em></strong></span> <span class='ocrx_word' id='word_1_346' title='bbox 1075 4321 1114 4385; x_wconf 92' lang='lat' dir='ltr'><strong><em>de</em></strong></span> <span class='ocrx_word' id='word_1_347' title='bbox 1145 4320 1229 4384; x_wconf 84' lang='lat' dir='ltr'><strong><em>iacto</em></strong></span> <span class='ocrx_word' id='word_1_348' title='bbox 1264 4318 1425 4382; x_wconf 84' lang='lat' dir='ltr'><strong><em>revocavit</em></strong></span> <span class='ocrx_word' id='word_1_349' title='bbox 1454 4322 1488 4380; x_wconf 93' lang='lat' dir='ltr'><strong><em>et</em></strong></span> <span class='ocrx_word' id='word_1_350' title='bbox 1511 4321 1634 4398; x_wconf 87' lang='lat' dir='ltr'><strong><em>partem</em></strong></span> <span class='ocrx_word' id='word_1_351' title='bbox 1658 4317 1736 4381; x_wconf 87' lang='lat' dir='ltr'><strong><em>dicti</em></strong></span> 
     </span>
     <span class='ocr_line' id='line_1_36' title="bbox 238 4420 1736 4507; baseline -0.003 -19"><span class='ocrx_word' id='word_1_352' title='bbox 238 4424 389 4506; x_wconf 88' lang='lat' dir='ltr'><strong><em>prepositi</em></strong></span> <span class='ocrx_word' id='word_1_353' title='bbox 423 4424 613 4506; x_wconf 91' lang='lat' dir='ltr'><strong><em>compellere</em></strong></span> <span class='ocrx_word' id='word_1_354' title='bbox 648 4424 762 4489; x_wconf 88' lang='lat' dir='ltr'><strong><em>nititur</em></strong></span> <span class='ocrx_word' id='word_1_355' title='bbox 796 4427 835 4490; x_wconf 91' lang='lat' dir='ltr'><strong><em>ad</em></strong></span> <span class='ocrx_word' id='word_1_356' title='bbox 870 4425 1112 4490; x_wconf 88' lang='lat' dir='ltr'><strong><em>contestandum</em></strong></span> <span class='ocrx_word' id='word_1_357' title='bbox 1147 4424 1236 4488; x_wconf 91' lang='lat' dir='ltr'><strong><em>litem</em></strong></span> <span class='ocrx_word' id='word_1_358' title='bbox 1261 4441 1358 4504; x_wconf 90' lang='lat' dir='ltr'><strong><em>super</em></strong></span> <span class='ocrx_word' id='word_1_359' title='bbox 1380 4422 1489 4500; x_wconf 87' lang='lat' dir='ltr'><strong><em>libello</em></strong></span> <span class='ocrx_word' id='word_1_360' title='bbox 1512 4440 1570 4502; x_wconf 91' lang='lat' dir='ltr'><strong><em>per</em></strong></span> <span class='ocrx_word' id='word_1_361' title='bbox 1593 4420 1736 4507; x_wconf 77' lang='lat' dir='ltr'><strong><em>prelatos</em></strong></span> 
     </span>
     <span class='ocr_line' id='line_1_37' title="bbox 237 4523 1735 4612; baseline 0.001 -26"><span class='ocrx_word' id='word_1_362' title='bbox 237 4523 409 4592; x_wconf 79' lang='lat' dir='ltr'><strong><em>iohannem</em></strong></span> <span class='ocrx_word' id='word_1_363' title='bbox 433 4533 467 4592; x_wconf 89' lang='lat' dir='ltr'><strong><em>et</em></strong></span> <span class='ocrx_word' id='word_1_364' title='bbox 489 4528 665 4593; x_wconf 89' lang='lat' dir='ltr'><strong><em>Hinconem</em></strong></span> <span class='ocrx_word' id='word_1_365' title='bbox 689 4530 804 4610; x_wconf 88' lang='lat' dir='ltr'><strong><em>oblato,</em></strong></span> <span class='ocrx_word' id='word_1_366' title='bbox 828 4536 1042 4612; x_wconf 87' lang='lat' dir='ltr'><strong><em>propterque</em></strong></span> <span class='ocrx_word' id='word_1_367' title='bbox 1066 4530 1104 4594; x_wconf 90' lang='lat' dir='ltr'><strong><em>ab</em></strong></span> <span class='ocrx_word' id='word_1_368' title='bbox 1128 4529 1241 4593; x_wconf 92' lang='lat' dir='ltr'><strong><em>eodem</em></strong></span> <span class='ocrx_word' id='word_1_369' title='bbox 1266 4527 1392 4592; x_wconf 92' lang='lat' dir='ltr'><strong><em>domino</em></strong></span> <span class='ocrx_word' id='word_1_370' title='bbox 1415 4525 1551 4607; x_wconf 88' lang='lat' dir='ltr'><strong><em>Symone</em></strong></span> <span class='ocrx_word' id='word_1_371' title='bbox 1568 4525 1679 4604; x_wconf 83' lang='lat' dir='ltr'><strong><em>extitit</em></strong></span> <span class='ocrx_word' id='word_1_372' title='bbox 1695 4526 1735 4589; x_wconf 90' lang='lat' dir='ltr'><strong><em>ad</em></strong></span> 
     </span>
     <span class='ocr_line' id='line_1_38' title="bbox 239 4630 1736 4715; baseline 0 -23"><span class='ocrx_word' id='word_1_373' title='bbox 239 4631 340 4697; x_wconf 90' lang='lat' dir='ltr'><strong><em>sedem</em></strong></span> <span class='ocrx_word' id='word_1_374' title='bbox 365 4631 572 4713; x_wconf 86' lang='lat' dir='ltr'><strong><em>apostolicam</em></strong></span> <span class='ocrx_word' id='word_1_375' title='bbox 596 4635 676 4698; x_wconf 92' lang='lat' dir='ltr'><strong><em>bene</em></strong></span> <span class='ocrx_word' id='word_1_376' title='bbox 700 4640 734 4698; x_wconf 89' lang='lat' dir='ltr'><strong><em>et</em></strong></span> <span class='ocrx_word' id='word_1_377' title='bbox 756 4634 898 4715; x_wconf 91' lang='lat' dir='ltr'><strong><em>legitime</em></strong></span> <span class='ocrx_word' id='word_1_378' title='bbox 912 4633 1107 4715; x_wconf 88' lang='lat' dir='ltr'><strong><em>appellatum</em></strong></span> <span class='ocrx_word' id='word_1_379' title='bbox 1130 4639 1164 4697; x_wconf 89' lang='lat' dir='ltr'><strong><em>et</em></strong></span> <span class='ocrx_word' id='word_1_380' title='bbox 1179 4632 1360 4696; x_wconf 90' lang='lat' dir='ltr'><strong><em>huiusmodi</em></strong></span> <span class='ocrx_word' id='word_1_381' title='bbox 1373 4630 1624 4712; x_wconf 87' lang='lat' dir='ltr'><strong><em>appellacionum</em></strong></span> <span class='ocrx_word' id='word_1_382' title='bbox 1641 4647 1736 4693; x_wconf 90' lang='lat' dir='ltr'><strong><em>cause</em></strong></span> 
     </span>
     <span class='ocr_line' id='line_1_39' title="bbox 238 4732 1733 4819; baseline 0 -23"><span class='ocrx_word' id='word_1_383' title='bbox 238 4733 358 4800; x_wconf 89' lang='lat' dir='ltr'><strong><em>domiuo</em></strong></span> <span class='ocrx_word' id='word_1_384' title='bbox 382 4735 546 4800; x_wconf 89' lang='lat' dir='ltr'><strong><em>Bernardo</em></strong></span> <span class='ocrx_word' id='word_1_385' title='bbox 570 4735 719 4801; x_wconf 88' lang='lat' dir='ltr'><strong><em>Fulconis</em></strong></span> <span class='ocrx_word' id='word_1_386' title='bbox 743 4737 819 4801; x_wconf 87' lang='lat' dir='ltr'><strong><em>dicti</em></strong></span> <span class='ocrx_word' id='word_1_387' title='bbox 842 4736 958 4819; x_wconf 87' lang='lat' dir='ltr'><strong><em>palacii</em></strong></span> <span class='ocrx_word' id='word_1_388' title='bbox 982 4756 1147 4801; x_wconf 90' lang='lat' dir='ltr'><strong><em>causarum</em></strong></span> <span class='ocrx_word' id='word_1_389' title='bbox 1172 4736 1310 4800; x_wconf 91' lang='lat' dir='ltr'><strong><em>auditori</em></strong></span> <span class='ocrx_word' id='word_1_390' title='bbox 1334 4740 1409 4798; x_wconf 86' lang='lat' dir='ltr'><strong><em>sunt</em></strong></span> <span class='ocrx_word' id='word_1_391' title='bbox 1431 4734 1606 4799; x_wconf 88' lang='lat' dir='ltr'><strong><em>commisse.</em></strong></span> <span class='ocrx_word' id='word_1_392' title='bbox 1654 4732 1733 4797; x_wconf 85' lang='lat' dir='ltr'><strong><em>Cum</em></strong></span> 
     </span>
     <span class='ocr_line' id='line_1_40' title="bbox 239 4838 1736 4923; baseline -0.001 -22"><span class='ocrx_word' id='word_1_393' title='bbox 239 4845 348 4922; x_wconf 74' lang='lat' dir='ltr'><strong><em>autern</em></strong></span> <span class='ocrx_word' id='word_1_394' title='bbox 370 4845 465 4921; x_wconf 87' lang='lat' dir='ltr'><strong><em>pater</em></strong></span> <span class='ocrx_word' id='word_1_395' title='bbox 487 4840 695 4922; x_wconf 86' lang='lat' dir='ltr'><strong><em>sanctissime,</em></strong></span> <span class='ocrx_word' id='word_1_396' title='bbox 727 4841 899 4906; x_wconf 87' lang='lat' dir='ltr'><strong><em>verisimile</em></strong></span> <span class='ocrx_word' id='word_1_397' title='bbox 923 4840 975 4923; x_wconf 90' lang='lat' dir='ltr'><strong><em>sit,</em></strong></span> <span class='ocrx_word' id='word_1_398' title='bbox 1000 4842 1083 4922; x_wconf 89' lang='lat' dir='ltr'><strong><em>quod</em></strong></span> <span class='ocrx_word' id='word_1_399' title='bbox 1099 4840 1216 4923; x_wconf 86' lang='lat' dir='ltr'><strong><em>prefati</em></strong></span> <span class='ocrx_word' id='word_1_400' title='bbox 1232 4839 1348 4904; x_wconf 89' lang='lat' dir='ltr'><strong><em>fratres</em></strong></span> <span class='ocrx_word' id='word_1_401' title='bbox 1365 4843 1489 4903; x_wconf 90' lang='lat' dir='ltr'><strong><em>actores</em></strong></span> <span class='ocrx_word' id='word_1_402' title='bbox 1506 4838 1607 4903; x_wconf 86' lang='lat' dir='ltr'><strong><em>dictas</em></strong></span> <span class='ocrx_word' id='word_1_403' title='bbox 1624 4855 1736 4901; x_wconf 85' lang='lat' dir='ltr'><strong><em>causas</em></strong></span> 
     </span>
     <span class='ocr_line' id='line_1_41' title="bbox 239 4941 1736 5028; baseline -0.001 -22"><span class='ocrx_word' id='word_1_404' title='bbox 239 4946 408 5025; x_wconf 84' lang='lat' dir='ltr'><strong><em>mouerunt,</em></strong></span> <span class='ocrx_word' id='word_1_405' title='bbox 444 4949 480 5007; x_wconf 90' lang='lat' dir='ltr'><strong><em>ut</em></strong></span> <span class='ocrx_word' id='word_1_406' title='bbox 514 4943 641 5009; x_wconf 91' lang='lat' dir='ltr'><strong><em>adicto</em></strong></span> <span class='ocrx_word' id='word_1_407' title='bbox 671 4945 864 5010; x_wconf 87' lang='lat' dir='ltr'><strong><em>monasterio</em></strong></span> <span class='ocrx_word' id='word_1_408' title='bbox 895 4945 1019 5028; x_wconf 89' lang='lat' dir='ltr'><strong><em>possint</em></strong></span> <span class='ocrx_word' id='word_1_409' title='bbox 1048 4945 1166 5009; x_wconf 89' lang='lat' dir='ltr'><strong><em>babere</em></strong></span> <span class='ocrx_word' id='word_1_410' title='bbox 1198 4961 1356 5025; x_wconf 89' lang='lat' dir='ltr'><strong><em>expensas</em></strong></span> <span class='ocrx_word' id='word_1_411' title='bbox 1386 4962 1443 5024; x_wconf 90' lang='lat' dir='ltr'><strong><em>pro</em></strong></span> <span class='ocrx_word' id='word_1_412' title='bbox 1467 4961 1502 5007; x_wconf 91' lang='lat' dir='ltr'><strong><em>se</em></strong></span> <span class='ocrx_word' id='word_1_413' title='bbox 1526 4949 1560 5006; x_wconf 90' lang='lat' dir='ltr'><strong><em>et</em></strong></span> <span class='ocrx_word' id='word_1_414' title='bbox 1583 4942 1622 5006; x_wconf 87' lang='lat' dir='ltr'><strong><em>ad</em></strong></span> <span class='ocrx_word' id='word_1_415' title='bbox 1645 4941 1736 5006; x_wconf 88' lang='lat' dir='ltr'><strong><em>litem</em></strong></span> 
     </span>
     <span class='ocr_line' id='line_1_42' title="bbox 241 5044 1736 5131; baseline -0.001 -23"><span class='ocrx_word' id='word_1_416' title='bbox 241 5047 449 5128; x_wconf 84' lang='lat' dir='ltr'><strong><em>supradictam</em></strong></span> <span class='ocrx_word' id='word_1_417' title='bbox 482 5053 516 5112; x_wconf 89' lang='lat' dir='ltr'><strong><em>et</em></strong></span> <span class='ocrx_word' id='word_1_418' title='bbox 545 5048 741 5114; x_wconf 87' lang='lat' dir='ltr'><strong><em>occasionem</em></strong></span> <span class='ocrx_word' id='word_1_419' title='bbox 766 5048 937 5131; x_wconf 85' lang='lat' dir='ltr'><strong><em>divagandi</em></strong></span> <span class='ocrx_word' id='word_1_420' title='bbox 968 5048 1198 5130; x_wconf 90' lang='lat' dir='ltr'><strong><em>indampnabili</em></strong></span> <span class='ocrx_word' id='word_1_421' title='bbox 1220 5047 1381 5130; x_wconf 86' lang='lat' dir='ltr'><strong><em>libertate,</em></strong></span> <span class='ocrx_word' id='word_1_422' title='bbox 1412 5046 1610 5130; x_wconf 90' lang='lat' dir='ltr'><strong><em>supplicatur</em></strong></span> <span class='ocrx_word' id='word_1_423' title='bbox 1632 5044 1736 5110; x_wconf 89' lang='lat' dir='ltr'><strong><em>eidem</em></strong></span> 
     </span>
     <span class='ocr_line' id='line_1_43' title="bbox 241 5145 1736 5235; baseline -0.001 -22"><span class='ocrx_word' id='word_1_424' title='bbox 241 5145 275 5212; x_wconf 70' lang='lat'><strong><em>8²¹</em></strong></span> <span class='ocrx_word' id='word_1_425' title='bbox 298 5151 362 5232; x_wconf 54' lang='lat' dir='ltr'><strong><em>Vn,</em></strong></span> <span class='ocrx_word' id='word_1_426' title='bbox 397 5156 554 5231; x_wconf 90' lang='lat' dir='ltr'><strong><em>quatenus</em></strong></span> <span class='ocrx_word' id='word_1_427' title='bbox 585 5153 759 5235; x_wconf 89' lang='lat' dir='ltr'><strong><em>dignemini</em></strong></span> <span class='ocrx_word' id='word_1_428' title='bbox 783 5153 957 5217; x_wconf 87' lang='lat' dir='ltr'><strong><em>concedere</em></strong></span> <span class='ocrx_word' id='word_1_429' title='bbox 993 5153 1145 5234; x_wconf 81' lang='lat' dir='ltr'><strong><em>graciose,</em></strong></span> <span class='ocrx_word' id='word_1_430' title='bbox 1179 5157 1215 5216; x_wconf 92' lang='lat' dir='ltr'><strong><em>ut</em></strong></span> <span class='ocrx_word' id='word_1_431' title='bbox 1238 5169 1277 5217; x_wconf 91' lang='lat' dir='ltr'><strong><em>eo</em></strong></span> <span class='ocrx_word' id='word_1_432' title='bbox 1301 5170 1386 5227; x_wconf 84' lang='lat' dir='ltr'><strong><em>casu,</em></strong></span> <span class='ocrx_word' id='word_1_433' title='bbox 1421 5168 1482 5231; x_wconf 87' lang='lat' dir='ltr'><strong><em>quo</em></strong></span> <span class='ocrx_word' id='word_1_434' title='bbox 1506 5148 1604 5214; x_wconf 83' lang='lat' dir='ltr'><strong><em>fuerit</em></strong></span> <span class='ocrx_word' id='word_1_435' title='bbox 1626 5166 1736 5230; x_wconf 90' lang='lat' dir='ltr'><strong><em>proce·</em></strong></span> 
     </span>
     <span class='ocr_line' id='line_1_44' title="bbox 243 5251 1735 5339; baseline -0.001 -23"><span class='ocrx_word' id='word_1_436' title='bbox 243 5251 369 5321; x_wconf 86' lang='lat' dir='ltr'><strong><em>dandum</em></strong></span> <span class='ocrx_word' id='word_1_437' title='bbox 401 5254 434 5318; x_wconf 94' lang='lat' dir='ltr'><strong><em>in</em></strong></span> <span class='ocrx_word' id='word_1_438' title='bbox 457 5256 562 5320; x_wconf 88' lang='lat' dir='ltr'><strong><em>causis</em></strong></span> <span class='ocrx_word' id='word_1_439' title='bbox 585 5257 778 5339; x_wconf 88' lang='lat' dir='ltr'><strong><em>supradictis</em></strong></span> <span class='ocrx_word' id='word_1_440' title='bbox 800 5256 834 5320; x_wconf 89' lang='lat' dir='ltr'><strong><em>in</em></strong></span> <span class='ocrx_word' id='word_1_441' title='bbox 856 5255 1035 5339; x_wconf 86' lang='lat' dir='ltr'><strong><em>principali,</em></strong></span> <span class='ocrx_word' id='word_1_442' title='bbox 1070 5257 1154 5336; x_wconf 89' lang='lat' dir='ltr'><strong><em>quod</em></strong></span> <span class='ocrx_word' id='word_1_443' title='bbox 1177 5255 1369 5339; x_wconf 89' lang='lat' dir='ltr'><strong><em>procedatur</em></strong></span> <span class='ocrx_word' id='word_1_444' title='bbox 1392 5254 1461 5317; x_wconf 90' lang='lat' dir='ltr'><strong><em>sine</em></strong></span> <span class='ocrx_word' id='word_1_445' title='bbox 1484 5271 1533 5336; x_wconf 93' lang='lat' dir='ltr'><strong><em>eo,</em></strong></span> <span class='ocrx_word' id='word_1_446' title='bbox 1567 5252 1650 5333; x_wconf 88' lang='lat' dir='ltr'><strong><em>quod</em></strong></span> <span class='ocrx_word' id='word_1_447' title='bbox 1673 5251 1735 5314; x_wconf 92' lang='lat' dir='ltr'><strong><em>eis·</em></strong></span> 
     </span>
    </p>
   </div>
   <div class='ocr_carea' id='block_1_6' title="bbox 0 0 1984 6052">
    <p class='ocr_par' dir='ltr' id='par_1_8' title="bbox 0 0 1984 6052">
     <span class='ocr_line' id='line_1_45' title="bbox 0 0 1984 6052; baseline 0 0"><span class='ocrx_word' id='word_1_448' title='bbox 0 0 1984 6052; x_wconf 95' lang='lat' dir='ltr'><strong><em> </em></strong></span> 
     </span>
    </p>
   </div>
  </div>
 </body>
</html>
