3944 6060
233 451 298 515 232
837 448 908 500 Acts
926 443 1079 500 Innocentii
1096 444 1141 499 VI.

228 657 457 740 possessionem
473 654 609 720 nondum
624 659 671 720 est
685 653 829 738 adeptus,
848 653 1051 720 mandauerit
1068 652 1259 737 procideri.“
1278 690 1321 700 —
1339 651 1442 735 „Fiat
1457 650 1497 718 G.
1518 653 1563 718 st
1584 653 1653 719 sine
1673 652 1738 720 atio

330 757 331 760 ’
485 757 625 824 leccione.
649 759 724 824 liat
748 759 786 826 G.
811 762 851 826 D.
875 756 1032 823 Aninione
1061 757 1171 823 Vlcal.
1196 758 1280 824 Maii
1302 779 1332 823 a.
1355 757 1490 840 quinta·

1207 894 1368 976 Acinione,
1394 894 1477 960 1357
1500 894 1625 977 Aprilis
1645 896 1697 960 27.

365 1085 397 1137 a.
418 1084 513 1154 snppl.
533 1091 565 1138 ετ
585 1085 632 1138 aa
651 1081 701 1139 93⁴.
741 1046 745 1052 ’

891 1263 1089 1273 ..ι-..-

232 1415 325 1481 576.
348 1413 492 1480 dobanni
514 1415 637 1493 Zufrao
659 1413 782 1478 notario
806 1412 915 1479 Caroli
938 1416 1150 1478 Rornanorum
1165 1413 1366 1496 inperatoris
1383 1413 1570 1496 providetur
1593 1413 1631 1476 de
1650 1434 1740 1478 cano·

234 1517 344 1582 nicatu
365 1517 512 1582 ecclesiae
533 1516 777 1602 Bamberpensis
806 1518 864 1583 snb
885 1519 1101 1601 expectatione
1119 1517 1320 1600 praebendae
1350 1536 1411 1581 non
1433 1516 1630 1583 obstantibus
1651 1518 1743 1583 utin

232 1620 465 1704 supplicatione
478 1619 535 1686 snb
550 1643 599 1686 nr.
616 1621 690 1688 575.
709 1617 892 1687 Custodiam
906 1622 1123 1701 Epstetensem
1134 1623 1161 1704 ⁸)
1176 1624 1299 1686 tenetur
1314 1621 1479 1696 dimittere,
1507 1621 1742 1705 quamprimum

227 1723 445 1807 parochialem
474 1723 636 1791 ecclesiam
665 1747 689 1790 s.
714 1727 843 1791 Mariae
865 1723 1129 1809 Bamberpenscm
1153 1726 1258 1806 fuerit
1281 1729 1451 1790 assecutus.
1496 1718 1745 1807 „macenias

111 1854 113 1858 ¹
231 1827 403 1892 virtutnm“
433 1827 608 1908 „Aninione
638 1828 745 1894 Vlcal.
769 1829 855 1895 Maii
876 1851 906 1893 a.
930 1829 1068 1912 quinto.“
1086 1831 1182 1894 —In
1203 1851 1227 1893 e.
1251 1850 1292 1896 m.
1317 1829 1460 1913 episcopo
1483 1826 1743 1894 Lutleomuslensi

232 1936 310 1997 ets.
334 1931 475 2013 Apricoli
498 1931 717 1997 Avinionensis
748 1953 785 1996 ac
807 1932 1076 1998 Nooimonasterii
1105 1931 1339 2016 Herbipolensis
1366 1933 1571 1998 ecclesiaram
1604 1931 1746 1998 decuma

304 2074 382 2192 ff·
1207 2070 1369 2150 Aoinione,
1393 2072 1480 2136 1357
1501 2069 1628 2154 Aprilis
1650 2073 1703 2136 27.

361 2260 393 2314 Β.
413 2263 464 2315 Aa.
487 2266 535 2315 135
554 2260 601 2315 fol.
621 2266 661 2314 58.
685 2290 710 2299 -
739 2267 765 2324 ⁸)
784 2259 957 2329 ,eystettensi
976 2260 1026 2311 Av.

233 2609 290 2674 57
294 2610 326 2674 7.
350 2607 512 2673 Jobannes
535 2606 573 2670 de
596 2606 765 2689 btriponio,
788 2606 971 2689 capellanus
994 2612 1023 2670 et
1039 2606 1225 2692 familiaris
1255 2606 1442 2671 domesticus
1464 2605 1684 2671 concinensalis
1706 2627 1750 2672 ac

233 2714 368 2777 nuncius
398 2710 550 2775 Lndovici
585 2711 782 2792 Unpariae⁸)
813 2712 897 2791 repis
926 2709 970 2774 ad
991 2711 1113 2775 curiam
1146 2712 1323 2774 Romanmc
1353 2708 1529 2773 destinatus
1572 2708 1747 2793 supplicat,

233 2820 388 2898 qnatenus
411 2813 513 2878 amico
534 2834 590 2879 suo
607 2814 770 2896 „Joncnnt
792 2814 830 2878 de
844 2812 1052 2879 Landslcrone
1074 2814 1186 2880 clerico
1202 2812 1472 2878 Lutlromuslensis
1494 2813 1574 2880 dioc.
1597 2812 1638 2877 de
1658 2813 1749 2880 bene·

231 2919 309 3004 flcio
331 2918 539 2983 ecclesiastico
562 2939 632 2983 cum
655 2918 801 2983 curaret
824 2919 892 2983 sine
914 2937 1002 3001 cnra,
1026 2922 1188 3001 spectante
1210 2917 1253 2982 ad
1269 2916 1467 2981 collacionem
1489 2922 1546 2983 etc.
1570 2916 1697 2982 abbatis
1718 2923 1750 2983 et

238 3027 404 3088 cononatus
426 3023 610 3087 monasterii
632 3022 857 3086 l'lrotwicensis
880 3021 1000 3087 ordinis
1022 3041 1048 3085 s.
1072 3021 1237 3086 Benedicti
1259 3018 1466 3084 Patouiensis
1489 3020 1578 3103 atae,
1612 3038 1753 3085 commu·

241 3128 325 3190 niter
339 3125 387 3190 cel
402 3124 539 3208 divisim,
554 3130 688 3190 vacante
701 3126 748 3190 vel
771 3145 839 3189 cnm
862 3125 1049 3199 vacaverit,⁸
1066 3125 1282 3207 provideatur.
1310 3162 1346 3171 -
1372 3122 1473 3203 „Fiat
1498 3123 1536 3189 G.
1555 3173 1564 3188 .
1583 3173 1591 3187 .
1611 3173 1619 3188 .
1640 3175 1646 3188 .
1671 3123 1749 3188 Sine

414 3228 481 3293 alia
503 3228 644 3292 leccione.
668 3230 745 3292 otae
770 3229 827 3295 G.“
859 3231 920 3309 „D.
944 3230 1102 3293 Aninione
1132 3229 1241 3293 Vlcal.
1266 3228 1350 3293 Maii
1372 3251 1403 3292 a.
1428 3228 1566 3311 quinto.“

1212 3367 1375 3443 Asinione,
1399 3366 1483 3430 1357
1506 3367 1632 3448 Aprilis
1653 3369 1706 3432 27.

365 3555 396 3607 R.
417 3554 513 3624 Suppl.
532 3561 565 3609 27
584 3555 630 3608 fol.
651 3562 692 3608 99.
711 3587 743 3593 --
769 3566 793 3621 ἃ)
815 3555 1066 3626 ,V11garie‘SuppL

233 3888 330 3954 578.
364 3886 613 3967 Budissinensis,
648 3887 822 3951 Misnensis
855 3893 884 3950 et
920 3887 1056 3951 Cicensis
1071 3889 1101 3967 ²)
1130 3886 1333 3952 ecclesiarum
1351 3886 1531 3969 praepositi
1552 3906 1590 3950 ac
1611 3886 1754 3952 decanus

239 3991 386 4056 ecclesiae
407 4011 433 4054 s.
458 3990 588 4056 Mariae
610 3991 819 4069 Erfordensis
841 3990 1108 4071 Nnembnrpensis
1131 3995 1160 4054 et
1185 3991 1394 4072 Mapuntinoe
1417 3989 1493 4056 dioc.
1518 3994 1754 4056 conservatores

240 4095 398 4159 briderici
427 4095 565 4177 episcopi
595 4094 860 4174 Merscburpensis
889 4095 1109 4159 instituuntur.
1156 4093 1228 4178 „Aa
1262 4093 1317 4159 boe
1349 4115 1406 4159 nos
1440 4096 1534 4159 deus‘
1574 4093 1759 4173 „Aninione

753 4199 828 4262 IIII
844 4199 909 4264 lcal.
934 4200 1018 4264 Maii
1041 4220 1071 4266 a.
1095 4198 1233 4282 quinto.“

296 4356 347 4474 ἐ
359 4462 364 4473 .
1212 4355 1374 4431 Aoinione,
1400 4355 1484 4418 1357
1506 4352 1632 4435 Aprilis
1654 4357 1706 4419 28.

316 4286 344 4335 X

368 4543 399 4595 R.
418 4544 468 4596 Av.
490 4550 538 4596 135
557 4543 604 4597 sol.
623 4550 681 4597 289.
701 4574 733 4583 -
758 4552 782 4609 a)
801 4543 938 4610 ,Citenois‘
956 4545 1014 4607 Aa„
1034 4544 1109 4596 Zeitz
1128 4543 1154 4594 in
1174 4543 1287 4596 l’russia
1306 4543 1382 4596 distr.
1401 4542 1568 4610 Merseburg.

238 4925 331 4992 579.
358 4924 540 4988 lleinbardo
563 4925 601 4989 de
624 4925 781 5005 Hanau·)
805 4925 971 5008 capellano
988 4946 1099 5007 papae
1120 4927 1327 5001 conferuntur
1345 4925 1573 5007 praepositura
1595 4929 1624 4988 et
1640 4924 1747 4990 crebi-

239 5028 429 5094 diaconatus
451 5027 600 5093 ecclesiae
620 5025 833 5109 Xancensr‘sb)
859 5029 1051 5094 Coloniensis
1074 5029 1160 5105 dioc,
1191 5049 1252 5091 non
1275 5027 1479 5106 obstantibus,
1514 5028 1595 5112 quod
1616 5027 1651 5091 in
1675 5030 1746 5094 Ma·

239 5132 378 5216 puntina
400 5152 470 5197 cum
493 5132 646 5212 custodia,
681 5153 761 5216 quae
782 5133 925 5213 dipnitas
946 5133 1065 5210 cristit,
1095 5136 1125 5196 et
1147 5133 1181 5196 in
1204 5130 1433 5213 Bamberpensi
1455 5136 1484 5195 et
1508 5131 1689 5197 Brunnensi
1711 5151 1756 5197 ac

242 5235 416 5315 Sasonis)
451 5236 624 5318 Propensis
653 5240 683 5300 et
715 5236 931 5302 Olomucensis
960 5237 1037 5301 dioc.
1069 5236 1216 5317 ecclesiis,
1251 5237 1454 5300 canonicatus
1487 5240 1516 5298 et
1544 5234 1750 5317 praebendas

249 5342 391 5405 noscitur
412 5339 557 5405 obtinere.
604 5339 785 5425 „Nobilitas
803 5342 946 5421 poneris“
986 5340 1101 5423 „Apud
1124 5342 1252 5404 Pontem
1283 5338 1392 5419 Serpie
1420 5336 1646 5403 Aninionensie
1668 5338 1748 5406 dioc.
