3944 6060
155 414 158 419 ⁴
232 456 273 521 76
835 456 906 510 Acta
924 454 1081 511 Innocentii
1100 457 1152 512 Vl.

232 663 323 731 179.
346 663 503 726 Henricus
529 663 667 728 Tdodiae
688 663 727 728 de
750 662 879 745 Beelryn
899 665 1070 748 supplicat,
1105 669 1260 746 quatenus
1278 667 1341 731 sibi
1361 669 1391 730 et
1412 667 1506 732 necet
1526 686 1605 732 suae
1636 667 1739 732 diuer-

763 787 819 834 sae
838 769 967 849 gratiae
989 769 1208 835 comedantur.

1169 903 1331 990 roenna,
1354 907 1442 972 rese
1462 907 1620 975 ranam
1640 908 1693 973 ro.

360 1095 526 1179 supplicat
559 1095 671 1164 811111θ
694 1097 822 1162 humilis
849 1101 884 1161 et
910 1097 1044 1162 devotus
1079 1097 1216 1163 servitor
1242 1103 1349 1163 vester
1371 1097 1530 1163 Henricos
1552 1097 1674 1163 Fh0bie
1696 1097 1738 1162 de

229 1201 379 1284 Becheyn
395 1202 522 1269 baronis
538 1203 627 1286 regni
642 1202 816 1268 Boehemie
828 1201 866 1283 ¹),
890 1201 1141 1286 ambasiatoriis]
1166 1202 1252 1283 regis
1271 1203 1491 1285 Romanorum,
1507 1202 1655 1284 quatinus
1670 1201 1732 1268 sibi

231 1306 402 1389 specialem
425 1307 563 1389 graciam
586 1307 751 1384 faciuntea,
768 1307 828 1372 sibi
843 1312 878 1371 et
893 1306 1070 1388 Winczeze‚
1093 1306 1182 1370 uxori
1205 1325 1271 1389 sue,
1294 1313 1329 1370 et
1351 1307 1423 1371 aliis
1439 1312 1574 1388 quatuor
1589 1304 1737 1389 personis

230 1408 262 1472 in
286 1411 476 1475 cancellaria
499 1417 607 1476 vestra
629 1411 853 1493 exprimendis,
878 1411 960 1492 quod
984 1410 1156 1493 confessor,
1179 1429 1271 1492 quem
1295 1411 1462 1494 elegerint,
1485 1411 1589 1494 possit
1621 1411 1669 1476 eis
1703 1410 1735 1474 in

231 1514 341 1579 mortis
365 1514 499 1580 articulo
526 1515 700 1598 plenariam
724 1514 941 1581 remissionem
964 1533 1093 1580 suorum
1117 1523 1317 1598 peccatorum
1352 1516 1536 1594 concedere,
1570 1514 1738 1597 indulgere

231 1616 412 1701 dignemini,
435 1626 471 1683 ut
493 1620 526 1683 in
554 1618 662 1685 torma.

360 1723 432 1787 Fiat
455 1724 492 1789 G.

360 1844 440 1909 Item
464 1845 632 1931 supplicat,
655 1845 805 1933 quatinus
828 1845 901 1917 sibi,
924 1844 1009 1926 quod
1032 1864 1101 1909 cum
1132 1845 1297 1911 duodecim
1328 1845 1474 1928 personis
1497 1844 1600 1927 possit
1630 1844 1737 1926 sepul-

231 1970 318 2015 crum
356 1949 545 2014 dominicum
584 1955 617 2013 et
653 1949 716 2013 alia
752 1950 822 2014 loca
858 1948 1066 2014 ultramarina
1099 1949 1241 2031 visitare,
1280 1949 1451 2031 dignemini
1489 1948 1739 2014 misericorditer

230 2054 405 2137 indulgere.

359 2158 432 2224 Fiat
455 2158 492 2223 G.

359 2279 439 2344 Item
463 2265 631 2363 su‘pplicat,
665 2279 814 2360 quatinus
848 2278 909 2343 sibi
944 2278 1116 2360 dignemini
1145 2278 1281 2362 benigne
1305 2279 1488 2362 concedere,
1523 2278 1606 2360 quod
1630 2277 1734 2361 possit

229 2384 351 2466 eligere
375 2383 587 2449 confessorem
611 2384 711 2448 eciam
734 2382 926 2465 religiosum,
950 2383 1002 2464 qui
1026 2402 1098 2447 eum
1122 2384 1312 2449 auctoritate
1335 2383 1510 2465 apostolica
1532 2384 1571 2447 ab
1587 2383 1733 2449 omnibus

231 2488 370 2571 peccatis
394 2488 460 2552 suis
483 2488 649 2553 absolvere
675 2487 779 2551 valeat
810 2505 910 2568 usque
938 2488 978 2552 ad
1001 2493 1127 2570 tempus
1152 2488 1215 2552 vite
1239 2506 1306 2572 sue,
1341 2488 1492 2570 quociens
1514 2487 1611 2551 tuerit
1645 2506 1736 2571 opor·
1773 2487 1776 2494 '

232 2599 352 2672 tunum,
377 2592 469 2657 utin
491 2592 600 2656 torma.

359 2715 431 2779 Fiat
458 2712 736 2795 informemque
760 2713 800 2778 ad
823 2713 1018 2780 decennium.
1043 2714 1080 2779 G.
1103 2715 1147 2779 nt
1170 2714 1254 2795 quod
1276 2719 1419 2778 transeat
1450 2713 1519 2777 sine
1550 2713 1615 2777 alia
1639 2713 1733 2777 lecci-

231 2838 300 2884 oue.
326 2818 398 2883 Fiat
420 2819 457 2883 G.
483 2819 519 2881 D.
543 2818 700 2884 Aninione
724 2818 814 2882 XVlI
837 2818 900 2882 kal.
926 2818 1089 2884 Februarii
1104 2839 1141 2882 a.
1163 2818 1311 2883 secundo.

359 3006 391 3060 n.
410 3005 505 3076 Suppl.
525 3013 557 3060 *td
577 3007 623 3061 tol.
642 3012 676 3064 θ’.
697 3037 728 3044 -
756 3009 782 3073 ⁸)
802 3006 926 3076 corrige:
945 3007 1101 3074 ‚Bohemie‘.

233 3321 321 3387 180.
347 3321 483 3386 Henrico
510 3320 648 3385 Tlrobiae
670 3320 708 3385 de
730 3321 869 3404 Beclryn,
882 3325 908 3403 ⁸)
930 3322 1029 3388 militi
1051 3324 1223 3405 Progensis
1247 3323 1327 3389 dioc.
1357 3323 1496 3402 licentia,
1509 3322 1643 3406 eligendi
1666 3344 1737 3409 can·

268 3428 425 3503 sessorem
446 3426 633 3491 conceditur.
659 3426 836 3506 „Benigno‘
875 3426 1049 3510 ,Auinione
1073 3426 1172 3490 XVII
1189 3428 1256 3512 lcal,
1278 3428 1445 3492 Februarii
1467 3450 1501 3493 a.
1525 3428 1691 3494 secundo“.

311 3583 380 3635 .X.
1167 3566 1329 3648 Aniniane,
1355 3568 1438 3631 1354
1460 3568 1619 3635 Jarruarii
1641 3569 1692 3632 16.

362 3754 393 3809 R.
412 3759 462 3808 At.
483 3760 531 3808 ill
551 3754 597 3808 l'ol.
616 3761 684 3823 499,
703 3755 734 3808 R.
755 3755 815 3809 vat.
834 3762 884 3812 227
904 3755 951 3810 sol.
971 3762 1029 3810 334.
1050 3788 1083 3794 —
1106 3760 1132 3825 Β)
1152 3757 1295 3826 ,Becheyu‘
1313 3757 1364 3809 Av.
1383 3838 1386 3843 1

236 4142 326 4207 181.
353 4137 538 4205 cornardus
567 4137 655 4217 titius
686 4139 818 4206 Henricr'
847 4140 967 4206 comitis
995 4140 1034 4205 de
1055 4139 1332 4222 Seruaeus),
1364 4139 1497 4205 clericus
1527 4141 1741 4222 Magantinae

234 4244 322 4326 dioc,
340 4263 402 4325 pro
425 4262 484 4324 quo
505 4244 602 4308 etiarn
627 4243 732 4309 Caroli
750 4246 961 4309 Romanorum
973 4249 1001 4308 et
1016 4243 1185 4309 Bodemiae
1200 4243 1284 4327 repis
1298 4244 1414 4309 litteris
1423 4245 1496 4320 suit
1510 4244 1739 4332 supplicatum,

235 4346 404 4431 supplicat,
427 4351 580 4428 quotenus
602 4347 664 4412 siti
682 4349 888 4414 canonicatus
910 4350 1056 4415 ecclesiae
1087 4347 1318 4432 Herbqrolensis
1341 4346 1538 4431 concedatur,
1551 4349 1738 4432 praebenda

234 4470 306 4515 cero
329 4473 399 4517 curn
422 4451 586 4532 dignitate,
624 4457 799 4536 personatu
821 4452 868 4518 nel
890 4452 994 4534 officio
1016 4457 1198 4532 reservetur,
1232 4453 1465 4527 nonobstante,
1501 4455 1582 4534 quod
1604 4454 1736 4519 canoni-

235 4562 340 4622 cuturn
370 4559 404 4622 in
433 4556 565 4622 ecclesio
597 4558 848 4639 Nuembarqensi
876 4557 992 4638 absque
1017 4558 1202 4641 praebenda
1230 4558 1355 4623 obtinet.
1403 4559 1496 4638 ,Fiat
1520 4556 1557 4622 G.
1590 4559 1635 4622 Et
1654 4559 1740 4642 quod

236 4664 378 4726 transeat
412 4663 480 4725 sine
510 4663 579 4728 alia
600 4661 741 4727 terciane.
776 4664 852 4727 Fiat
877 4663 916 4728 G.
940 4664 982 4725 D.
996 4661 1022 4743 i)
1056 4660 1213 4726 Aninione
1237 4663 1335 4726 XVII
1355 4660 1418 4725 kal.
1443 4661 1610 4727 Februarii
1632 4684 1664 4726 a.
1688 4683 1736 4727 se·

922 4766 1051 4831 cundo.“

1170 4905 1334 4983 Aninione,
1356 4905 1441 4968 1354
1463 4905 1621 4970 Januarii
1643 4907 1694 4970 16.

366 5093 397 5148 n.
416 5093 511 5162 Suppl.
531 5094 689 5147 anselm.
714 5099 738 5157 ⁸)
756 5092 991 5161 ,Schwarczburg‘,
1018 5093 1113 5161 Suppl.
1136 5094 1162 5158 b)
1183 5095 1280 5147 Datum
1304 5094 1462 5163 suppletum
1484 5109 1518 5147 ex
1537 5093 1739 5163 supplicatione

236 5179 424 5248 praecedente.
