3944 6060
231 441 296 513 374
828 442 899 496 Actu
915 436 1069 495 Innocentii
1087 437 1134 494 v1.

232 653 322 721 941.
349 649 493 734 Officioli
519 649 673 733 Propensi
701 649 886 733 mandatur,
920 654 1074 731 quatenus
1103 647 1247 715 Jobonni
1267 645 1390 712 Elblini
1417 647 1564 713 canonico
1586 645 1742 713 ecelesiae

230 755 468 838 Melniceusis·)
484 753 662 831 beneficium
674 753 917 820 ecclesiasticum
927 753 995 818 sine
1007 773 1092 835 σανα,
1105 753 1196 817 cuius
1205 750 1338 837 fructus
1351 753 1395 817 18
1412 771 1596 817 marcorum
1611 750 1744 834 arpenti

231 860 401 925 secundum
413 860 607 924 taxationem
628 857 767 924 decimae
776 856 913 922 calorem
936 877 1076 922 aunuum
1099 876 1159 921 nou
1175 856 1339 931 excedant,
1362 855 1406 921 od
1412 857 1601 940 praepositi,
1624 854 1745 921 decani

233 968 263 1029 et
285 963 422 1047 capituli
442 962 588 1028 ecclesiae
618 963 871 1045 Visseprodonsis
889 980 990 1042 prope
1014 962 1155 1046 Prapam
1178 960 1373 1026 collationem
1389 961 1564 1045 pertinens,
1587 963 1621 1025 si
1642 964 1744 1026 oacat

231 1067 279 1133 vel
301 1088 370 1133 cum
403 1067 572 1147 vocaverit,
596 1071 739 1146 reservet,
776 1083 837 1130 non
870 1065 1065 1130 obstantibus
1099 1070 1134 1129 ut
1166 1067 1201 1130 in
1231 1065 1461 1149 supplicatione
1493 1064 1550 1131 sub
1578 1086 1629 1130 nr.
1661 1062 1741 1129 938.

425 1172 585 1254 „Dipnum
607 1169 823 1235 arbitramur“
853 1169 1029 1253 ,Auinione
1051 1170 1117 1232 XV
1134 1167 1197 1236 bol.
1221 1169 1317 1236 Junii
1340 1191 1369 1236 α.
1393 1170 1533 1255 septimo.

298 1294 350 1417 ,Ξ
361 1400 368 1414 ·
1237 1309 1400 1390 Acinione,
1423 1309 1509 1373 1359
1532 1309 1618 1373 Maii
1642 1310 1695 1374 18.

363 1499 396 1553 R.
414 1501 463 1554 Av.
485 1505 532 1554 141
553 1498 601 1555 fol.
619 1504 678 1553 39³.
703 1527 727 1539 -
752 1496 1060 1565 cataniensium.

236 1887 326 1956 942.
354 1883 499 1969 Officiali
520 1886 676 1966 Propensi
698 1882 881 1963 mandatur,
912 1888 1066 1969 quotenus
1091 1884 1278 1950 Theoderico
1300 1882 1459 1950 Jobannis
1486 1884 1524 1949 de
1549 1884 1740 1966 Glauciam

237 1991 385 2057 canonico
406 1988 554 2055 ecclesiae
583 1987 724 2073 capellae
753 1993 953 2072 nuncupatae
982 2009 1006 2054 s.
1032 1988 1141 2070 Epidii
1170 1987 1437 2066 Vratislooicusis,
1456 1993 1662 2072 personatum
1694 1989 1745 2055 ael

237 2095 377 2180 officium
393 2114 463 2159 cum
484 2093 531 2158 vel
553 2095 620 2159 sine
642 2113 729 2175 σανα,
761 2092 804 2156 od
833 2091 1028 2158 colunum
1056 2093 1190 2175 episcopi
1229 2091 1483 2158 Vratislooiensis
1499 2094 1677 2175 pertinens,
1713 2095 1744 2159 si

237 2204 330 2265 uacat
352 2199 400 2263 oei
421 2218 490 2263 oum
512 2198 681 2275 oacaoerit,
704 2199 846 2278 reservet,
870 2197 1140 2262 nonobstantibus
1161 2201 1196 2260 ut
1218 2198 1252 2260 in
1272 2196 1502 2280 supplicatione
1523 2196 1580 2262 sub
1602 2219 1653 2262 nr.
1665 2198 1743 2279 938,

237 2302 293 2369 sub
322 2301 504 2387 conditione,
537 2301 618 2384 quod
639 2298 858 2385 parochialem
884 2300 1045 2366 ecclesiam
1075 2303 1109 2366 in
1142 2300 1268 2368 Colonia
1300 2302 1390 2366 Nooo
1421 2301 1579 2367 dimittere
1607 2306 1744 2368 leuetur.

431 2407 589 2486 ,Dipnum
612 2404 825 2469 arbitramur“
855 2405 1030 2485 ,Auinione
1052 2407 1118 2471 XV
1134 2405 1196 2471 bal.
1221 2406 1313 2473 -Iunii
1333 2427 1364 2471 α.
1387 2408 1546 2489 septimo.⁸

304 2494 371 2616 ..ᾗ
1244 2543 1407 2626 Acinione,
1432 2545 1515 2611 1359
1538 2546 1622 2611 Maii
1647 2548 1699 2613 18.

368 2734 401 2790 R.
421 2737 469 2790 ov.
490 2741 536 2789 141
559 2733 606 2788 iol.
626 2738 695 2790 298⁴.
719 2764 744 2774 —
763 2738 787 2794 ⁸)
805 2733 955 2803 ,Glutouiu‘
974 2735 1023 2788 Av.

890 2947 1094 2958 ——n-

243 3119 332 3189 943.
360 3118 507 3207 Officioli
529 3120 685 3204 Propensi
707 3119 889 3199 mandatur,
913 3126 1067 3204 quatenus
1092 3117 1237 3185 Andreae
1260 3119 1389 3185 Henrici
1411 3120 1524 3186 rectori
1547 3117 1667 3186 altaris
1689 3119 1748 3188 siti

241 3226 277 3290 in
297 3224 427 3292 ecclesia
444 3224 629 3308 parocbiali
658 3224 685 3289 b.
710 3224 839 3290 Mariae
866 3225 900 3289 in
930 3225 1069 3308 Laeta·)
1093 3226 1183 3290 curia
1206 3225 1364 3306 Propensi
1394 3223 1574 3306 beneficium
1596 3224 1746 3291 ecclesio-

241 3332 358 3394 stieum
380 3348 450 3394 cum
471 3328 519 3393 aet
540 3328 608 3393 sine
631 3350 719 3408 σανα,
753 3327 842 3393 cuius
858 3332 991 3409 fructus
1011 3329 1055 3392 25
1077 3349 1158 3412 resp.
1184 3329 1225 3391 18
1246 3350 1429 3395 marcorum
1459 3331 1583 3412 arpenti
1604 3329 1749 3396 colorem

243 3456 384 3500 annuum
404 3454 466 3499 uon
488 3432 648 3512 excedant,
671 3433 715 3497 ad
730 3434 918 3517 praepositi,
942 3432 1054 3498 decom
1084 3437 1114 3498 et
1135 3433 1272 3517 capituli
1293 3433 1439 3500 ecelesiae
1453 3435 1627 3516 Propensis
1648 3435 1747 3502 alle-

243 3538 358 3604 tionem
381 3539 555 3622 pertinens,
593 3538 623 3600 si
651 3540 745 3603 oacot
773 3538 821 3603 ael
850 3556 920 3602 cum
949 3537 1119 3615 vacaverit,
1153 3542 1297 3616 reservet,
1332 3558 1394 3602 non
1426 3538 1622 3604 obstantibus
1651 3546 1689 3604 ut
1712 3543 1761 3638 irsx

137 3712 140 3717 ,
243 3644 471 3727 supplicatione
498 3641 557 3707 sub
585 3662 636 3705 nr.
665 3642 741 3709 938.
765 3642 927 3728 ,Dipnum
954 3641 1169 3708 arbitramur*
1207 3640 1380 3726 ,Aninione
1411 3643 1477 3706 XV
1499 3642 1563 3711 tal.
1594 3644 1692 3710 Junii
1714 3667 1747 3712 a.

925 3747 1086 3830 septimo.“

311 3834 380 3956 ἑ.
1250 3884 1413 3965 Avinione,
1435 3887 1521 3952 1359
1543 3887 1630 3953 Maii
1650 3890 1705 3954 18.

376 4073 409 4127 R.
428 4075 477 4128 Ac.
498 4079 545 4129 141
565 4072 612 4129 iol.
631 4080 699 4128 ³93⁴.
719 4050 752 4114 —'
771 4079 796 4138 ⁸)
815 4041 900 4138 ,laetu
918 4076 968 4128 Αν.

894 4285 1098 4295 —-—--——

248 4455 339 4524 944.
361 4455 479 4523 Jacobo
508 4455 680 4537 Vipandi·)
704 4455 741 4520 de
763 4456 856 4521 Nova
880 4455 1015 4522 Ciuitate
1029 4462 1206 4524 reservatur
1221 4459 1404 4542 beneficium
1419 4461 1664 4528 moimiostr'cum
1679 4486 1753 4530 cum

246 4559 295 4625 oet
316 4560 384 4625 sine
406 4579 492 4641 σανα,
515 4561 605 4626 ouius
618 4563 752 4641 fructus
774 4561 816 4625 25
838 4580 919 4645 resp.
943 4564 985 4627 18
1007 4582 1191 4628 morcarum
1214 4565 1337 4648 arpenti
1358 4566 1528 4632 secundum
1550 4569 1751 4634 taxationem

249 4663 389 4729 decimae
410 4663 547 4729 calorem
570 4685 711 4730 annuum
732 4684 793 4731 non
815 4665 977 4745 accedent,
1001 4666 1045 4730 od
1055 4667 1195 4752 episcopi
1219 4666 1431 4735 Olomuoensis
1442 4670 1637 4737 milationem
1647 4675 1751 4755 perti·

249 4787 335 4847 neus,
358 4769 495 4834 siracot
509 4768 555 4833 vel
567 4770 819 4834 eumoocaoerit.
846 4769 1043 4847 ,Laudabile
1054 4772 1286 4838 testimoninm“
1315 4774 1491 4856 ,Auinione
1502 4773 1533 4836 X
1542 4775 1638 4842 Vlcol.
1654 4778 1754 4845 Junii

250 4893 280 4937 a.
294 4874 453 4956 septimo.“
472 4911 513 4922 -
537 4877 575 4938 ln
597 4896 621 4939 e.
645 4896 687 4939 m.
710 4875 852 4959 episcopo
875 4875 1129 4941 Lutbomuslensi
1144 4883 1173 4942 et
1188 4878 1400 4945 olomucensis
1422 4900 1495 4946 aes.
1509 4880 1651 4963 Apricoli
1672 4882 1755 4950 Aoi·

729 4978 888 5046 niouensis
911 4979 1113 5046 eeclesiarum
1135 4982 1273 5049 decanis.

316 5207 322 5219 ·
337 5066 419 5222 ff·
1248 5124 1412 5202 sansone,
1438 5125 1522 5189 osso
1543 5127 1633 5191 uass
1658 5127 1708 5194 18.

380 5306 413 5362 R.
429 5309 481 5361 Λα.
500 5313 547 5360 141
568 5307 615 5362 tol.
634 5312 693 5363 888.
715 5337 742 5347 -
765 5310 790 5376 ι)
809 5307 962 5381 ,wygsnds
981 5314 1030 5368 Av.
