3990 6052
726 425 794 473 1854
819 418 945 474 ianuarii
960 424 1004 472 20.
1021 430 1055 459 ’-
1071 417 1199 473 ianuarii
1215 423 1258 471 22.
1687 420 1744 484 *19

371 626 402 680 R.
421 626 483 682 Vat
502 631 554 683 236
573 627 620 682 iol.
642 633 682 695 14,
701 627 733 683 R.
751 628 813 682 ilat
832 632 883 682 244
902 626 924 680 Β
943 623 1076 697 (Ambae)
1095 642 1135 680 nr.
1154 629 1224 696 liuta.
1245 655 1276 665 -
1291 631 1317 697 ⁸)
1336 625 1498 696 suppletam
1516 626 1552 681 ab
1570 625 1684 683 editore.
1703 627 1745 697 ,D.

243 719 274 770 ut
291 718 384 784 supra‘
401 713 463 769 Vct.

890 860 1098 871 ———.

247 1023 336 1090 185.
362 1018 496 1087 carata
518 1023 733 1088 Rornanorum
762 1026 792 1087 ct
813 1021 984 1089 Bobemiac
1011 1042 1069 1087 rea
1101 1021 1273 1107 supplicat,
1309 1027 1463 1104 qmtcnnus
1494 1021 1651 1089 Guitetmo
1672 1027 1747 1089 nato

246 1125 423 1211 prnlronis
445 1125 577 1212 Leporis
600 1126 638 1193 da
659 1127 816 1213 ‹lipnitate
846 1126 895 1193 cel
920 1131 1095 1211 personatu
1125 1128 1160 1191 iu
1189 1127 1317 1193 ecclesia
1347 1128 1505 1210 Propensi
1530 1126 1746 1211 provideatur.

1183 1267 1345 1342 Aninione,
1366 1267 1453 1332 1354
1474 1267 1631 1334 Jonuarii
1651 1270 1703 1332 21.

375 1456 540 1540 Supplicat
584 1456 624 1523 gu
647 1457 704 1523 V¹⁰
738 1458 871 1523 devotus
902 1457 987 1522 filius
1023 1465 1128 1524 vester
1151 1458 1283 1524 Carolus
1306 1459 1516 1523 Romanorum
1551 1465 1584 1524 et
1617 1459 1747 1524 Boernic

246 1581 311 1645 rex,
334 1569 491 1643 quatenus
515 1562 576 1628 sibi
598 1563 631 1627 in
654 1581 790 1646 persona
813 1562 923 1627 dilecti
946 1564 1103 1646 capellani
1134 1564 1183 1629 sui
1207 1562 1360 1629 Willelnri
1384 1563 1450 1627 nati
1473 1563 1647 1647 Sbynconis
1672 1563 1748 1628 dicti

245 1667 387 1750 Leporis,
409 1667 553 1749 magistri
576 1684 701 1732 camare
725 1684 782 1732 sue
805 1666 931 1750 regalis,
965 1669 1110 1734 canonici
1132 1669 1312 1752 Pragensis,
1348 1668 1519 1751 specialem
1543 1667 1681 1749 graciam
1695 1667 1747 1745 ⁸fa·

246 1769 376 1853 cientes,
399 1771 439 1836 dc
462 1771 618 1853 dignitate
642 1771 692 1836 vol
707 1776 880 1854 personatu
903 1788 973 1836 cnm
997 1791 1072 1837 cura
1096 1773 1145 1838 vel
1169 1773 1238 1838 sine
1262 1792 1347 1857 cura,
1373 1771 1529 1856 [eciamsi]
1553 1770 1586 1835 in
1610 1771 1748 1835 ecclesia

245 1874 420 1940 cathedrali
436 1874 564 1958 existat,
576 1881 709 1941 vocante
727 1876 778 1941 vel
793 1881 945 1942 vacatura
959 1877 993 1942 in
1008 1878 1146 1943 ecclesia
1162 1878 1328 1961 Pragensi,
1345 1877 1448 1942 eidam
1464 1875 1626 1940 Willelnro
1638 1875 1748 1958 digne·

248 1978 325 2043 mini
347 1977 514 2062 providero
537 1998 608 2043 cum
631 1980 863 2062 acceptatione,
887 1982 1119 2058 reservatione,
1154 1983 1282 2048 decreto
1317 1986 1352 2046 et
1374 1981 1517 2046 clausula
1540 1979 1692 2045 anteferri
1716 1986 1751 2046 et

250 2083 323 2149 aliis
345 2083 496 2148 clausulis
526 2089 561 2149 et
590 2103 653 2150 non
683 2085 883 2150 obstantibus
915 2086 1079 2168 oportunis
1102 2092 1136 2151 et
1159 2087 1392 2169 executoribus,
1430 2103 1487 2150 seu
1510 2086 1594 2166 quod
1617 2085 1650 2148 in
1674 2084 1750 2149 Pra-

249 2187 348 2270 gensi,
371 2188 610 2271 Bambergensi,
635 2187 782 2253 Omnium
806 2188 993 2255 Sanctorum
1022 2190 1056 2254 in
1087 2196 1191 2256 castro
1223 2190 1379 2273 Prageusi
1402 2209 1439 2255 ac
1461 2189 1650 2255 Moluicensi
1676 2191 1748 2253 Pra·

248 2292 355 2375 gensis
378 2292 459 2358 dioc.
483 2292 628 2359 ecclesiis
652 2294 857 2360 canonicatus
880 2301 914 2359 et
936 2295 1114 2377 prebendas
1138 2295 1276 2361 obtinet.

376 2396 450 2462 liat
479 2397 513 2462 iu
543 2397 679 2463 ecclesia
710 2399 937 2480 Bambergensi
972 2398 1009 2465 G.
1045 2399 1088 2464 Et
1118 2400 1200 2480 quod
1233 2403 1377 2464 transeat
1410 2397 1479 2463 sine
1513 2397 1577 2461 alia
1599 2397 1749 2462 lectione.

249 2501 322 2567 Fiat
344 2502 381 2568 G.
404 2503 443 2568 D.
466 2501 624 2570 Aninione
654 2503 716 2568 XII
739 2504 803 2569 kal.
827 2504 992 2570 Februarii
1022 2523 1049 2569 a.
1081 2503 1220 2568 secundo
1223 2550 1646 2568 ...........
1655 2532 1689 2568 ·.
1725 2550 1732 2566 .

379 2708 410 2762 R.
429 2707 523 2778 Suppl.
541 2713 576 2762 25
595 2708 642 2764 iol.
664 2716 704 2764 14.

250 3014 339 3081 186.
362 3014 520 3099 Episcopo
551 3013 749 3081 Oiomuoensi
763 3015 946 3100 mandatur,
969 3020 1123 3097 quatem
1148 3015 1339 3096 duiletum)
1364 3013 1542 3096 Zbynlonis
1556 3012 1584 3096 Ι’)
1601 3012 1680 3079 dicti
1695 3015 1752 3080 Lc-

246 3120 337 3203 poris
351 3118 386 3184 in
400 3117 530 3185 ccclesia
553 3120 777 3202 Barrrberpensi
799 3120 986 3202 duritatem
1007 3119 1055 3186 cel
1072 3123 1280 3203 personatum
1299 3139 1369 3184 cum
1391 3117 1438 3183 nel
1459 3118 1528 3184 sinc
1550 3139 1628 3184 cura
1649 3138 1750 3185 rescr-

251 3228 309 3299 uet,
330 3243 392 3289 uon
414 3223 609 3290 obstantibus
630 3230 665 3288 ut
689 3224 722 3290 in
743 3224 974 3308 supplicatione
994 3224 1052 3291 sub
1075 3225 1215 3290 ur.185.
1243 3225 1403 3307 „Dipnum
1420 3223 1634 3289 arbitramur“
1658 3223 1752 3307 ,Aui-

658 3328 748 3394 nione
769 3327 842 3396 XII
857 3327 921 3395 aaz.
946 3328 1115 3394 Februarii
1135 3348 1166 3395 a.
1189 3328 1353 3394 secanae.

313 3453 343 3592 ξ
1184 3467 1348 3547 Asiaticae,
1374 3467 1458 3531 1354
1479 3465 1636 3533 Jartuarii
1657 3467 1709 3532 21.

382 3659 413 3713 a
433 3658 483 3711 Aa.
505 3663 553 3712 127
572 3657 620 3712 iol.
639 3662 708 3719 426⁴.
728 3658 760 3714 R.
782 3659 841 3713 ilat.
860 3664 912 3712 llll
931 3658 977 3712 iol.
999 3663 1057 3712 195.
1076 3687 1109 3697 -
1135 3660 1160 3724 ¹¹)
1173 3655 1330 3724 ,wsshelmr
1350 3657 1401 3710 Ar.
1424 3657 1450 3724 b)
1468 3655 1635 3725 ‚prncouis‘
1654 3657 1702 3709 Ar.
1726 3686 1751 3695 -

256 3743 332 3800 Cani.
346 3746 420 3801 bion.
438 3747 501 3801 Vat.
519 3744 532 3799 l
550 3761 590 3799 nr.
613 3750 686 3810 1052,
707 3750 782 3799 1064.

900 3905 1106 3915 ——-—·

263 4052 344 4121 187.
368 4050 511 4120 Arnaldo
533 4052 571 4117 de
594 4050 907 4117 Lacauanaciccano
929 4048 1075 4116 ecclesiae
1090 4049 1273 4115 Tituliensis
1284 4052 1320 4133 ⁸),
1337 4047 1623 4133 apostolicaesedis
1634 4049 1754 4128 nuruio,

256 4155 434 4234 inundatur,
443 4160 597 4239 quatenus
605 4176 725 4221 orionem
730 4156 897 4239 ρσσιιηίαυι
911 4155 956 4220 ad
967 4175 1126 4220 carrierarn
1136 4154 1342 4238 apostolicam
1349 4154 1554 4238 pertinentem
1567 4152 1755 4235 Rapnranao

258 4257 362 4324 abbati
384 4261 570 4325 uwrramrii
585 4282 610 4326 s.
628 4260 756 4325 Mertai
778 4260 812 4324 in
834 4259 941 4325 Litore
963 4259 1001 4324 de
1031 4259 1169 4324 Veneriis
1190 4278 1216 4325 o.
1233 4280 1256 4324 a.
1273 4258 1448 4341 Benedicti,
1464 4256 1755 4341 apostolicaesedis

259 4365 376 4448 nuncio,
412 4386 488 4448 ,per
509 4369 708 4445 mercatores,
742 4365 797 4447 qui
817 4364 855 4430 dc
878 4363 1011 4429 Boernia
1041 4364 1187 4430 Veuecias
1211 4367 1399 4446 frequenter
1421 4363 1568 4428 dicuntur
1599 4360 1755 4443 craebra,

356 4469 423 4536 sinc
452 4469 624 4536 dilacionc“
650 4470 858 4570 transmittat.
889 4466 1045 4534 Aninione
1068 4469 1137 4535 llll
1157 4468 1222 4536 Ital.
1248 4469 1414 4535 Februarii
1436 4491 1466 4537 a.
1490 4465 1658 4534 secundo“.

1191 4606 1352 4688 Aninione,
1379 4609 1459 4674 1354
1481 4606 1639 4677 Januarii
1659 4609 1712 4672 21.

385 4799 417 4855 R.
439 4799 500 4856 Vct.
517 4806 569 4856 244
587 4800 610 4853 Β
627 4800 761 4869 (Arabes)
779 4815 819 4855 nr.
832 4802 875 4854 844.
894 4829 926 4839 -
949 4800 973 4866 ΙΙ)
992 4798 1159 4866 ,Titulcnsis‘
1176 4800 1238 4854 Vct.

265 5103 349 5171 188.
373 5103 520 5172 Αῑὸονίαε
542 5103 714 5172 Hacranelt
736 5105 773 5170 dc
795 5103 963 5173 Cbocenicu
984 5110 1014 5170 ct
1036 5102 1151 5170 Pr'ibclt
1173 5103 1211 5169 de
1224 5103 1361 5168 ,aecta
1381 5100 1572 5185 supplicant,
1595 5104 1631 5163 ut
1653 5097 1756 5181 sepul·

694 5208 804 5275 ebrum
825 5209 1016 5275 dominicum
1036 5208 1169 5274 uisitare
1186 5206 1321 5292 possint.

1191 5345 1353 5427 Aninione,
1376 5342 1461 5406 1354
1482 5338 1640 5407 Junuarii
1660 5339 1714 5402 22.
