3944 6060
1628 420 1734 487 XXIX
1755 429 1758 433 ’

362 627 488 709 Modus,
512 645 574 707 quo
596 626 725 690 litterae
748 624 844 690 huius
866 624 944 689 tomi
965 626 1051 709 typis
1074 625 1307 706 describuntur,
1332 645 1351 689 a
1372 626 1467 691 tomis
1483 627 1545 691 iam
1561 627 1658 692 editis
1673 647 1736 693 non

232 733 366 797 multum
388 729 504 799 differt.
549 730 694 812 Regulae
716 730 750 794 in
772 735 857 796 tomo
880 729 981 811 primo
1005 749 1074 812 pag.
1100 729 1144 794 lX
1165 729 1380 795 inveniuntur.
1415 729 1452 794 In
1476 730 1735 797 adnotationibus

231 835 334 900 textui
348 834 525 901 subiunctis
539 833 668 898 litterae
692 833 730 897 R.
754 831 812 897 Ae.
835 831 972 916 registra
988 832 1224 918 daimonareis,
1251 835 1287 899 R.
1320 832 1387 897 Vnt.
1411 834 1548 917 registra
1564 835 1731 918 Vaticana,

235 939 270 1002 R.
294 937 405 1021 suppl.
439 937 578 1022 registra
600 935 881 1020 Supplicationum,
919 935 1044 1002 Arobet.
1081 937 1262 1021 archetypa,
1300 936 1374 1004 Call.
1408 939 1617 1022 collecturus,
1659 936 1735 1007 Coll.

234 1039 337 1107 dum.
376 1041 578 1108 collectorias
601 1040 819 1119 Alamanniae,
857 1038 925 1106 Obl.
954 1045 985 1105 et
1006 1039 1070 1105 Sol.
1104 1041 1203 1108 libros
1226 1042 1453 1125 obligationum
1477 1048 1511 1108 et
1533 1044 1735 1128 solutionum,

235 1148 295 1212 lat.
318 1151 348 1211 cl
370 1146 459 1210 End.
483 1146 582 1211 libros
604 1145 754 1210 introitus
777 1149 811 1209 et
833 1144 939 1208 exitus
962 1143 1150 1228 significant

362 1249 388 1314 Α
409 1249 511 1333 prime
533 1255 619 1316 tomo
642 1249 742 1315 editio
754 1253 864 1313 nostra
878 1247 938 1314 hoc
953 1250 1054 1314 solum
1071 1248 1185 1333 differt,
1208 1251 1291 1332 quod
1307 1250 1479 1315 secuudum
1494 1251 1735 1318 instructionem

232 1353 402 1420 historicae
425 1352 641 1435 deputationis
663 1353 792 1418 litterae
814 1352 901 1435 typis
922 1352 974 1418 hic
997 1353 1178 1437 descriptae
1202 1354 1274 1437 plus
1298 1354 1534 1421 abbreviantur.

361 1458 483 1524 Omnes
504 1457 643 1538 litterae,
667 1474 747 1539 qnae
770 1456 887 1522 formas
899 1475 996 1540 saepe
1011 1458 1148 1524 usitatas
1164 1459 1338 1543 continent,
1362 1466 1400 1525 ut
1413 1460 1542 1525 litterae
1555 1460 1595 1525 de
1609 1460 1733 1525 canoni-

234 1568 303 1628 catu
339 1563 398 1628 sub
431 1561 654 1646 expectatione
683 1561 898 1645 praebendae,
932 1562 972 1627 de
993 1560 1157 1628 beneficiis
1191 1563 1351 1629 vacaturis
1383 1569 1453 1645 etc,
1487 1569 1523 1628 ut
1552 1563 1616 1628 ism
1639 1582 1736 1646 supra

234 1666 463 1748 adnotavimus,
485 1665 636 1732 brevibus
658 1665 795 1748 regestis
819 1665 905 1749 typis
928 1665 1053 1730 dantur.
1077 1666 1199 1732 Eodem
1222 1670 1314 1733 modo
1338 1667 1477 1743 litterae,
1502 1686 1583 1749 quae
1607 1649 1646 1733 de
1662 1667 1734 1732 aliis

233 1769 503 1852 publicationibus
526 1770 589 1835 iam
612 1771 758 1851 cognitae
782 1774 866 1851 sunt,
900 1775 957 1834 aut
978 1787 1111 1857 querum
1133 1776 1276 1838 tenorem
1299 1771 1363 1837 iam
1386 1772 1638 1855 supplicationes
1661 1790 1734 1838 cou-

233 1875 345 1955 tinent
380 1875 465 1959 typis
500 1874 732 1940 describuntur.
759 1872 957 1951 ¹(lameralia
992 1874 1104 1956 solum,
1139 1893 1271 1957 quorum
1305 1882 1398 1942 tenor
1427 1876 1533 1942 brevis
1556 1892 1629 1942 esse
1652 1875 1735 1941 solet

154 1998 158 2003 ·
234 1997 430 2063 quorumque
453 1979 629 2063 descriptio
652 1979 790 2062 regestis
812 1978 937 2044 inutilis
960 1984 1057 2064 esset,
1081 1981 1302 2064 exceptionem
1325 1979 1454 2065 faciunt

364 2084 518 2167 Litterae,
541 2101 622 2165 quae
646 2084 790 2150 dioceses
813 2089 984 2148 extraneas
1018 2088 1153 2165 tangunt
1186 2088 1220 2148 et
1243 2084 1344 2150 selum
1378 2083 1534 2150 indirecte
1568 2083 1609 2148 ad
1631 2088 1735 2149 terras

234 2195 361 2255 nostras
383 2188 555 2272 pertinent
578 2188 615 2271 si,
637 2195 675 2254 ut
696 2188 841 2271 exemplo
866 2191 946 2271 utar,
981 2186 1077 2252 alicui
1098 2170 1239 2254 Bohemo
1263 2188 1371 2270 aliqua
1393 2188 1497 2271 gotia
1525 2187 1559 2253 in
1582 2192 1735 2254 extranea
1779 2192 1781 2195 ’

234 2293 356 2359 diocesi
378 2292 423 2376 fit,
446 2292 542 2358 simili
564 2293 656 2359 medo
679 2291 816 2375 regestis
840 2298 964 2358 tanturn
988 2291 1074 2375 typis
1097 2292 1220 2357 dantur.
1252 2293 1300 2356 lle
1324 2292 1443 2370 litteris
1467 2289 1613 2358 Carolum
1636 2292 1733 2374 impe-

233 2404 372 2463 ratorem
395 2397 601 2480 tangentibus
624 2397 716 2476 tales,
741 2414 821 2478 quae
845 2397 947 2461 solum
970 2395 1011 2460 ad
1025 2413 1078 2460 res
1093 2395 1220 2478 imperii
1243 2396 1377 2462 Romani
1400 2397 1573 2478 pertinent
1597 2396 1733 2462 emissae

233 2498 316 2566 sunt.
341 2502 446 2578 Quare
470 2503 567 2567 etiam
590 2502 718 2567 litterae
741 2501 782 2565 ad
806 2499 1042 2566 coronationem
1066 2499 1172 2566 Caroli
1196 2501 1248 2564 lV.
1275 2500 1305 2563 in
1330 2500 1553 2580 imperatorem
1580 2500 1733 2566 Romano·

232 2624 300 2669 rum
322 2607 523 2688 pertinentes
547 2607 579 2671 iu
602 2605 662 2671 hac
685 2605 826 2670 editione
850 2604 973 2669 desunt.
