3990 6052
697 407 764 458 1664
782 401 946 459 Novembris
963 408 997 458 22
1016 432 1050 442 -
1068 402 1230 458 Novembris
1248 407 1290 458 26.

374 613 446 677 Fiet
469 612 506 677 G.

374 735 452 800 Item
476 732 635 816 supplicat
658 731 698 797 gn
719 734 772 798 Vre
794 736 927 800 devotus
951 741 1058 800 vester
1082 736 1281 800 Barchardus
1305 735 1531 817 burchgravius
1556 736 1745 817 lllsgdebur·

242 839 361 921 gensis,
395 838 549 920 magister
571 837 658 901 curie
681 839 766 920 regis
792 839 1010 914 Romanorum,
1046 845 1202 920 quatenus
1235 841 1311 904 dare
1335 840 1509 922 dignemini
1533 840 1692 920 aliquibus
1715 839 1746 903 in

241 941 409 1023 mandatis,
432 947 468 1006 ut
493 940 685 1005 Dorotheum
708 941 808 1006 liliam
833 960 931 1022 suam,
956 943 1095 1024 puellum
1117 943 1292 1008 litteratam
1315 943 1348 1007 in
1365 943 1590 1009 monasterium
1608 961 1632 1007 s.
1652 944 1747 1007 Fran·

243 1047 321 1111 cisci
344 1047 376 1110 in
400 1045 514 1111 Maiori
538 1044 668 1110 civitate
692 1046 844 1128 Prsgensi
867 1046 988 1111 ordinis
1020 1066 1043 1111 s.
1070 1047 1163 1111 Clare
1187 1048 1286 1129 recipi
1309 1045 1428 1112 faciunt
1450 1048 1483 1111 in
1507 1047 1689 1111 monachum
1714 1054 1748 1111 et

242 1170 394 1224 sororem,
418 1167 488 1214 cum
512 1149 657 1213 omnibus
681 1149 834 1214 clausulis
857 1151 1022 1231 oportunis
1045 1158 1081 1215 ut
1104 1152 1136 1215 in
1159 1151 1267 1215 forms.

375 1272 447 1337 Fiat
468 1273 502 1335 in
525 1270 626 1337 forms
648 1270 684 1335 G.
708 1269 783 1335 Sine
808 1272 869 1336 ulis
893 1272 1045 1338 leccione.
1071 1274 1143 1338 Fiat
1167 1273 1203 1339 G.

375 1394 413 1458 D.
437 1393 594 1458 Auinione
617 1393 678 1457 VII
700 1392 762 1457 kal.
788 1395 974 1461 Decembris
998 1414 1025 1459 s.
1050 1395 1198 1460 secundo.

375 1581 406 1634 li.
425 1580 520 1649 Suppl.
540 1587 574 1635 26
592 1598 657 1650 pers
675 1581 702 1635 ll
720 1581 766 1636 iol.
789 1586 844 1636 162.
866 1614 896 1622 -
911 1588 935 1645 a)
954 1582 1134 1646 ,annectendi
1154 1583 1248 1653 Suppl.

242 1967 336 2032 312.
360 1964 503 2032 Jobauui
532 1965 674 2048 episcopo
707 1962 904 2029 Olomucensi
933 1968 965 2028 et
996 1965 1224 2031 massadae
1256 1966 1322 2030 eius
1346 1967 1512 2049 inhibetur,
1547 1989 1585 2031 ue
1607 1972 1748 2033 castrum

247 2068 417 2152 Hubuaidp
433 2066 632 2151 (Hocbwaid)
644 2071 670 2149 ⁶)
692 2069 728 2133 in
736 2069 874 2150 feudum
889 2068 1057 2133 concedam
1071 2068 1119 2133 uel
1135 2068 1199 2134 alio
1215 2071 1304 2134 modo
1325 2090 1468 2135 amensa
1483 2071 1657 2155 episcopali
1672 2071 1748 2136 alie-

349 2178 431 2238 nent.
458 2171 571 2255 „Circa
592 2173 819 2255 quarumlibet¹¹
849 2173 1025 2253 „Auiuione
1054 2173 1118 2238 VII
1134 2174 1196 2239 bui.
1224 2174 1402 2239 Decembris
1424 2196 1454 2239 a.
1480 2175 1642 2242 secunda‘.

312 2313 379 2434 ᾗ.
1155 2311 1316 2392 Asinium,
1338 2314 1426 2379 1354
1448 2313 1632 2379 Novembris
1654 2315 1706 2378 25.

375 2501 407 2554 R.
425 2502 475 2554 Ar.
497 2505 545 2554 126
565 2499 611 2555 fol,
631 2508 698 2568 537¹,
725 2501 756 2554 R.
775 2502 837 2555 Vst.
856 2506 906 2554 226
927 2499 973 2555 iol.
992 2504 1052 2554 245.
1073 2531 1102 2538 -
1123 2500 1172 2553 Ed.
1193 2499 1265 2568 apud
1285 2499 1395 2568 Drundl‚
1427 2500 1490 2555 Cod.
1510 2501 1577 2571 dipl.
1596 2503 1664 2557 Mor.
1683 2501 1749 2555 Vlll

244 2603 306 2657 pag.
334 2592 383 2641 266
411 2604 445 2643 ex
473 2588 541 2658 orig.
576 2588 690 2643 archivii
712 2588 837 2643 Cremsir.
874 2592 934 2657 (per
961 2603 1080 2643 errorem
1108 2587 1159 2641 sub
1192 2586 1257 2641 dato
1280 2594 1344 2642 1366
1363 2588 1429 2641 Nur.
1449 2593 1510 2655 26.)
1531 2619 1563 2628 -
1583 2591 1610 2657 ⁸)
1629 2589 1747 2657 ‚Holen-

244 2674 334 2728 'ilde‘
353 2677 401 2729 Au.

243 3045 338 3110 313.
362 3044 516 3127 Episcopo
541 3040 745 3119 Olomuceusi,
769 3042 885 3106 decano
900 3043 1074 3124 Propontis
1097 3047 1127 3107 et
1142 3044 1295 3107 sacristae
1312 3041 1532 3108 Aninionensis
1548 3042 1750 3108 ecclesiarum

245 3147 430 3224 mandatur,
451 3151 606 3230 quatenus
629 3145 820 3212 Dorotheum
842 3150 954 3210 natam
978 3145 1164 3211 Burcbardi
1178 3152 1205 3228 ι)
1228 3147 1391 3230 burpraoii
1413 3148 1693 3229 Mapdeburpensis
1716 3151 1750 3214 in

246 3253 436 3316 manastema
458 3274 484 3317 s.
508 3251 672 3316 Francisci
702 3249 839 3315 Maioris
862 3251 1000 3316 ciuitatis
1027 3252 1208 3334 prepensis,
1239 3273 1301 3333 per
1317 3252 1510 3335 priorissam
1533 3250 1619 3317 saliti
1639 3252 1748 3334 puber·

247 3358 331 3440 nari,
358 3356 406 3431 „si
428 3357 462 3419 in
483 3376 516 3420 eo
538 3360 642 3421 certus
664 3353 849 3419 monialium
872 3375 1020 3420 numerus
1043 3376 1103 3420 non
1125 3356 1268 3431 babetur,
1292 3355 1456 3420 dummodo
1472 3376 1511 3421 es
1527 3357 1581 3421 boe
1596 3361 1749 3422 monaste·

246 3461 331 3524 rium
353 3460 458 3543 ipsum
481 3460 614 3525 nimium
636 3479 697 3523 nou
718 3462 878 3540 procetur,
900 3457 948 3523 ael
970 3463 1080 3535 eciam,
1105 3462 1134 3525 si
1149 3461 1328 3525 huiusmodi
1342 3480 1489 3525 numerus
1497 3463 1617 3540 forsan
1633 3463 1750 3526 existat

249 3564 372 3644 ibidern,
395 3568 425 3629 ei
447 3564 484 3629 de
499 3565 566 3645 ipso
583 3583 708 3629 numero
725 3561 836 3643 aliqua
851 3562 936 3627 deest
950 3563 994 3629 ad
1004 3585 1146 3647 presens,
1169 3586 1209 3629 eu
1227 3585 1318 3641 nunc,
1343 3563 1492 3645 alioquin,
1515 3567 1751 3647 quamprimum

247 3668 390 3751 aliquam
402 3670 505 3734 deesse
516 3670 712 3751 aaniiyeriffl,
727 3667 826 3751 recipi
834 3668 967 3748 saciant
980 3669 1016 3731 in
1030 3688 1174 3732 sororem.
1207 3669 1423 3752 „Habonium
1448 3668 1624 3749 sirpinum“
1656 3667 1748 3748 „Aui-

643 3774 734 3839 niune
763 3773 826 3837 VH
841 3770 904 3838 ital.
931 3773 1109 3838 Decembris
1132 3795 1162 3838 a.
1188 3774 1353 3838 secundn“.

1153 3930 1314 4008 Arinionc,
1339 3932 1426 3994 1354
1448 3929 1632 3994 Nouembris
1654 3933 1706 3996 25.
1732 3901 1734 3904 .

377 4120 408 4173 R.
428 4121 477 4172 Ar.
498 4124 548 4173 128
567 4119 612 4172 lol.
632 4125 690 4178 594,
719 4118 749 4172 R.
768 4119 829 4172 Vat.
849 4124 899 4173 226
918 4117 964 4173 iol.
987 4124 1047 4184 274,
1073 4134 1129 4189 rag.
1157 4119 1230 4187 apud
1249 4118 1347 4184 Rubel,
1377 4116 1529 4171 Bnllurium
1548 4117 1684 4172 Francisc.
1713 4116 1752 4172 Vl

247 4222 309 4276 pag.
328 4211 386 4261 268.
407 4236 439 4245 -
461 4208 485 4272 ι)
503 4204 670 4268 ,Boruhsrdi‘
688 4207 737 4258 dv.

901 4386 1100 4395 ———-——

246 4574 340 4640 314.
366 4571 484 4636 Salutio
507 4572 660 4653 stipendii
684 4573 871 4654 Rapmundo
897 4571 936 4635 de
962 4572 1153 4649 Lacuucina,
1187 4571 1230 4634 ad
1252 4571 1425 4636 abeamus
1453 4572 1628 4643 liobemiue,
1669 4571 1753 4635 l’olo·

781 4678 853 4742 niae
875 4681 905 4742 ei
932 4676 1092 4757 Unpariae
1116 4674 1219 4739 misso.

1339 4798 1424 4861 1354
1451 4797 1634 4862 Novembris
1655 4801 1708 4864 26.

380 4991 439 5055 Die
474 4989 579 5054 XXVI
616 4989 804 5055 Novembris
839 4989 880 5073 [s.
904 4989 1023 5054 domini
1053 4989 1221 5054 millesimo
1245 4988 1322 5053 CCC
1346 4989 1608 5071 quinquagesimo
1631 4995 1754 5069 quarto,

249 5095 425 5160 indiccione
442 5094 587 5176 septime,
616 5093 818 5175 pontificatus
838 5144 844 5155 .
866 5143 870 5153 .
891 5142 897 5156 .
919 5141 925 5153 .
951 5093 1130 5157 Innocencii
1151 5144 1156 5157 .
1177 5146 1182 5157 .
1207 5147 1210 5154 .
1232 5141 1238 5152 .
1263 5111 1345 5175 pepe
1370 5092 1414 5156 Vl
1438 5113 1464 5156 s.
1490 5090 1640 5176 secundo}
1653 5094 1680 5170 ·)
1704 5111 1752 5157 so-

248 5197 310 5262 luti
332 5197 461 5262 luerunt
494 5197 707 5262 demandato
737 5197 853 5262 domini
887 5197 987 5261 nostri
1019 5216 1101 5279 pape
1126 5195 1310 5278 Ruymundo
1335 5198 1374 5260 de
1413 5197 1444 5259 ls
1467 5196 1622 5261 Caussins
1656 5196 1753 5259 servi-

249 5303 317 5367 enti
339 5320 496 5368 armorum
531 5300 650 5368 domini
684 5302 786 5366 nostri
821 5319 913 5383 pape,
950 5300 1054 5383 misso
1078 5301 1290 5367 demandato
1322 5301 1423 5382 ipsius
1447 5301 1565 5365 domini
1588 5299 1689 5366 nostri
1712 5300 1752 5363 sd
