3944 6060
781 429 848 479 raca
875 423 979 493 Aprilis
999 429 1031 477 ao
1053 454 1085 464 -
1107 423 1174 479 Maii
1192 430 1233 477 aa.
1287 406 1290 414 ’
1720 427 1762 490 23

254 638 317 704 51.
342 637 519 702 Ludooicus
541 656 599 700 reo
626 635 786 719 Uuporioc
807 634 976 718 supplicat,
999 639 1154 716 quotenus
1182 636 1292 714 protio
1321 632 1427 699 Uirico
1458 631 1569 718 Sclioff
1594 634 1632 697 oe
1662 634 1762 718 dippi-

253 744 328 820 tuic,
353 745 531 824 personatu
558 738 605 804 vel
634 737 738 822 officio
771 739 806 803 iu
839 738 969 803 aedesio
1000 737 1241 804 Vrotislooicasi
1271 759 1292 801 o
1316 736 1473 803 Clemente
1504 738 1548 802 VI
1558 741 1660 818 focio
1692 758 1762 804 cou-

920 842 1081 926 firmetur.

1056 981 1153 1065 Apud
1183 981 1422 1068 Villamnouam,
1448 983 1532 1049 1353
1557 983 1642 1050 Maii
1663 986 1716 1050 13.

386 1174 551 1258 Supplicat
582 1173 621 1240 So
646 1176 699 1240 Vre
723 1177 856 1241 devotus
880 1174 963 1240 filius
987 1181 1094 1239 vester
1113 1175 1307 1251 ¹Ludouicus
1331 1194 1388 1240 rex
1409 1177 1549 1259 Vngarie
1570 1225 1740 1243 .......

381 1280 463 1344 ltem
486 1281 652 1362 supplicat,
675 1287 831 1361 quatenus
855 1280 1000 1362 graciam,
1024 1280 1141 1345 dilecto
1165 1299 1222 1344 suo
1246 1280 1352 1346 Vlrioo
1369 1280 1444 1346 Soof
1456 1299 1514 1363 per
1529 1281 1632 1346 felicis
1649 1301 1754 1348 recor-

256 1384 395 1449 dacionis
429 1385 589 1449 dominum
620 1384 816 1449 Clementem
854 1404 968 1467 papam
994 1385 1044 1467 Vl,
1067 1385 1326 1465 predecessorem
1350 1391 1501 1467 vestrum,
1526 1386 1565 1450 de
1590 1385 1756 1470 dignitate,

256 1494 426 1569 personatu
449 1489 500 1553 vel
525 1486 627 1553 officio
650 1507 721 1553 cum
743 1508 819 1553 eura
842 1489 892 1552 vel
916 1490 984 1553 sine
1009 1508 1092 1570 cura,
1116 1489 1300 1554 vacantibus
1324 1489 1373 1553 vel
1397 1489 1557 1554 vacaturis
1574 1491 1605 1553 in
1622 1491 1759 1556 ecclesia

257 1593 520 1672 Wratislauiensi,
534 1594 575 1658 ad
587 1593 791 1658 collacionen
811 1645 817 1658 .
837 1646 844 1660 .
866 1646 871 1658 .
892 1643 898 1656 .
916 1593 1057 1676 episcopi
1069 1593 1343 1659 Wratislauiensie
1356 1595 1584 1676 spectantibus
1598 1595 1712 1659 factam
1724 1593 1759 1678 ¹),

259 1695 440 1782 confirmare
463 1697 637 1779 dignemini
659 1703 694 1763 et
716 1717 755 1762 ex
780 1704 868 1763 certa
890 1697 1029 1762 sciencia
1052 1716 1214 1773 renovare¹
1251 1717 1313 1763 non
1347 1701 1503 1777 obstante,
1544 1698 1628 1779 quod
1663 1716 1760 1781 super

259 1802 440 1867 canonicatu
472 1809 505 1865 et
527 1804 690 1885 prebenda
724 1804 807 1868 dicte
832 1803 965 1867 ecclesie
990 1801 1189 1867 diffinitivam
1213 1804 1410 1868 sentenciam
1434 1804 1467 1867 in
1491 1803 1622 1886 palacio
1632 1810 1758 1886 aposto-

258 1906 314 1971 lico
337 1907 484 1988 obtinuit,
507 1925 639 1988 quorum
662 1914 769 1973 tamen
791 1908 1024 1990 possessionem
1047 1908 1185 1973 nondum
1209 1916 1260 1973 est
1284 1914 1459 1989 assecutus,
1492 1914 1526 1972 et
1557 1908 1589 1972 in
1621 1908 1758 1973 ecclesia

258 2011 398 2093 sEgidii
413 2010 669 2075 li'ratislauiensi
686 2014 903 2078 canonicatum
927 2019 960 2079 et
983 2013 1176 2094 prebendam
1200 2014 1331 2095 obtinet,
1355 2031 1412 2077 seu
1436 2013 1520 2094 quod
1543 2012 1627 2077 idem
1651 2020 1759 2079 vester

257 2115 464 2195 predecessor
485 2116 569 2180 dicto
594 2116 700 2181 Vlrico
724 2117 763 2180 de
787 2118 973 2183 canonicatu
996 2120 1054 2184 sub
1085 2119 1311 2201 expectacione
1334 2119 1495 2201 prebende
1519 2119 1655 2184 ecclesie
1679 2120 1754 2185 Olo-

254 2219 474 2302 mvrieensis⁸)
496 2220 659 2285 mandavit
691 2222 861 2305 provideri,
897 2224 947 2288 cui
981 2226 1086 2305 gracie
1118 2223 1227 2288 ultime
1251 2224 1437 2287 renunciare
1461 2222 1606 2288 totaliter
1628 2228 1680 2288 est
1701 2243 1756 2307 pa-

251 2331 354 2398 ratus,
379 2343 449 2388 curn
473 2324 623 2389 clausulis
647 2330 683 2389 ut
706 2344 802 2408 supra
825 2327 915 2391 utin
938 2327 1048 2393 forma.

383 2429 457 2493 Fiat
479 2429 518 2493 de
542 2448 621 2494 novo
646 2430 685 2494 de
709 2431 895 2495 canonicatu
919 2435 977 2499 sub
1000 2433 1223 2514 expectatione
1246 2433 1408 2514 prebende
1422 2430 1470 2497 ·G.

385 2638 460 2703 Sine
483 2640 548 2705 alia
569 2640 719 2706 leccione.
743 2641 816 2706 Fiat
847 2641 883 2706 G.
916 2643 954 2707 D.
987 2641 1071 2724 apud
1094 2641 1324 2709 Villamnouam
1355 2640 1581 2706 Auiuioneusis
1604 2639 1684 2706 dioc.
1708 2640 1757 2707 ΙΙΙ

240 2741 296 2809 id.
320 2743 399 2809 Maii
423 2763 450 2809 a.
474 2745 585 2827 primo.

380 2933 413 2988 R.
442 2933 538 3004 Suppl.
569 2943 603 2990 ‘23
633 2934 679 2989 fol.
711 2942 770 2990 164.
809 2966 842 2976 -
875 2939 898 3006 ²)
929 2937 1052 3007 corrige:
1080 2935 1308 3001 ,Olomrczensis‘.
1339 2967 1373 2979 -
1404 2937 1424 3004 ¹)
1451 2934 1527 2992 Coni.
1553 2935 1627 2992 Mon.
1657 2935 1757 2992 Vati

235 3032 293 3074 ur.
311 3028 368 3090 oro,
388 3026 464 3088 1504,
483 3027 557 3077 raca.

314 3305 376 3370 52.
402 3303 488 3368 Noto
511 3304 548 3369 de
570 3304 723 3369 solutione
744 3308 810 3369 octo
822 3306 1021 3390 florenorum
1038 3307 1283 3390 poenitentiario
1308 3308 1399 3382 Petro
1418 3308 1456 3373 de
1475 3307 1627 3372 Boberuio
1645 3311 1754 3388 facto.

1447 3448 1530 3511 1353
1554 3447 1638 3512 Moii
1658 3449 1710 3512 25.

380 3635 442 3699 Die
465 3635 553 3701 XXV
576 3637 694 3702 mensis
717 3637 795 3701 Maii
819 3637 861 3721 [a.
885 3635 1125 3720 oreccmssp)
1149 3636 1209 3702 fuit
1243 3637 1328 3704 lacta
1361 3639 1481 3704 solucio
1504 3637 1753 3721 penitenciariiS,

234 3736 436 3818 domicellis
459 3742 610 3822 magistro
640 3741 763 3823 palacii,
794 3742 912 3822 coquis
947 3743 1176 3825 palefrenariis,
1208 3743 1371 3808 hostiariis
1403 3751 1436 3807 et
1467 3742 1680 3808 servientibus
1704 3763 1752 3806 ar-

231 3855 371 3908 morum
394 3844 606 3927 infrascriptis
629 3865 685 3926 pro
706 3864 814 3910 eorum
838 3847 944 3911 raubis
968 3848 1090 3911 estatis.
1116 3848 1220 3913 Primo
1244 3848 1340 3912 soluti
1364 3848 1493 3912 fuerunt
1515 3846 1753 3930 penitenciariis

235 3940 474 4030 infrascriptis,
498 3948 650 4013 videlicet
675 3948 841 4014 fratribus:
861 3999 1736 4020 .....................

234 4103 386 4232 quisunt
398 4104 432 4220 in
440 4102 570 4222 buinaro
579 4106 686 4220 Xllll
697 4105 736 4221 ad
745 4103 903 4224 racionem
914 4105 984 4223 llll
994 4056 1472 4242 iscirssrliguiiirigifisceidunc
1480 4199 1522 4208 -
1531 4107 1753 4227 dxbllll'flo'rf

379 4346 431 4400 Int.
450 4353 479 4400 et
495 4345 567 4400 Exit.
586 4352 676 4414 (1353)
695 4352 745 4402 267
765 4347 812 4402 iol.
833 4352 898 4402 160¹.
918 4379 951 4388 -
969 4348 1130 4419 suppletum
1150 4366 1184 4404 err
1203 4350 1269 4407 folio
1289 4355 1338 4404 178
1357 4350 1478 4404 euisdem
1497 4350 1607 4405 codicis.

300 4626 355 4693 53.
385 4626 573 4707 Arsipaotic
590 4628 803 4708 pecuariorum
825 4648 846 4692 o
869 4619 1082 4696 collectoribus
1111 4631 1147 4695 iu
1167 4632 1342 4696 subsidium
1372 4631 1520 4698 ccclesiae
1546 4633 1707 4697 fflmonoc

892 4741 1099 4820 receptorum.

1435 4861 1521 4924 1353
1549 4859 1635 4924 Moii
1654 4862 1707 4926 26.

377 5047 468 5111 Anno
503 5046 619 5112 domiui
657 5048 824 5114 millesimo
868 5048 1029 5132 CCCLIII,
1070 5050 1246 5117 indiccione
1283 5053 1335 5135 VI,
1382 5053 1432 5116 die
1471 5050 1591 5114 XXVII
1630 5052 1748 5116 mensis

253 5129 414 5214 Februarii
448 5152 641 5215 reverendus
675 5153 707 5216 in
742 5154 869 5218 Christo
903 5160 995 5235 pater
1029 5155 1174 5219 dominus
1208 5155 1398 5238 Stephanus,
1434 5156 1486 5219 dei
1521 5155 1626 5236 gracia
1650 5156 1751 5218 archi-

262 5247 417 5336 episcopus
440 5254 646 5329 Tholosanus,
671 5257 788 5321 domini
811 5259 911 5323 nostri
935 5278 1016 5340 pape
1040 5261 1240 5341 camerarius,
1263 5262 1383 5342 incepit
1419 5261 1583 5341 assignare
1615 5266 1649 5324 et
1672 5260 1750 5323 assi·

267 5359 357 5424 tssrrdt
378 5377 437 5441 per
459 5359 528 5424 dies
551 5359 769 5443 infrascriptos
792 5364 942 5444 pecunias
967 5363 1185 5444 infrascriptos
1209 5384 1266 5447 per
1289 5366 1391 5446 ipsum
1416 5372 1562 5445 receptas
1580 5383 1598 5426 a
1614 5364 1750 5428 diversis
