3944 6060
696 448 762 501 face
780 439 908 502 Janunrii
925 453 941 500 9
961 476 993 486 -
1011 440 1137 501 ianuarii
1156 454 1196 502 18.
1634 449 1694 516 169

190 659 370 741 episcopam
404 651 663 740 Ratisponensem
692 661 721 720 ct
747 654 894 721 Cur-olam
917 658 1129 721 maurorum
1159 657 1379 738 imperatorem
1402 655 1567 741 tamquam
1593 655 1678 722 Bolia

278 816 312 880 ,ᾔ
629 761 712 826 mine
733 781 836 843 repom
858 760 1022 826 conclusae
1043 781 1076 826 se
1097 761 1257 841 insormet.

257 902 309 954 .X
320 940 326 950 .
476 988 479 998 A
1125 898 1288 980 Arinionc,
1314 902 1397 966 1356
1419 902 1575 968 Juaaarr't
1600 906 1648 967 18.

322 1056 401 1121 Ven.
425 1055 463 1121 fr.
488 1057 665 1121 Bertrando
689 1058 838 1140 episcopo
863 1059 998 1142 Aptensi
1022 1058 1157 1122 salutern
1174 1064 1235 1122 etc.
1260 1057 1411 1123 Exhibita
1425 1059 1515 1124 nobis
1531 1080 1587 1142 pro
1603 1066 1694 1142 parte

192 1161 352 1225 karissimi
374 1160 407 1226 in
431 1159 557 1226 Christo
581 1160 637 1225 lilii
660 1161 769 1225 Karoli
792 1163 1001 1229 Romanorum
1024 1162 1225 1244 imperatoris
1249 1181 1374 1244 semper
1406 1164 1534 1244 augusti
1557 1170 1591 1228 et
1614 1165 1693 1228 Boe·

192 1266 253 1330 mie
277 1265 362 1346 regis
385 1282 421 1328 ac
444 1282 514 1328 verr.
539 1262 647 1329 fratris
670 1271 848 1331 nostrorum
871 1266 1025 1332 Friderici
1048 1267 1190 1348 episcopi
1204 1268 1446 1348 Ratisponensis
1460 1268 1578 1350 peticio
1594 1269 1693 1333 conti·

193 1372 296 1451 nebat,
326 1369 410 1450 qnod
440 1387 542 1451 nuper
572 1369 715 1451 prefatus
746 1371 914 1453 episcopus
946 1372 1125 1450 attendens,
1164 1371 1247 1451 quod
1271 1377 1409 1435 castrum
1432 1370 1576 1436 Staullen
1611 1373 1692 1438 alias

193 1474 311 1538 dictum
334 1471 553 1537 Tunnstaufen
576 1474 609 1537 in
633 1474 712 1539 dioc.
738 1475 964 1556 Ratisponensi
988 1475 1166 1540 consistens
1189 1482 1223 1539 et
1238 1476 1368 1541 nonulla
1383 1476 1446 1540 alia
1461 1482 1575 1560 castra,
1599 1478 1695 1559 opida

193 1583 226 1641 et
248 1576 319 1643 luca
352 1576 392 1641 ad
415 1577 629 1660 episcopalem
652 1596 792 1643 mensam
824 1579 1088 1660 Ratisponensem
1115 1580 1297 1660 spectancia
1321 1579 1438 1644 dudum
1462 1582 1572 1664 eciam,
1605 1587 1693 1645 ante·

194 1699 285 1762 quam
298 1683 532 1764 possessionem
556 1682 843 1747 administracionis
867 1685 1017 1747 bonorum
1041 1689 1074 1746 et
1089 1683 1205 1747 iuriam
1221 1684 1355 1748 ecclesie
1372 1702 1427 1749 sue
1447 1686 1689 1768 Ratisponensis

195 1785 310 1849 fuisset
333 1785 477 1867 adeptus,
503 1803 572 1850 cum
594 1806 652 1868 pro
676 1787 798 1868 magnis
821 1786 1026 1869 pecuniarum
1051 1786 1185 1851 summis
1209 1787 1342 1852 diversis
1366 1789 1575 1854 creditoribus
1596 1790 1695 1874 laycis

194 1909 262 1954 cum
285 1907 399 1971 magno
422 1889 519 1954 etiam
542 1890 677 1972 dampno
700 1891 801 1972 ipsius
824 1908 933 1955 mense
957 1890 1096 1972 obligata
1118 1895 1185 1954 turn
1208 1910 1266 1973 per
1288 1892 1441 1974 laycalem
1457 1894 1636 1975 potenciam
1654 1896 1693 1959 ab

194 1993 264 2057 aliis
288 1999 442 2075 occupata
456 1992 628 2058 fuerantet
651 2000 726 2060 tunc
749 2002 850 2074 eraut,
874 2000 969 2077 prout
990 1999 1073 2074 sunt,
1096 1994 1243 2075 dictaque
1266 2013 1375 2060 mensa
1398 2004 1469 2062 crat
1491 1999 1571 2065 adeo
1586 1999 1695 2063 huius·

194 2096 277 2162 modi
299 2098 477 2163 debitorum
500 2105 534 2162 et
556 2100 755 2180 paupertatis
777 2100 860 2164 mole
883 2101 1044 2180 obpressa,
1067 2098 1150 2179 quod
1166 2097 1249 2161 idem
1266 2100 1434 2181 episcopus
1450 2102 1566 2166 nedum
1582 2109 1695 2184 castra,

193 2202 287 2284 opida
309 2208 344 2267 et
366 2204 448 2267 bona
469 2203 614 2285 predicta
636 2203 792 2268 redimere
819 2204 882 2268 imo
913 2220 971 2266 nec
995 2207 1112 2266 statum
1136 2220 1226 2266 suurn
1250 2202 1401 2268 decenter
1424 2210 1534 2270 tenere
1558 2225 1617 2271 nec
1639 2207 1694 2273 bo·

193 2311 284 2371 ueste
304 2307 405 2371 eciam
429 2307 603 2372 sustentari
628 2308 761 2390 valebat,
784 2307 962 2391 predictum
986 2312 1123 2370 castrum
1146 2304 1292 2371 Staufien
1308 2325 1348 2370 ex
1364 2309 1529 2388 premissis
1546 2318 1580 2376 et
1595 2312 1692 2376 certis

194 2412 264 2476 aliis
288 2411 393 2477 causis
416 2430 473 2494 per
496 2413 627 2478 nuncius
650 2418 685 2477 et
707 2412 833 2477 litteras
856 2411 1059 2495 imperatoris
1082 2416 1116 2474 et
1138 2410 1279 2493 episcopi
1302 2413 1516 2493 predictorum
1533 2416 1624 2482 nobis
1640 2434 1695 2481 ex·

193 2533 321 2599 pressas
344 2535 401 2599 pro
432 2515 574 2582 utilitate
604 2535 712 2582 mense
735 2518 879 2599 predicte
914 2522 948 2580 et
970 2514 1105 2580 ecclesie
1129 2533 1185 2579 sne
1210 2515 1453 2598 Ratisponensis
1477 2537 1546 2583 cum
1570 2519 1694 2600 prelato

195 2619 323 2694 Karolo,
358 2637 415 2685 suo
438 2625 587 2700 tanquam
611 2621 696 2703 regis
727 2621 855 2686 Boemie
878 2626 913 2685 et
935 2637 1151 2685 successorum
1182 2638 1308 2685 suorum
1332 2622 1462 2687 Boemie
1486 2641 1604 2706 regum,
1642 2624 1696 2706 qui

194 2731 288 2791 erunt
309 2742 367 2807 pro
379 2732 532 2809 tempore,
556 2731 591 2790 et
602 2727 692 2807 regni
714 2726 764 2790 sui
786 2724 917 2792 Boemie
950 2725 1077 2789 nomine
1100 2743 1157 2806 pro
1180 2724 1277 2789 certis
1311 2724 1373 2791 alio
1407 2732 1521 2809 castro,
1545 2730 1640 2794 rebus
1663 2733 1697 2794 et
1757 2776 1760 2782 ·

194 2830 284 2896 bonis
309 2831 349 2895 ad
372 2830 474 2895 dictos
496 2848 604 2914 regem
627 2836 802 2913 etregnum
825 2830 1043 2911 spectantibus
1070 2829 1333 2910 equivalentibns,
1350 2836 1385 2895 et
1400 2830 1535 2898 ecclesie
1552 2850 1608 2899 sne
1624 2851 1695 2915 pre·

195 2935 279 3000 dicte
304 2953 385 3017 eque
409 2935 541 3001 utilibus
563 2935 765 3018 permutavit,
790 2936 936 3018 quodque
959 2933 1102 3018 peintus
1118 2935 1289 3017 imperator
1312 2934 1397 3001 dicto
1412 2936 1539 3001 nomine
1556 2944 1693 3003 castrum

194 3040 296 3122 ipsum
322 3041 361 3105 de
384 3040 530 3106 manibus
553 3041 714 3120 laicorum,
738 3041 791 3121 qui
814 3040 893 3106 illud
916 3059 973 3124 pro
995 3039 1118 3122 maguis
1141 3040 1345 3121 pecuniarum
1369 3041 1499 3106 summis
1512 3041 1695 3125 obligatum,

195 3151 228 3210 nt
251 3144 420 3228 prefertur,
444 3146 562 3210 dudum
585 3152 756 3211 tenuerant
786 3151 820 3210 et
842 3147 1003 3229 tenebant,
1027 3145 1093 3210 suis
1116 3143 1253 3226 propriis
1276 3145 1420 3226 pecuniis
1444 3145 1484 3209 ad
1507 3145 1695 3210 instanciam

194 3250 270 3315 dicti
292 3250 435 3333 episcopi
457 3251 593 3316 redemit
615 3258 649 3317 et
672 3257 770 3316 tenet.
795 3250 901 3327 Quare
924 3269 980 3333 pro
1003 3257 1094 3333 parte
1111 3250 1312 3332 imperatoris
1328 3255 1362 3313 et
1378 3249 1518 3332 episcopi
1534 3250 1692 3332 predicto-

194 3373 261 3418 mm
284 3355 375 3421 nobis
397 3354 459 3420 fuit
480 3355 643 3422 humiliter
665 3356 886 3439 supplicatum,
908 3361 944 3419 ut
966 3354 1195 3438 permutacioni
1217 3353 1396 3418 huiusmodi
1413 3356 1508 3419 robur
1520 3355 1693 3436 apostolice

196 3456 354 3526 firmitatis
376 3460 504 3526 adicere
527 3462 739 3544 dignaremur.
762 3461 828 3526 Nos
851 3460 960 3541 itaque
984 3461 1023 3525 de
1046 3458 1210 3541 premissis
1234 3464 1353 3521 certam
1376 3457 1525 3522 noticiam
1549 3478 1611 3524 ison
1638 3459 1695 3524 ha-

196 3562 316 3646 bentes,
349 3562 530 3630 huiusmodi
561 3565 848 3648 supplicacionibus
870 3564 1023 3645 inclinati,
1054 3560 1248 3627 fraternitati
1272 3566 1336 3644 tue,
1370 3561 1409 3625 de
1433 3580 1496 3642 qua
1517 3562 1551 3627 in
1573 3563 1636 3628 hiis
1660 3570 1694 3629 et

195 3665 265 3731 aliis
288 3668 427 3750 gerimus
450 3670 482 3733 in
506 3669 630 3735 damino
653 3668 799 3733 fiduciam
822 3669 1002 3752 specialem,
1037 3686 1094 3748 per
1117 3665 1290 3748 apostolica
1324 3664 1443 3746 scripta
1466 3667 1692 3732 committimus

195 3775 228 3836 et
248 3770 443 3852 mandamus,
479 3773 627 3853 quatinus
658 3774 698 3837 ad
720 3773 792 3837 illas
825 3778 934 3854 partes
957 3777 989 3836 te
1013 3771 1225 3853 personaliter
1254 3768 1398 3834 conferas
1422 3771 1542 3835 vocatis
1565 3772 1693 3837 dilectis

195 3873 267 3940 filiis
296 3876 435 3959 capitulo
473 3877 557 3942 dicte
594 3877 729 3942 ecclesie
767 3884 801 3942 et
837 3877 919 3959 aliis,
954 3877 993 3940 de
1024 3875 1137 3956 quibus
1168 3875 1223 3940 tibi
1256 3873 1427 3954 videbitur,
1464 3875 1503 3939 de
1527 3877 1691 3959 premissis

195 3980 337 4044 omnibus
353 3988 387 4045 et
403 3980 536 4064 singulis
552 3988 586 4047 et
597 3983 775 4066 presertim,
799 3983 826 4046 si
841 3984 931 4061 laona,
949 4000 1008 4062 que
1034 3980 1194 4063 predictus
1218 3981 1390 4064 imperator
1404 3982 1524 4048 eisdem
1546 3983 1695 4064 episcopo

195 4087 226 4146 et
248 4101 356 4150 iriense
380 4087 534 4167 prodictu
558 4092 671 4166 castro,
695 4093 731 4152 ut
753 4088 958 4169 premittitur,
984 4087 1131 4169 repemlit
1153 4088 1203 4150 vel
1228 4088 1329 4151 adhuc
1353 4087 1528 4169 rependere
1545 4105 1603 4152 seu
1619 4106 1692 4169 sup·

195 4185 280 4268 plere
304 4188 449 4272 voluerit,
473 4192 500 4255 si
524 4193 566 4256 sit
588 4211 676 4274 opus,
702 4193 766 4256 sint
789 4192 1007 4273 equivalcncia
1030 4192 1081 4255 vel
1104 4192 1203 4256 eciam
1227 4192 1369 4274 meliora,
1393 4197 1543 4255 etutrum
1568 4210 1693 4273 permu-

195 4291 275 4356 tacio
305 4290 485 4359 huiusmodi
515 4297 609 4361 cedat
639 4297 671 4361 in
705 4298 878 4362 utilitatem
918 4315 1027 4360 mense
1062 4304 1096 4361 et
1129 4296 1264 4362 ecclesie
1299 4298 1523 4378 predictarum,
1559 4294 1693 4375 aliisque

195 4394 442 4462 circumstanciis
464 4400 622 4465 universis
647 4401 835 4484 diligencius
859 4410 891 4468 te
915 4403 1073 4486 informes,
1096 4411 1130 4468 et
1153 4421 1338 4484 quecunque
1363 4420 1459 4483 snper
1483 4400 1544 4463 hiis
1568 4419 1624 4481 per
1648 4401 1692 4463 in·

196 4498 416 4567 sonnacionem
439 4503 620 4572 huiusmodi
644 4508 812 4590 repereris
838 4509 929 4574 nobis
951 4527 1009 4590 per
1031 4515 1063 4573 te
1080 4508 1130 4573 vel
1146 4528 1204 4590 per
1219 4515 1291 4572 tuas
1307 4508 1433 4572 litteras
1449 4504 1560 4568 harum
1577 4504 1694 4568 seriem

195 4605 404 4686 continentes,
444 4609 503 4672 sub
526 4615 581 4675 tuo
616 4610 721 4693 sigillo
744 4612 896 4690 inclusas,
919 4612 1057 4677 fideliter
1091 4611 1210 4675 refen‘c
1234 4618 1267 4675 et
1290 4611 1438 4676 intimare
1461 4626 1622 4693 procures,
1657 4615 1693 4673 ut

196 4705 350 4775 buismodi
366 4709 589 4779 informacione
606 4721 745 4798 recepta,
763 4716 935 4798 superbiis
952 4717 1094 4780 securius
1110 4716 1276 4797 providere
1292 4716 1458 4798 possimus,
1474 4712 1549 4794 quid
1566 4713 1599 4777 in
1623 4733 1694 4796 pre-

195 4813 297 4878 missis
331 4814 437 4883 facerc
459 4816 640 4902 habeamus,
663 4821 912 4886 contradictores
935 4840 992 4903 per
1015 4839 1178 4885 censuram
1202 4819 1450 4885 ecclesiasticam
1474 4819 1692 4901 appellacione

196 4918 370 5001 postposita
381 4925 618 5005 compescenda,
632 4927 863 5009 nonobstante,
877 4925 903 4991 si
916 4926 1073 5006 aliquibus
1089 4925 1296 4990 communiter
1308 4925 1357 4988 vel
1370 4923 1494 4988 divisim
1512 4925 1550 4987 ab
1567 4929 1693 5005 aposto·

196 5019 253 5086 lica
274 5023 319 5088 sit
341 5026 418 5090 sede
431 5026 598 5111 indultum,
622 5030 706 5110 quod
728 5030 886 5113 interdici,
911 5029 1062 5112 suspendi
1086 5028 1136 5093 vel
1159 5029 1390 5094 excomunicari
1407 5047 1469 5093 non
1490 5028 1622 5110 possint,
1638 5045 1696 5108 per

196 5123 317 5192 litteras
347 5130 538 5212 apostolicas
567 5151 630 5198 non
660 5134 814 5200 facientes
838 5133 963 5216 plenam
998 5139 1032 5198 et
1054 5152 1236 5216 expressam
1261 5151 1297 5197 ac
1320 5134 1359 5197 de
1384 5135 1478 5198 verbo
1503 5133 1695 5198 adverbum

197 5229 232 5296 de
255 5243 379 5310 indulto
401 5236 581 5303 huiusmodi
604 5239 809 5305 mencionem.
846 5241 882 5302 b.
908 5239 1063 5303 Aninione
1087 5238 1144 5302 XV
1167 5239 1230 5312 kal,
1258 5238 1420 5301 Februarii
1445 5255 1472 5304 a.
1496 5242 1617 5316 quarto.

321 5383 352 5444 It.
373 5385 423 5435 Ar.
445 5386 494 5434 133
513 5378 560 5434 fol.
580 5383 646 5433 189¹.
