3944 6060
243 362 302 426 116
842 356 914 410 Actu
924 351 1075 409 Innocentis
1092 352 1139 408 Vl.

239 569 328 636 277.
352 562 520 632 chicilms
536 564 718 643 mandatur,
742 568 896 644 quotenus
919 563 1005 628 circa
1027 562 1207 629 Iohannem
1231 562 1421 642 Marquardi
1443 561 1481 626 de
1496 560 1615 626 Dubcn
1629 561 1741 627 consti·

315 720 316 724 ,
394 671 545 734 tutionem
567 667 731 733 Benedicti
748 689 858 750 popae
880 665 953 732 XII
970 689 1066 751 super
1088 665 1246 750 apostatis
1268 665 1427 730 observari
1441 665 1584 742 saciant.

287 759 354 880 ἐ.
935 807 1032 890 Apud
1063 805 1299 885 Villamnoocm,
1322 807 1409 870 1354
1431 804 1624 888 Septembris
1646 809 1698 871 10.

369 998 447 1063 Ven.
471 997 509 1063 ir.
534 997 772 1080 archiepiscopo
806 997 982 1061 Nazarensi
1016 1016 1053 1061 ec
1077 997 1128 1061 dd.
1154 995 1184 1060 ff.
1216 997 1323 1061 abbati
1357 996 1542 1061 monasterii
1566 995 1741 1078 Opatouioz

238 1104 408 1187 Pragensis
432 1103 510 1167 dioc.
535 1120 571 1166 ac
590 1152 624 1166 ..
649 1101 869 1168 archidiacono
894 1100 1080 1184 Syrimiensi
1103 1103 1135 1166 in
1159 1101 1296 1166 ecclesia
1310 1102 1502 1185 Batyensi·)
1526 1103 1662 1167 salutem
1679 1109 1740 1167 etc.

240 1209 365 1274 Dudum
401 1206 505 1271 felicis
535 1206 768 1271 recordacionis
803 1206 998 1271 Benedictus
1033 1225 1116 1289 papa
1137 1205 1209 1289 llll,
1242 1206 1450 1289 predecessor
1484 1212 1644 1271 noster..
1667 1204 1740 1293 ..¹)

239 1313 317 1378 Cum
340 1317 456 1395 sutem,
491 1311 574 1375 sicut
595 1309 757 1375 Iohannes
791 1317 885 1374 natus
909 1310 1068 1391 quondam
1092 1309 1276 1390 Marquerdi
1298 1309 1402 1374 dictus
1425 1311 1465 1375 de
1489 1311 1612 1393 ouban,
1647 1329 1740 1377 cauo·

237 1420 328 1483 nicus
351 1416 486 1481 ecclesie
509 1415 763 1480 Lutomuslensis
799 1415 1112 1479 Premonstrsteusis
1136 1414 1265 1497 ordinis,
1299 1415 1401 1497 ipsum
1425 1415 1567 1480 ordinem
1590 1433 1741 1498 expresse

238 1520 409 1605 professus.
449 1520 532 1584 lator
561 1518 771 1601 presencium,
809 1518 972 1583 humiliter
1013 1518 1103 1583 nobis
1145 1520 1302 1600 exposuit,
1341 1519 1409 1600 ipse
1444 1519 1517 1583 olim
1564 1520 1662 1584 certis
1700 1538 1739 1585 ex

237 1626 342 1691 causis
364 1625 455 1691 uobis
479 1624 641 1706 expositis,
666 1623 840 1704 superioris
863 1623 913 1686 sui
934 1622 1069 1686 licencia
1092 1640 1154 1687 non
1177 1623 1280 1704 petita
1302 1641 1361 1687 nec
1384 1625 1523 1707 obtento,
1548 1622 1646 1688 animi
1661 1624 1739 1689 levi·

237 1735 305 1794 tate
329 1748 348 1794 a
371 1729 465 1794 dictis
488 1727 682 1793 ecclesiast
705 1728 825 1811 ordine,
849 1726 959 1793 habitu
983 1726 1121 1808 regulari
1145 1739 1179 1790 et
1194 1734 1326 1791 tonsura
1341 1727 1489 1810 dimissio,
1512 1728 1685 1793 recesserit
1706 1735 1740 1794 et

237 1838 344 1899 vestes
368 1833 516 1897 deferens
550 1832 711 1896 seculares
734 1832 903 1896 incesserit
933 1836 967 1895 et
989 1830 1117 1896 incedat
1139 1850 1197 1912 per
1220 1832 1360 1896 seculum
1385 1833 1557 1915 evagando,
1579 1833 1740 1898 misssset

237 1938 301 2003 alie
323 1938 430 2002 divina
452 1936 556 2002 officio
578 1937 776 2018 celebrando,
810 1954 868 2001 nos
898 1935 1035 2018 predicti
1065 1934 1229 2017 Iohannis,
1267 1936 1464 2000 reconciliari
1495 1937 1555 2002 deo
1578 1943 1613 2002 et
1635 1937 1739 2003 eidem

237 2041 340 2109 ordini
362 2059 429 2123 suo,
465 2047 501 2105 ut
523 2041 648 2117 asserit,
684 2040 851 2123 cupientis,
888 2040 1013 2106 devotis
1044 2040 1331 2121 supplicationibus
1361 2039 1515 2115 inclinati,
1551 2041 1739 2108 discrecioni

236 2153 343 2212 vestre
366 2164 424 2229 per
447 2146 621 2229 apostolice
644 2146 762 2227 scriptu
785 2146 979 2228 mandamus,
1020 2150 1178 2225 quatenus
1202 2164 1256 2210 vos
1277 2197 1283 2209 .
1302 2194 1308 2208 .
1328 2195 1360 2208 ..
1385 2145 1574 2228 voluntates
1614 2147 1737 2212 ordine-

236 2253 353 2334 cioues,
376 2251 525 2316 mandata
548 2256 582 2315 et
604 2251 825 2315 concessiones
847 2250 991 2314 eiusdem
1013 2249 1249 2332 predecessoris
1261 2250 1406 2331 predicta
1421 2250 1505 2314 circa
1527 2251 1662 2315 eundem
1686 2251 1738 2318 Jo-

236 2357 372 2421 hennem
395 2355 520 2420 iacietis
545 2354 736 2419 auctoritate
758 2361 869 2419 nostra
885 2353 1016 2419 firmiter
1043 2354 1284 2420 observari...
1308 2405 1313 2414 .
1338 2355 1374 2418 D.
1391 2356 1475 2438 apud
1506 2355 1738 2422 Villsurnousm

236 2459 463 2526 Auinioueusis
486 2459 566 2524 dioc.
590 2458 654 2523 1111
676 2459 724 2546 id.¹
743 2456 940 2541 Septembris
963 2479 991 2523 u.
1016 2461 1164 2525 secundo.

365 2647 397 2703 R.
411 2649 461 2701 Ar.
481 2654 529 2702 127
549 2647 596 2702 Iol.
614 2652 683 2715 566¹,
701 2647 732 2700 R.
752 2644 814 2700 Vct.
832 2651 882 2701 227
903 2645 949 2700 iol.
969 2652 1029 2701 890.
1052 2678 1076 2687 -
1102 2651 1126 2716 ³)
1145 2648 1271 2717 corrige:
1291 2648 1459 2717 ,Baesiensi‘.
1481 2680 1498 2686 —
1532 2649 1551 2716 ¹)
1570 2648 1649 2703 Circe
1667 2648 1739 2704 hanc

235 2736 459 2792 constitutionem
476 2734 547 2791 conl.
565 2737 641 2791 Mon.
660 2734 722 2789 Vct
740 2734 753 2787 l
771 2750 812 2788 nr.
831 2739 888 2789 891.

236 3123 326 3190 278.
352 3120 438 3185 Nota
470 3120 508 3185 de
540 3119 691 3184 solutione
723 3122 767 3186 30
794 3119 989 3202 florenorum
1018 3120 1140 3184 cursori
1172 3138 1242 3183 cum
1264 3119 1380 3186 litlerIs
1409 3122 1528 3186 domini
1555 3145 1666 3207 papae
1695 3127 1739 3191 ad

235 3225 504 3308 archiepiscopum
536 3223 748 3288 Coloniensem
777 3228 807 3288 et
837 3224 879 3288 od
910 3223 1085 3287 collectores
1118 3221 1313 3290 Coloniensis
1335 3231 1365 3289 et
1390 3226 1643 3310 Mcpuclinensis
1661 3251 1737 3312 pro·

236 3330 358 3395 cinciae
380 3351 435 3394 nec
458 3349 518 3392 non
541 3327 711 3393 Bolremiae
733 3332 763 3391 ct
786 3328 935 3392 Poloniae
956 3327 1052 3391 misso
1068 3332 1177 3406 sactu.
1214 3330 1296 3409 „Die
1319 3331 1387 3394 XII
1406 3331 1522 3395 rncnsis
1546 3333 1739 3416 Septembris

540 3430 588 3519 [a.
611 3433 642 3499 d.
666 3432 831 3498 millesimo
856 3430 938 3501 wo
956 3433 1211 3512 quinquepesimo
1232 3432 1391 3519 occcid‘s.
1405 3441 1432 3513 ⁸)

1308 3576 1402 3654 1354,
1427 3577 1616 3661 Septembris
1639 3584 1693 3645 12.

366 3764 418 3818 Iul.
438 3768 465 3818 et
482 3763 556 3819 Exit.
576 3767 667 3832 (1354)
687 3768 737 3817 272
757 3763 805 3818 fol.
826 3769 883 3818 160.
902 3795 934 3803 —
953 3767 978 3828 fl)
996 3763 1158 3832 Supplstum
1175 3778 1210 3817 ex
1228 3763 1294 3817 folio
1314 3770 1371 3817 147.

233 4150 323 4218 279.
351 4149 482 4216 Carolus
504 4171 561 4212 rex
574 4150 787 4212 Rornanorum
798 4150 939 4228 cupatur,
963 4149 1116 4226 quatenus
1130 4147 1346 4212 Bertrccdum
1361 4149 1540 4234 episcopum
1554 4152 1737 4236 Aplensem,

227 4274 289 4338 pro
311 4254 403 4318 certis
427 4251 558 4333 nepotiis
588 4273 608 4316 c
631 4251 787 4315 Ludooico
809 4271 880 4331 repe
901 4254 930 4312 et
952 4249 1103 4314 Iohanne
1132 4252 1242 4331 rspice
1274 4252 1404 4318 Siciliae
1426 4254 1470 4318 ad
1491 4276 1593 4338 recem
1617 4259 1737 4325 Roma·

232 4378 344 4422 norum
367 4357 567 4435 destinatum,
590 4356 718 4435 deniqne
740 4356 873 4438 recipiat
895 4360 924 4418 et
946 4374 1041 4437 super
1064 4356 1194 4438 nepotiis
1216 4356 1297 4439 ipsis
1319 4357 1483 4424 clementer
1504 4361 1619 4443 codici
1640 4367 1737 4431 eiec-

233 4462 346 4527 cudict
366 4460 514 4542 pretiose.
563 4457 661 4541 „Cum
683 4460 859 4523 carissimi“
898 4458 1012 4541 ,Apud
1042 4457 1272 4524 Villamnouom
1298 4461 1522 4528 Acinionensis
1545 4464 1624 4532 dioc.
1648 4467 1740 4535 XIII

750 4563 815 4628 leci.
842 4561 985 4627 Octobris
1008 4584 1037 4630 a.
1061 4564 1224 4630 secundd.

933 4699 1029 4786 Apud
1057 4702 1293 4784 Vrllcmnoocm,
1318 4705 1402 4769 1354
1425 4705 1615 4789 Septmbris
1636 4711 1688 4774 19.

360 4894 393 4948 R.
412 4894 473 4948 Vct.
492 4898 543 4947 236
562 4894 608 4949 lol.
630 4898 688 4960 179,
716 4891 746 4946 R.
766 4891 826 4946 Vnt„
848 4898 900 4945 244
925 4892 1057 4959 (Archet.)
1076 4892 1098 4944 B
1122 4908 1161 4945 nr.
1181 4898 1239 4946 204.
1259 4922 1292 4932 -
1311 4893 1376 4963 Reg.
1394 4894 1469 4963 spud
1487 4893 1652 4967 Weruuslry,
1680 4897 1735 4952 Ex·

236 4989 332 5050 cerptn
349 4996 390 5034 nr.
409 4987 460 5035 313
479 4987 506 5035 st
524 4980 626 5044 Huber,
645 4980 711 5049 Reg.
729 4979 797 5048 Imp.
817 4978 882 5032 VIII
901 4994 961 5046 pag.
982 4981 1031 5031 783
1049 4994 1088 5031 nr.
1108 4983 1166 5032 rol.
