3944 6060
865 224 932 276 1356
950 214 1077 277 Jauuarii
1095 230 1121 276 9.
1684 222 1736 295 162

237 428 327 494 ndns
342 432 476 509 fractus
497 430 541 495 25
562 447 657 512 resp·
670 430 711 493 18
732 449 917 494 marcorum
945 429 1070 511 arpenti
1099 430 1271 495 secundum
1300 431 1498 497 taxationem
1527 433 1667 514 decimae
1687 456 1729 498 oo

236 534 334 599 wem
357 556 501 601 annnam
521 553 584 599 non
605 534 766 616 excedant,
791 534 836 599 oct
858 533 1054 601 collationem
1076 535 1221 618 episcopi,
1240 536 1406 618 prepositi,
1430 537 1544 601 decani
1558 542 1588 602 et
1603 538 1740 621 capitati

239 637 392 704 ecciesiae
414 638 628 704 Otomnccusis
654 640 827 720 pertinens,
860 639 894 702 si
913 643 1008 704 vacat
1036 639 1083 704 ret
1114 660 1182 703 cum
1209 640 1378 716 vocaverit,
1400 645 1545 706 reservet.
1582 643 1743 727 „Dignum

325 831 356 882 Χ
522 743 736 809 arbitromar“
767 744 940 825 „Aninione
970 744 1056 808 Vici.
1081 745 1237 810 Januarii
1259 766 1289 808 a.
1313 747 1455 826 queror.

302 901 372 952 .X

1192 883 1353 967 Aoirrione,
1377 884 1464 948 rem
1485 886 1643 951 Jonuorii
1665 888 1696 952 9.

368 1071 400 1126 lt
419 1073 469 1127 Ar.
490 1078 538 1127 183
557 1070 602 1127 tol.
623 1077 646 1125 t.
666 1101 699 1113 -
725 1072 749 1139 a)
767 1070 919 1140 ,Pessilron
938 1071 1001 1125 Joh.
1020 1070 1045 1124 d.
1065 1070 1203 1139 Naquase‘
1223 1072 1272 1124 Ar.

235 1459 326 1525 410.
351 1455 479 1523 Atherto
506 1456 658 1521 Botenstai
680 1455 717 1520 de
740 1455 840 1522 Liticr
861 1455 1053 1540 indutyetur,
1076 1460 1111 1520 ut
1123 1461 1308 1541 perpetuom
1323 1461 1478 1525 vicarium
1493 1459 1640 1528 ecelesiae
1657 1458 1740 1526 Pru·

595 1561 701 1646 pensis
719 1580 781 1643 pro
804 1559 867 1625 otio
890 1560 1036 1642 beneficio
1053 1565 1240 1644 permutare
1261 1563 1376 1629 valeat.

323 1703 356 1767 V
1191 1700 1351 1782 Acinione,
1379 1703 1462 1768 1356
1484 1704 1642 1771 Jonuorii
1664 1705 1707 1770 9.-

300 1789 352 1842 ,Χ
363 1827 370 1840 .

367 1894 402 1957 ll.
426 1891 446 1958 f.
470 1892 601 1956 Alberto
624 1891 776 1957 Bohuslai
806 1892 846 1956 de
870 1892 980 1957 Luticz
1011 1893 1160 1958 canonico
1192 1894 1344 1976 Prageusi
1367 1913 1391 1958 s.
1414 1901 1474 1960 etc.
1520 1896 1741 1981 Suffragancia

236 1998 293 2064 tibi
317 1997 513 2080 probitatis.
533 2046 540 2059 .
560 2046 593 2061 ..
639 1997 764 2060 Dudum
799 1996 954 2076 siquidem
984 1997 1129 2062 volentes
1160 1998 1218 2062 tibi
1250 1999 1387 2080 graciam
1421 1999 1528 2065 lacere
1552 2002 1736 2084 specialem,

235 2103 454 2166 canonicatum
488 2101 623 2165 ecclesie
647 2100 816 2182 Prageusis
850 2120 920 2165 cum
954 2100 1152 2182 plenitudiue
1186 2101 1265 2166 iuris
1299 2103 1444 2167 canonici
1482 2106 1657 2188 apostolica
1680 2106 1738 2180 tibi

237 2208 429 2273 auctoritate
453 2206 643 2271 contulimus
674 2213 708 2270 et
736 2206 930 2287 providimus
960 2206 1057 2270 etiam
1088 2207 1128 2270 de
1152 2208 1262 2272 eodem
1286 2225 1323 2270 ac
1345 2209 1539 2289 prebendam
1562 2210 1663 2292 ipsius
1686 2227 1736 2274 ec-

235 2313 332 2377 clesie
355 2330 477 2376 necnon
501 2311 698 2393 dignitatem,
729 2318 932 2392 personatum
952 2312 1002 2374 vel
1034 2310 1169 2375 officium
1200 2329 1269 2375 cum
1300 2330 1376 2376 cura
1405 2313 1455 2376 vel
1479 2313 1549 2378 sine
1573 2333 1658 2397 cura,
1696 2314 1737 2378 ad

235 2417 437 2483 collacionem
458 2465 465 2480 .
484 2466 491 2482 .
512 2465 518 2479 .
540 2465 545 2478 .
581 2415 809 2499 archiepiscopi
829 2416 997 2498 Pragensis
1016 2422 1049 2481 et
1069 2468 1075 2479 .
1094 2464 1101 2479 .
1122 2467 1129 2480 .
1149 2465 1155 2479 .
1178 2417 1342 2499 prepositi,
1365 2466 1396 2482 ..
1421 2418 1533 2483 decani
1551 2425 1586 2484 et
1606 2419 1739 2500 capituli

235 2523 380 2588 eiusdem
404 2520 540 2585 ecclesie
562 2522 776 2602 pertinentem
799 2539 856 2585 seu
879 2521 1042 2603 pertinens
1066 2522 1273 2585 communiter
1295 2522 1345 2586 vel
1369 2522 1504 2603 divisim,
1532 2524 1629 2588 etiam
1653 2522 1680 2588 si
1704 2524 1736 2587 in

234 2627 345 2691 eadem
358 2624 494 2689 ecclesia
516 2624 607 2704 foret,
632 2625 685 2689 si.
706 2675 712 2688 .
733 2676 766 2690 ..
791 2631 865 2690 tuuc
889 2627 1043 2689 vacabant
1065 2625 1114 2687 vel
1138 2644 1209 2688 cum
1224 2632 1376 2690 vacarent
1393 2675 1401 2691 .
1421 2678 1427 2689 .
1448 2676 1455 2692 .
1476 2677 1492 2709 .,
1516 2628 1735 2708 conterendas,

234 2730 441 2796 corilerendos
464 2727 515 2793 vel
538 2728 729 2794 conterenda
752 2730 836 2795 tibi.
857 2782 862 2794 .
883 2783 890 2796 .
910 2780 917 2794 .
942 2730 1107 2794 dorracioui
1131 2730 1304 2812 apostolice
1327 2732 1560 2797 reservavimus
1583 2751 1620 2797 ac
1635 2731 1734 2799 volui·

234 2853 312 2918 mus,
336 2834 429 2916 quod,
463 2834 691 2915 quamprimum
727 2835 833 2917 vigore
869 2835 953 2898 dicte
978 2835 1083 2915 gracie
1106 2834 1289 2900 huiusmodi
1313 2836 1475 2917 prebende
1499 2856 1535 2901 ac
1559 2837 1736 2921 dignitatis,

233 2946 423 3022 personatus
455 2939 506 3004 vel
536 2938 631 3004 officii
665 2941 900 3022 possessionem
937 2939 1022 3004 feres
1048 2939 1211 3021 pacificam
1235 2946 1410 3022 assecutus,
1445 2946 1630 3024 perpetuam
1654 2941 1737 3006 vica·

234 3047 320 3128 narn,
344 3064 436 3127 quam
460 3045 493 3109 in
516 3045 601 3110 dicta
624 3046 761 3110 ecclesia
783 3046 958 3127 obtinebas
981 3051 1077 3127 prout
1099 3044 1234 3127 obtines,
1253 3094 1260 3109 .
1279 3094 1285 3108 .
1305 3095 1311 3109 .
1332 3096 1338 3109 .
1363 3045 1489 3111 omniuo
1510 3046 1672 3110 dimittere
1688 3052 1735 3111 te·

233 3150 365 3227 neren's,
402 3156 496 3233 prout
527 3151 558 3214 in
590 3150 708 3216 nostris
731 3150 805 3214 iude
829 3149 982 3216 confectis
1013 3149 1132 3214 litteris
1154 3148 1281 3230 plenius
1304 3149 1492 3214 continetur.
1540 3151 1603 3214 Nos
1626 3150 1735 3231 itaque

234 3256 377 3321 volentes
401 3261 443 3338 te,
469 3255 533 3338 qui,
564 3255 648 3320 sicut
670 3256 797 3331 asseris,
823 3257 1023 3338 prebendam,
1057 3254 1255 3335 dignitatem,
1287 3262 1490 3335 personatum
1525 3254 1575 3320 vel
1599 3252 1736 3320 officium

233 3359 412 3424 huiusmodi
453 3360 561 3442 vigore
602 3360 759 3423 dictarum
801 3361 979 3425 litterarum
1014 3360 1152 3424 nondum
1187 3364 1352 3422 assecutus
1386 3357 1484 3440 luisti,
1504 3411 1511 3427 .
1531 3411 1537 3423 .
1557 3409 1591 3423 ..
1626 3357 1733 3423 favore

233 3463 381 3546 prosequi
404 3462 558 3545 ampliori,
583 3463 647 3527 tuis
671 3463 958 3544 supplicaciouibus
982 3463 1136 3540 inclinati,
1161 3468 1197 3526 ut
1220 3462 1368 3525 vicariam
1392 3463 1567 3544 predictam
1592 3482 1648 3544 pro
1665 3463 1727 3528 alio

234 3569 283 3633 vel
323 3569 396 3633 ediis
434 3568 585 3634 beneficio
623 3586 680 3632 seu
719 3567 880 3633 beneficiis
918 3568 1143 3634 ecclesiasticis
1181 3566 1280 3631 libere
1317 3572 1498 3648 permutare
1538 3586 1574 3631 ac
1612 3566 1728 3631 beneti-

234 3673 314 3738 cium
352 3673 403 3736 vel
440 3672 603 3753 beneficia,
638 3675 720 3754 quod
760 3674 809 3736 vel
847 3692 907 3754 que
952 3674 1058 3755 vigore
1101 3671 1347 3755 permutationis
1385 3670 1565 3737 huiusmodi
1603 3672 1731 3752 assequi

234 3785 265 3842 te
287 3778 460 3860 continget,
485 3796 639 3842 unacum
663 3778 849 3843 canonicatu
872 3784 905 3842 et
928 3777 1089 3859 prebenda
1106 3796 1142 3841 ac
1158 3775 1364 3859 prestimouio
1384 3794 1441 3840 seu
1456 3776 1650 3859 obediencia,
1673 3794 1734 3856 que

232 3882 262 3946 in
276 3882 533 3965 wissegradensi
556 3883 690 3963 obtines,
715 3900 751 3946 ac
774 3884 945 3966 prebenda,
969 3884 1135 3965 dignitate,
1160 3887 1332 3965 personatu
1348 3882 1399 3946 vel
1415 3881 1528 3965 cilicio,
1553 3901 1640 3965 quas,
1656 3900 1734 3965 quos

233 3986 283 4051 vel
305 4004 367 4068 que
380 3986 413 4052 in
425 3987 536 4051 eadem
560 3986 713 4068 l'ragensi
736 3986 882 4051 ecclesiis
906 3988 1032 4068 assequi
1049 3994 1081 4052 te
1098 3987 1203 4051 forsan
1220 3987 1392 4068 continget,
1415 3987 1582 4052 dummodo
1599 4004 1634 4049 se
1650 4004 1732 4071 corn-

233 4092 398 4173 paciantur
420 4091 564 4174 invicem,
588 4091 676 4156 licite
700 4093 839 4156 retinere
872 4092 1035 4174 premissis
1059 4111 1121 4158 nou
1145 4090 1346 4156 obstantibus
1370 4091 1485 4173 valeas,
1516 4091 1575 4155 tibi
1598 4090 1733 4156 auctori·

233 4201 299 4261 tate
322 4194 499 4279 apostolica
521 4201 631 4260 tenore
666 4195 865 4277 presencium
888 4196 1088 4276 indulgemus
1107 4245 1114 4263 .
1135 4246 1139 4256 .
1162 4247 1195 4261 ..
1229 4197 1265 4260 b.
1291 4194 1446 4258 diviniore
1472 4193 1497 4258 V
1522 4195 1564 4258 id.
1589 4194 1733 4259 lanuarii

234 4320 259 4366 u.
283 4307 406 4383 quarto.

359 4490 392 4546 It
411 4492 461 4545 Av.
482 4496 533 4544 133
551 4490 599 4544 iol.
619 4496 677 4546 190.

877 4650 1082 4660 —-

232 4823 320 4890 411.
343 4821 584 4905 Arctiepiscopo
609 4824 767 4903 Propensi
790 4823 974 4907 inondutnr,
996 4825 1151 4905 quatenos
1173 4819 1371 4902 Murquaroio
1387 4819 1424 4885 de
1438 4821 1568 4887 dobosa
1581 4822 1608 4902 ³)
1632 4818 1730 4885 sacri·

232 4932 297 4992 stae
318 4926 465 4993 ecclesiae
495 4927 749 5008 Visseprodcnsis
769 4947 867 5010 prope
889 4929 1032 5007 Pragom
1066 4926 1104 4989 de
1126 4927 1314 4990 carrouicata
1348 4926 1484 4989 eiusdem
1507 4925 1653 4990 ecclesiae
1673 4925 1731 4989 sub

231 5032 443 5115 expectatione
459 5032 660 5114 praebendae
678 5032 840 5115 provideri
859 5035 1014 5115 procuret,
1038 5050 1099 5096 nori
1111 5030 1316 5109 obstantibus,
1343 5030 1442 5114 „qnod
1460 5031 1542 5094 idem
1559 5033 1730 5109 Morquar·

232 5136 344 5201 dacin
365 5137 475 5209 eodem
497 5136 627 5202 ecclesio
649 5139 833 5203 sacristiam
856 5157 925 5202 arrio
944 5136 1147 5218 prostirrrouio
1171 5136 1255 5201 alias
1286 5135 1513 5200 abortienciuriu
1538 5136 1571 5198 in
1597 5137 1730 5201 Kururu·
