3944 6060
230 406 304 473 ,464
835 406 908 458 Acta
926 402 1080 459 Innocentii
1096 405 1144 462 Vl.

119 616 123 623 ’
241 615 356 680 1166.
381 610 509 693 Adue⁸)
535 613 642 677 abboli
671 613 857 678 recoostcrii
882 611 1261 696 recommemorata
1290 633 1315 678 s.
1340 611 1504 680 Benedicti
1528 611 1752 681 obmutesce

237 717 316 784 dioc.
339 716 531 800 indulcetur,
560 722 595 782 ut
618 721 778 797 consessor
800 717 925 782 elusio
945 716 1057 781 mortis
1079 715 1214 782 articulo
1232 717 1364 800 plenum
1385 717 1524 783 mnrium
1541 721 1752 800 pemmonem

238 821 454 888 remissionem
484 823 513 886 ei
542 822 704 886 concedere
728 821 843 904 possit.
891 820 1078 907 ,Peaeum
1127 819 1303 902 ,Amirriome
1341 822 1371 885 X
1400 822 1463 887 lcul.
1493 820 1686 889 Novembris
1716 844 1748 888 a

922 926 1060 990 ocleoo.“

1182 1037 1344 1118 Aciniome,
1368 1039 1455 1104 1360
1479 1037 1624 1104 Octobris
1647 1041 1702 1104 23.

369 1228 400 1306 R,
420 1228 470 1280 As.
493 1232 540 1280 lla
560 1226 606 1281 Iol.
627 1232 696 1308 536.Ι
711 1259 735 1267 -
754 1231 779 1295 ⁸)
797 1226 873 1305 ,Ade‘
893 1231 941 1283 Αν.
957 1227 983 1294 b)
1001 1226 1192 1295 ,Trebetensis‘
1212 1230 1260 1281 Αν.
1338 1258 1341 1265 .

889 1437 1092 1449 -—.—

242 1612 358 1676 1156.
383 1609 505 1676 Salutio
524 1611 678 1692 pecuniae
697 1632 756 1692 per
781 1608 972 1675 Guilelmum
994 1610 1032 1674 dc
1054 1611 1186 1676 Lcsllcov
1209 1610 1398 1675 collectorem
1419 1610 1454 1674 in
1471 1612 1639 1694 provincia
1665 1613 1747 1676 Pre-

837 1715 926 1795 pensi
947 1714 1138 1779 recollectae.

1366 1829 1450 1892 1360
1474 1826 1623 1894 Octobris
1646 1831 1700 1895 27.

370 2019 460 2083 Anno
483 2039 502 2082 a
525 2019 692 2084 nativitate
727 2018 844 2085 domini
867 2017 1035 2082 millesimo
1059 2015 1204 2098 CCCLX,
1227 2016 1404 2084 indiccione
1428 2017 1515 2101 XIII,
1537 2017 1746 2102 pontificatus

239 2174 245 2187 .
267 2172 274 2186 .
295 2173 301 2184 .
322 2172 328 2186 .
348 2122 528 2187 Innocencii
549 2174 555 2187 .
576 2173 582 2186 .
603 2173 636 2188 ..
672 2141 753 2205 pape
777 2123 861 2187 sexti
896 2143 924 2187 a.
949 2128 1059 2188 octavo
1083 2121 1135 2188 die
1158 2120 1280 2186 XXVII
1302 2122 1422 2188 mensis
1446 2122 1596 2189 Octobris
1618 2124 1746 2207 recepti

239 2225 369 2290 luerunt
391 2244 410 2291 a
433 2225 559 2291 domino
576 2225 746 2299 Guillelmo
769 2228 809 2292 de
824 2227 978 2309 uastare)
1001 2227 1121 2294 decano
1144 2226 1280 2292 ecclesie
1298 2227 1553 2311 Vlcegradensis,
1570 2231 1746 2300 collectore

239 2330 413 2413 apostolico
446 2331 479 2395 in
502 2330 665 2412 provincia
689 2331 840 2414 Pragensi
875 2331 1066 2397 auctoritate
1100 2332 1275 2415 apostolica
1306 2331 1491 2414 specialiter
1513 2333 1678 2419 deputato,
1703 2337 1746 2404 de

238 2434 382 2517 pecuniis
415 2453 474 2517 per
496 2452 567 2498 eum
590 2434 623 2498 in
658 2434 744 2499 dicta
777 2453 835 2500 sua
858 2435 1041 2502 collectaria
1074 2437 1214 2520 receptis
1237 2441 1272 2501 et
1305 2436 1485 2502 recollectis
1520 2440 1560 2504 ad
1583 2457 1745 2507 cameram

107 2578 109 2582 >
237 2539 483 2622 pertinentibus,
506 2539 576 2621 ipso
600 2538 792 2604 manualiter
813 2539 988 2621 recipiente
1021 2576 1060 2584 -
1092 2537 1157 2605 IIIC
1178 2539 1289 2606 floreni
1313 2540 1487 2607 sentencie.

369 2728 420 2782 Iut.
440 2735 468 2782 et
486 2728 551 2781 Exit
569 2731 660 2795 (taso)
680 2733 730 2782 293
750 2728 796 2782 lul.
817 2735 857 2782 71.
878 2758 910 2767 -
929 2728 979 2782 Ed.
999 2729 1073 2797 apud
1091 2728 1200 2797 Kirsch,
1220 2729 1410 2784 Ilollektorieu
1429 2746 1490 2799 pag.
1504 2735 1564 2787 388.
1585 2762 1616 2773 -
1631 2740 1658 2802 ε)
1676 2733 1744 2789 Cor-

237 2814 306 2884 rige:
326 2816 456 2883 ,lescuv‘⁸
479 2846 504 2854 -
528 2816 559 2868 In
578 2831 663 2884 marg.
683 2828 788 2882 super:
806 2815 952 2883 ,Collector
970 2814 1099 2870 Boemie‘.

238 3199 355 3273 1157.
390 3197 522 3264 Carolus
547 3200 759 3263 Romanorum
788 3201 961 3282 imperator
991 3199 1160 3283 supplicat,
1191 3204 1346 3284 quotenus
1373 3201 1516 3284 provisio
1553 3201 1745 3269 'l'lreoderico

236 3302 274 3366 de
298 3302 423 3367 Litooia
452 3305 551 3382 scete
584 3302 622 3366 de
654 3302 811 3367 decanatu
848 3303 1090 3369 Vectisluoiemi
1121 3308 1151 3369 et
1185 3305 1357 3388 acceptatio
1389 3305 1527 3371 eiusdem
1566 3306 1745 3372 decanatus

888 3407 1094 3490 confirmetur.

1139 3545 1302 3630 Asiaene,
1325 3548 1412 3611 reso
1434 3547 1621 3614 vemas
1643 3551 1697 3615 19.

367 3736 531 3819 Significat
565 3736 604 3802 S²¹
637 3737 690 3801 V‘0
715 3738 849 3803 devotus
873 3737 957 3801 lilius
980 3744 1087 3802 vester
1110 3737 1249 3802 Karalus
1272 3737 1485 3803 Romanorum
1508 3737 1684 3821 imperator
1707 3747 1745 3807 et

237 3842 366 3907 BoemIe
400 3861 465 3923 rex,
497 3842 581 3923 qnod
605 3841 680 3907 olim
705 3841 840 3906 dilectus
875 3841 935 3906 sibi
959 3840 1166 3906 Theodricus.
1189 3841 1228 3905 de
1252 3841 1403 3907 Lithouia
1433 3841 1568 3907 clericus
1592 3848 1628 3908 et
1651 3844 1743 3911 curie

237 3963 293 4010 sue
316 3945 459 4010 notarius
493 3946 681 4011 decanatum
716 3945 851 4010 ecclesie
878 3944 1151 4010 Wratislauiensis
1185 3949 1270 4020 tunc,
1304 3952 1341 4010 ut
1363 3944 1536 4028 dicebatur,
1570 3954 1743 4014 vacantem

237 4065 295 4129 per
317 4049 436 4113 obitum
460 4048 615 4128 quondam
639 4049 793 4115 lobannis
817 4050 857 4114 de
880 4049 1017 4131 Zedliez‚
1042 4048 1096 4130 qui
1119 4067 1175 4130 pro
1199 4048 1299 4132 ipsius
1323 4049 1459 4114 ecclesie
1482 4051 1603 4116 decano
1626 4069 1662 4117 se
1686 4073 1743 4136 ge·

236 4151 329 4215 rebat
351 4157 384 4216 et
407 4152 594 4217 decanatum
618 4153 730 4235 ipsmn,
754 4153 827 4217 dum
850 4153 981 4235 viveret,
1006 4151 1200 4235 possidebat,
1229 4160 1322 4218 extra
1344 4154 1517 4219 Romanam
1540 4156 1662 4220 curiam
1686 4157 1743 4223 de·

236 4254 345 4337 functi,
367 4255 475 4336 vigore
499 4257 695 4335 quarundam
718 4264 896 4322 vestrarum
919 4256 1099 4321 litterarum
1123 4258 1302 4340 acceptavit
1317 4259 1406 4323 etde
1422 4259 1478 4325 illo
1501 4259 1562 4325 sibi
1577 4260 1744 4343 provideri

236 4359 313 4424 fecit
335 4378 469 4440 eumque
494 4366 609 4426 extunc
631 4362 761 4443 pacifice
784 4361 937 4444 possedit,
961 4367 1056 4444 prout
1071 4361 1224 4443 possidet.
1249 4361 1327 4426 Cum
1351 4368 1466 4444 autem,
1489 4369 1582 4444 pater
1604 4366 1742 4432 sanetis-

236 4465 325 4542 sime,
350 4484 368 4528 a
391 4465 551 4529 nonnullis
575 4465 748 4544 dubitetur,
772 4466 855 4546 quod
879 4465 982 4531 dictus
1005 4465 1167 4531 lohannes
1190 4465 1240 4531 ius
1263 4485 1326 4531 non
1348 4466 1497 4532 habuerit
1517 4467 1551 4532 in
1574 4468 1661 4535 dicto
1686 4471 1743 4537 de-

235 4575 360 4645 eauatu,
391 4575 426 4633 et
448 4568 531 4649 quod
564 4569 634 4650 ipse
658 4569 831 4635 decanatus
866 4570 906 4635 ad
929 4571 1086 4651 quondam
1110 4571 1276 4636 Albertum
1309 4571 1349 4636 de
1374 4571 1523 4655 Bochnia,
1558 4573 1613 4654 qui
1635 4593 1744 4658 nuper

236 4677 327 4737 extra
350 4672 469 4737 curiam
492 4674 665 4738 Romanam
688 4674 838 4757 decessit,
862 4674 1054 4757 pertinebat,
1078 4675 1239 4757 supplicat
1260 4675 1346 4740 idem
1369 4675 1552 4758 imperator,
1575 4684 1743 4758 quatenus

236 4775 298 4841 sibi
320 4776 353 4840 in
376 4794 543 4859 personam
566 4777 643 4842 dicti
666 4777 722 4841 Th.
748 4778 918 4860 specialem
935 4779 1073 4862 graciam
1096 4778 1261 4862 facientes,
1285 4779 1460 4862 dignemini
1482 4782 1743 4864 acceptacIonem

237 4886 271 4946 et
293 4880 504 4963 provisionem
539 4881 699 4963 predIctas
734 4888 768 4948 et
791 4883 895 4947 omnia
927 4883 1002 4949 inde
1036 4888 1147 4947 secuta
1180 4883 1345 4966 premissis
1378 4901 1441 4949 non
1472 4886 1676 4952 obstantibus
1698 4905 1741 4955 ex

235 4991 323 5050 certa
345 4983 485 5048 sciencia
514 4983 699 5050 confirmare
732 4987 782 5050 vel
806 4985 866 5051 sibi
897 4988 936 5052 de
960 4987 1045 5052 dicto
1078 4988 1235 5052 decanatu
1259 4988 1298 5052 de
1322 5007 1402 5054 novo
1432 4989 1613 5073 providere,
1636 4992 1740 5058 eciam

231 5089 259 5153 si
286 5089 460 5153 decanatus
484 5089 553 5171 ipse
571 5090 633 5155 alio
651 5090 855 5170 quovismodo
879 5099 980 5166 vacet,
1005 5097 1039 5156 et
1062 5091 1161 5156 eciam
1178 5091 1205 5155 si
1229 5091 1300 5156 eius
1323 5093 1453 5159 collacio
1477 5112 1534 5176 per
1556 5093 1742 5162 devolucio·

233 5211 304 5257 nem
328 5200 384 5259 aut
407 5194 659 5260 reservacionem
684 5212 741 5257 sen
765 5195 845 5260 alias
861 5195 1141 5276 quomodocunque
1166 5195 1326 5261 adsedem
1343 5197 1549 5280 apostolicam
1564 5197 1742 5282 pertineat,

238 5301 273 5361 et
294 5297 517 5363 nichilomInus
540 5297 597 5362 Th.
621 5298 655 5362 in
679 5297 759 5382 iure,
792 5299 820 5362 si
842 5299 926 5380 quod
947 5298 1091 5382 predicto
1114 5299 1246 5366 Alberto
1281 5300 1313 5365 in
1336 5301 1448 5367 eodem
1471 5301 1641 5384 decanatu,
1663 5303 1743 5371 dum
