3990 6052
893 443 960 497 uros
977 438 1071 496 aare
1089 445 1113 495 r.
1718 442 1759 510 15

250 652 316 717 31.
342 647 500 715 Reimboto
531 648 743 731 Eberhardi·)
767 651 801 714 in
821 649 979 715 medicina
1008 649 1199 732 baccalario,
1226 647 1359 734 plrpsico
1383 668 1422 712 ac
1448 647 1617 728 familiari
1646 647 1759 714 Annae

252 755 467 819 Rornanorrun
488 753 626 836 repinae,
645 754 832 838 providetur
854 755 892 820 cle
910 755 1100 820 canonicatu
1120 753 1267 820 ecclcsiae
1290 749 1525 818 Worrnatierisis
1540 753 1597 818 sub
1613 759 1757 837 expecta·

251 857 334 922 tione
351 858 561 942 praebendae,
605 858 885 924 nonobstantibus
906 863 943 922 ut
966 858 999 924 in
1022 857 1253 943 supplicatione
1282 856 1339 922 sub
1362 878 1410 922 nr.
1434 854 1514 938 tbi)
1555 858 1757 941 ‚liciarum

250 962 405 1026 sciencia“
442 960 616 1039 „Aninione
646 964 691 1028 VI
716 984 788 1030 non.
811 963 931 1028 Marcii
960 983 991 1027 a.
1011 962 1146 1044 prirno“.
1174 997 1208 1010 -
1241 964 1280 1027 ln
1309 984 1335 1026 e.
1358 982 1399 1027 m.
1423 961 1539 1027 decarw
1562 962 1758 1028 Basiliensis

387 1070 418 1131 et
439 1067 624 1134 scholastico
648 1069 905 1150 Mapuntincnsis
927 1087 965 1132 ac
987 1069 1143 1132 sacristae
1164 1065 1386 1133 Arinionensis
1408 1064 1619 1131 ecclesiarum.

299 1193 398 1293 .Ξῖ
406 1279 412 1292 .
1150 1275 1152 1279 .
1250 1222 1711 1306 alienaealienae.

380 1412 412 1467 R.
431 1416 481 1466 Ar.
503 1419 552 1467 124
570 1413 618 1469 fol.
636 1419 696 1480 bat,
714 1413 746 1468 R.
765 1412 826 1468 Vnt.
847 1418 896 1467 220
915 1412 962 1467 iol.
980 1416 1048 1467 4⁷9¹.
1067 1443 1101 1454 -
1115 1415 1140 1480 ⁸)
1159 1413 1308 1484 ,Reymhot
1327 1411 1452 1468 Ebrardi‘
1471 1416 1521 1467 hv.
1547 1413 1572 1478 b)
1591 1428 1671 1483 ,parm
1690 1412 1755 1469 ecel.

250 1501 280 1555 iu
301 1499 457 1571 Vyoluuier‘
476 1502 524 1554 Ar.

900 1711 1105 1727 ———

248 1887 311 1952 32.
341 1882 581 1968 Arabicpiscopo
605 1886 760 1965 Propeusi
789 1884 971 1960 niandatur,
1002 1888 1156 1966 quatenns
1188 1883 1281 1948 Petro
1311 1885 1447 1951 Divissii
1476 1886 1514 1951 de
1549 1885 1754 1970 Talmberp,·)

248 1989 286 2053 de
309 1989 499 2054 canonicatu
520 1987 668 2054 ccclesiae
698 1988 949 2070 Vissepradcnsis
972 1990 1027 2053 sub
1050 1989 1263 2072 expectatione
1280 1989 1481 2072 praebendae
1499 1991 1661 2073 provideri
1678 2011 1754 2072 pro-

248 2097 343 2176 curet,
387 2111 449 2157 riori
471 2090 666 2157 obstantibus
695 2096 730 2156 ut
759 2093 793 2156 in
815 2093 1046 2177 supplicatione
1075 2093 1133 2158 sab
1159 2114 1206 2158 nr.
1237 2093 1288 2158 26.
1339 2093 1499 2176 „Dipnum
1531 2093 1746 2159 arbitramur“

658 2194 832 2277 „Aninionc
864 2197 907 2262 Vl
927 2217 997 2263 non.
1021 2197 1143 2264 Marcii
1165 2219 1186 2263 a
1213 2199 1350 2280 primd‘.

296 2283 364 2423 ἐ.
1247 2354 1410 2430 Arinionc,
1432 2357 1518 2420 1353
1542 2354 1658 2421 Martii
1678 2360 1708 2420 2.

377 2543 409 2599 R.
429 2547 478 2598 hv.
499 2550 548 2599 124
567 2543 613 2598 iol.
633 2549 693 2613 512,
712 2543 742 2601 R.
763 2543 824 2598 Vnt.
844 2549 895 2599 220
914 2544 958 2600 l‘ol.
978 2547 1047 2599 418³.
1059 2575 1091 2585 -
1111 2544 1135 2610 ⁸)
1154 2542 1313 2610 ‚Disbischii
1331 2543 1365 2599 de
1382 2543 1568 2614 Tulleraherg‘
1586 2547 1636 2599 Ar.

897 2755 1101 2767 -ἠ

245 2950 312 3014 33.
342 2945 479 3013 Carolus
504 2947 715 3013 Romanorum
742 2951 772 3012 et
793 2945 964 3011 Belemiae
995 2967 1052 3011 rec
1082 2945 1252 3031 supplicat,
1285 2949 1439 3026 quatenus
1468 2945 1691 3031 infrascriptis
1715 2947 1752 3014 de

247 3049 507 3117 archidiaconatu
530 3050 715 3134 Curimensi
748 3051 786 3117 de
808 3050 1045 3116 canonicatibus
1067 3054 1097 3115 et
1113 3050 1304 3136 praebendis
1327 3049 1472 3117 ecclesiae
1504 3051 1752 3133 Vissepradensis

398 3158 438 3240 ,et
462 3155 633 3236 Propontis
657 3160 686 3220 ct
708 3155 746 3219 de
765 3153 948 3237 parochiali
969 3155 1098 3221 ecclesia
1120 3157 1156 3220 in
1181 3154 1363 3242 Pfeffinpen
1380 3156 1596 3241 provideatur.

1243 3294 1407 3377 Acinione,
1431 3297 1516 3360 1353
1543 3295 1657 3360 Martii
1678 3295 1707 3362 2.

375 3485 540 3570 Supplicat
574 3487 613 3553 su
656 3489 710 3556 va
732 3489 867 3553 devotus
896 3486 980 3552 filius
1011 3492 1118 3552 vester
1148 3487 1285 3552 Karalus
1316 3488 1528 3553 Romanorum
1558 3493 1592 3552 et
1621 3485 1751 3553 Boemie

246 3610 313 3674 rex,
335 3599 492 3673 quatenus
515 3593 576 3658 sibi
599 3593 768 3677 specialem
792 3593 930 3675 graciam
953 3592 1117 3674 iacientes,
1141 3591 1314 3673 dignemini
1337 3592 1521 3674 providere:

374 3715 533 3781 Genczoni
546 3715 683 3780 Zauissii
697 3714 888 3797 llengosdey
903 3722 930 3793 ἒ)
943 3714 1107 3796 capellano
1119 3731 1176 3779 suo
1200 3714 1403 3779 commensali
1428 3714 1468 3779 de
1492 3712 1751 3779 archidiaconatu

244 3818 422 3884 (luduicus
446 3820 477 3884 iu
501 3819 638 3884 ecclesia
660 3819 821 3901 Prageusi,
853 3826 984 3882 vaciirrte
1008 3836 1066 3901 per
1088 3819 1208 3884 obitum
1232 3818 1364 3883 condam
1386 3816 1521 3900 Bohute,
1549 3817 1623 3881 olim
1646 3816 1749 3882 archi-

244 3924 370 3988 diaconi
393 3923 598 4003 Curimensis,
621 3925 654 3988 in
678 3923 790 3989 eadem
813 3923 950 3988 ecclesia
972 3928 1064 3987 extra
1086 3923 1258 3988 Romanam
1283 3923 1401 3986 curiam
1425 3921 1576 4001 defuncti,
1600 3921 1700 3986 eciam
1723 3921 1752 3988 si

244 4028 289 4093 sit
311 4029 505 4109 generaliter
526 4029 578 4094 vel
602 4028 787 4112 specialiter
808 4033 1000 4109 reservatur,
1024 4046 1086 4092 uon
1109 4027 1267 4106 obstante,
1289 4025 1372 4107 quod
1395 4025 1428 4090 iu
1450 4026 1562 4091 eadem
1584 4043 1654 4089 cum
1677 4025 1750 4090 obo-

244 4131 371 4196 diencia
394 4138 428 4197 et
451 4134 482 4198 in
505 4133 761 4216 wissegradensi
788 4131 956 4212 Prageusis
980 4130 1060 4196 dioc.
1084 4129 1227 4195 ecclesiis
1251 4129 1454 4194 canonicatus
1477 4129 1602 4195 obtinet
1623 4134 1658 4194 et
1678 4146 1749 4211 pre·

243 4234 375 4311 bendas,
399 4254 468 4302 curu
491 4237 563 4302 aliis
586 4255 648 4303 uon
672 4237 871 4303 obstantibus
894 4243 928 4299 et
950 4235 1101 4301 clausulis
1124 4236 1289 4316 oportunis
1312 4253 1348 4298 ac
1371 4234 1607 4299 executoribus.

375 4357 454 4440 liat
477 4359 538 4424 nisi
561 4358 658 4423 luerit
681 4358 775 4423 alteri
798 4358 848 4421 ius
871 4358 1030 4438 quesitum
1055 4359 1092 4419 tl.

374 4479 453 4543 ltem
499 4479 668 4545 Wilhehno
710 4478 888 4545 Buschonis
924 4479 963 4543 de
1008 4476 1181 4543 Vilarzcier
1215 4479 1254 4542 de
1288 4477 1474 4544 canonicatu
1521 4482 1555 4541 et
1587 4476 1749 4559 prebenda

242 4583 377 4649 ecclesie
401 4583 675 4666 wissegradensis
709 4583 851 4665 predicte
887 4583 982 4647 simili
1016 4582 1107 4648 modo
1149 4581 1343 4656 vacantibus,
1382 4600 1444 4646 uon
1476 4582 1634 4662 obstante,
1667 4581 1748 4662 (ruod

242 4686 471 4771 parrochialem
493 4687 660 4752 ecclesiam
678 4686 711 4751 iu
728 4686 835 4752 Clacoi
853 4690 879 4768 b)
895 4686 1062 4770 Pragensis
1079 4686 1157 4751 dioc.
1167 4684 1299 4765 obtinet,
1309 4702 1378 4748 curn
1389 4684 1460 4750 aliis
1473 4703 1535 4750 uon
1549 4684 1749 4751 obstantibus

243 4799 277 4857 ct
300 4791 450 4856 clausulis
473 4795 510 4856 ut
532 4808 637 4892 supra.

375 4912 456 4996 Fiat,
480 4912 542 4977 uisi
565 4919 626 4978 etc.
652 4914 688 4978 G.

372 5037 453 5102 ltern
477 5034 627 5100 Habardo
650 5035 781 5100 Hemici
805 5035 844 5099 de
868 5035 1047 5115 llaleuara
1071 5035 1110 5098 de
1142 5032 1329 5098 carronicatu
1360 5038 1394 5098 et
1424 5032 1586 5115 prebenda
1612 5033 1748 5098 ecclesis

244 5140 415 5223 Pragensis
438 5139 534 5204 simili
558 5140 650 5205 ruodo
673 5139 868 5223 vacantibus
901 5159 961 5205 non
985 5141 1142 5222 obstante,
1166 5137 1249 5218 quod
1272 5136 1503 5219 parrochialem
1526 5137 1692 5201 ecclesiam
1716 5137 1747 5199 iu

249 5245 391 5311 Besdm
415 5244 499 5309 dicte
523 5244 602 5309 dioc.
621 5243 752 5326 obtinet,
775 5263 845 5309 cum
869 5244 940 5309 aliis
963 5251 999 5308 ut
1022 5262 1125 5326 supra.

378 5349 458 5431 Fiat,
482 5348 542 5413 nisi
566 5356 626 5413 etc.
652 5352 689 5412 tl.
