4180 6190
762 492 830 544 reue
849 483 917 543 mati
935 493 969 543 re
987 519 1020 528 -
1038 487 1105 543 urii
1123 492 1165 542 or.
1648 485 1711 556 3‘l'l

211 703 359 764 vacantes
378 749 385 763 .
405 749 412 766 .
432 747 465 763 ..
496 703 583 764 motu
613 697 791 781 proprio..
812 749 818 763 .
839 747 845 761 .
882 698 1056 780 apostolica
1085 699 1144 764 tibi
1175 699 1365 765 auctoritate
1396 697 1585 764 conferimus
1614 703 1648 762 et
1670 697 1710 762 de

213 802 278 870 illis
300 803 401 869 eciam
423 801 651 887 providemus.
671 855 677 868 .
697 852 705 868 .
725 854 732 870 .
757 803 794 867 D.
820 803 976 870 Aninione
999 802 1061 868 Vll
1082 803 1145 868 kal.
1169 803 1255 870 lunii
1280 824 1307 869 a.
1332 803 1478 887 septimo.

340 925 377 990 ln
399 943 427 991 e.
451 943 481 990 m
485 975 600 992 .....
624 925 783 991 Miudensi
801 931 860 992 et.
881 925 1329 1009 .Luthomuslonsiepiscopir
1351 944 1389 991 uc
1407 977 1413 990 .
1434 977 1440 994 .
1460 977 1468 991 .
1490 975 1497 990 .
1520 925 1640 990 deceno
1664 941 1714 988 ec·

211 1029 309 1094 clesie
332 1047 357 1094 s.
381 1027 520 1112 Agricoli
544 1029 777 1094 Aninionensis.

316 1234 347 1290 lt.
366 1235 415 1289 dv.
437 1241 483 1288 mr
503 1233 550 1290 tol.
570 1229 637 1290 188¹.

212 1583 301 1652 951.
330 1581 538 1650 Theodoriana
562 1581 735 1650 Dlutomiu·
758 1583 795 1650 de
816 1582 941 1650 Blotna
964 1583 1134 1668 supplicat,
1157 1588 1312 1670 quotenus
1334 1583 1395 1651 ribi
1410 1585 1448 1651 de
1458 1591 1610 1671 perpetuo
1626 1554 1714 1654 barc-

446 1687 519 1768 ficio
541 1687 659 1753 altaris
681 1709 707 1754 a.
732 1690 857 1754 Murice
879 1689 914 1754 v'n
935 1688 1063 1755 ecclesia
1085 1689 1243 1771 Propensr‘
1260 1688 1476 1774 provideatur.

1213 1826 1377 1909 Aninione,
1404 1825 1489 1895 1359
1512 1831 1597 1896 Mati
1619 1832 1670 1898 26.

342 2013 506 2099 Supplicut
528 2016 568 2083 su
597 2018 649 2083 Vre
681 2017 875 2084 Tbeodricus
906 2017 1079 2084 Dluhomili
1113 2018 1152 2084 de
1188 2017 1323 2084 Platbua
1355 2020 1523 2104 presbyter
1545 2020 1715 2104 Pregensis

212 2119 302 2203 dioc,
326 2127 482 2201 qnatenus
499 2121 559 2187 sibi
574 2123 711 2205 graciam
726 2120 882 2188 facientes
898 2122 1078 2206 specialem,
1103 2123 1143 2188 de
1157 2129 1313 2206 perpetuo
1330 2123 1481 2190 beneficio
1502 2124 1714 2191 ministerium

213 2224 310 2288 misse
334 2225 366 2288 in
389 2244 504 2292 aurora
524 2231 705 2310 nuncupato
728 2226 839 2293 altaris
861 2245 886 2291 s.
910 2227 1013 2292 Mario
1034 2227 1068 2292 in
1090 2227 1228 2292 ecclesia
1249 2227 1410 2312 Prugeusi,
1440 2234 1572 2295 vacante
1595 2248 1653 2312 per
1677 2229 1714 2295 li·

212 2329 321 2393 beram
351 2329 600 2412 resignationem
634 2331 667 2396 in
697 2348 808 2396 manus
837 2331 1001 2396 camerarii
1032 2332 1130 2397 vestri
1160 2329 1276 2396 iactam
1307 2350 1364 2414 per
1393 2331 1569 2399 lohannem
1593 2333 1712 2399 dictum

213 2432 371 2499 Prunsuilr
394 2435 578 2499 canonicum
602 2434 905 2518 wratislaviensem,
927 2435 1072 2500 ultimum
1102 2435 1180 2500 dicti
1202 2435 1372 2501 ministerii
1395 2437 1582 2520 ministrum,
1605 2437 1713 2520 digne·

212 2538 290 2603 ruini
314 2539 490 2622 providere,
511 2558 574 2605 nou
598 2541 753 2622 obstante,
773 2540 859 2622 uuod
882 2541 1100 2605 canonicatum
1123 2547 1159 2605 ot
1180 2541 1373 2623 prebendam
1396 2542 1531 2608 ecclesio
1558 2560 1583 2607 s.
1607 2541 1714 2624 Egidii

214 2642 384 2726 Pragensis
407 2648 441 2708 et
463 2643 620 2724 quandam
642 2649 830 2727 perpetuum
854 2643 1002 2708 vicariam
1025 2643 1138 2711 decani
1160 2644 1193 2708 in
1216 2645 1352 2710 ecclesia
1367 2645 1520 2730 Pragousi
1543 2647 1666 2711 obtinet
1681 2651 1719 2712 et·

214 2765 310 2830 super
332 2746 480 2830 plebauia
502 2747 645 2812 eiusdem
669 2748 803 2814 ecclesie
826 2747 995 2830 Pragensis
1017 2748 1050 2813 in
1073 2747 1196 2831 palacio
1219 2749 1393 2832 apostolico
1417 2750 1558 2816 noscitur
1574 2750 1713 2834 litigare,

213 2851 434 2933 quamquidem
465 2852 623 2934 vicariam,
656 2869 717 2934 que
748 2871 817 2917 oum
841 2853 925 2918 dicto
955 2839 1132 2919 ministerio
1167 2857 1275 2936 potest
1304 2853 1391 2919 licite
1415 2855 1556 2934 retineri,
1592 2855 1620 2920 si
1643 2874 1714 2924 eum

214 2957 331 3022 dictam
343 2956 521 3039 plebaniam
534 2957 677 3023 obtinere
691 2955 862 3042 contingat,
885 2962 1017 3040 paratus
1029 2964 1080 3023 est
1096 2958 1268 3038 dimittere,
1284 2965 1318 3025 et
1334 2978 1403 3024 cum
1420 2959 1491 3024 aliis
1507 2979 1569 3026 non
1586 2961 1712 3027 obstan-

215 3060 300 3127 tibus
324 3066 358 3126 et
380 3061 530 3126 clausulis
554 3062 718 3145 oportunis
741 3067 776 3128 et
798 3063 1029 3130 executoribus.

344 3183 417 3248 Fiat
439 3183 475 3249 G.
497 3184 541 3249 Et
563 3183 631 3249 sine
655 3185 718 3250 alia
740 3185 889 3251 leccione.
913 3183 987 3250 lint
1009 3185 1045 3250 G.

345 3307 383 3372 D.
407 3306 562 3374 dunione
584 3306 645 3372 Vll
667 3305 730 3372 kal.
754 3306 841 3373 Junii
865 3327 891 3373 n.
914 3307 1059 3391 septimo.

345 3514 378 3571 n
396 3515 492 3585 Suppl.
511 3520 545 3570 80
563 3514 610 3571 fol.
629 3519 670 3568 66.
691 3544 724 3556 -
742 3515 774 3570 ln
792 3532 875 3586 marg.
894 3514 981 3570 dext:
1002 3513 1069 3581 „Pro
1088 3519 1220 3570 comeret

865 3728 1053 3737 ψ.-

215 3901 304 3970 962.
332 3899 519 3984 Conmendo
536 3901 644 3984 putris
666 3899 814 3967 Andreae
834 3899 993 3968 Jotannts
1015 3901 1113 3966 Pauli
1140 3920 1236 3985 cuper
1265 3901 1396 3968 cundia
1418 3901 1456 3968 de
1478 3900 1713 3968 wnonicote'dur

377 4026 415 4072 oc
430 4006 622 4091 proebmv'e
654 4005 886 4072 Wormatlcner'e
908 4024 946 4070 oc
967 4023 992 4069 a.
1018 4004 1126 4086 Epidii
1148 4005 1322 4087 Properate
1344 4004 1558 4074 eeclesiarum.

1402 4163 1487 4228 1359
1511 4165 1597 4231 Maia·
1618 4162 1670 4228 31.

347 4354 473 4422 Andros
495 4353 650 4420 Johunnis
673 4355 763 4421 Pauli
786 4355 847 4422 fuit
870 4357 1029 4440 provisum
1053 4357 1093 4422 de
1117 4357 1354 4423 canonicatibus
1377 4360 1411 4421 et
1432 4355 1603 4438 prebendis
1615 4355 1715 4421 eccle·

215 4458 332 4525 siarum
356 4459 601 4524 wormaciensis
624 4464 658 4524 et
680 4479 704 4526 s.
729 4460 835 4542 Egidii
850 4461 1019 4544 Progensis
1042 4462 1226 4527 vacantibus
1242 4479 1300 4544 per
1317 4460 1449 4526 liberam
1464 4459 1715 4542 resignationem

215 4563 255 4628 de
278 4562 507 4630 Wormaciensi
536 4582 593 4647 per
615 4563 844 4630 Theodericum
878 4567 1015 4631 electum
1044 4566 1311 4631 Wormaciensem
1342 4571 1376 4630 et
1406 4565 1445 4627 de
1470 4583 1494 4629 s.
1519 4563 1633 4646 Egidio
1658 4581 1716 4646 per·

215 4667 379 4734 Nicolaum
403 4667 537 4735 lbidlini
559 4670 643 4751 apud
667 4669 774 4735 sedem
797 4671 1003 4753 apostolicam
1025 4668 1126 4736 lactas
1149 4669 1209 4734 Vll
1232 4669 1296 4734 kal.
1319 4669 1406 4734 Juuii
1431 4687 1458 4733 a.
1482 4666 1552 4733 VH.
1576 4667 1637 4734 Pro
1654 4668 1715 4734 isto

216 4771 392 4855 composuit
424 4772 576 4856 magister
607 4772 768 4839 lohannes
802 4774 892 4839 Pauli
914 4774 1095 4840 abreviator
1121 4772 1280 4840 Aninione
1307 4789 1503 4839 commorans
1526 4771 1578 4837 die
1601 4772 1715 4837 ultima

214 4875 334 4942 mensis
357 4876 435 4941 Maii
457 4896 484 4943 u.
507 4875 696 4944 MCGCLIX
719 4879 807 4944 etin
831 4896 866 4944 se
889 4879 991 4945 bonus
1015 4878 1115 4944 debiti
1137 4877 1296 4960 recipiens
1318 4897 1375 4960 pro
1399 4876 1484 4942 dicto
1500 4875 1629 4940 Andron
1650 4874 1715 4940 filio

215 4997 272 5046 suo
295 4980 440 5063 promisit
461 4982 584 5047 solvere
607 4999 730 5048 camere
753 4983 928 5065 apostolice
951 4983 1085 5048 mediam
1109 4981 1402 5066 parternfructuum
1415 4981 1508 5046 unius
1525 4979 1599 5045 anni
1612 4978 1713 5043 dicta-

214 5105 283 5150 rum
306 5085 536 5167 prebendarum
570 5105 589 5151 a
617 5085 700 5152 lesto
723 5087 901 5152 nauvitntis
931 5087 1049 5152 domini
1072 5085 1242 5152 Muccux
1268 5087 1310 5152 ad
1332 5092 1399 5152 tres
1422 5103 1521 5151 anuos
1543 5083 1712 5150 continuos

214 5195 250 5253 et
271 5189 454 5256 immediate
484 5199 656 5273 sequentes
686 5193 744 5259 sub
768 5192 1016 5276 obligacionibus
1046 5196 1081 5256 et
1110 5191 1282 5257 sentenciis
1314 5190 1489 5274 consuetis;
1512 5187 1714 5271 presentibus

216 5293 367 5377 magistro
379 5293 517 5362 Henrico
530 5295 569 5362 de
581 5296 699 5362 Bulten
710 5299 736 5378 ·)
759 5302 794 5361 et
816 5297 940 5363 domiuo
964 5295 1102 5362 Arnnldo
1123 5296 1163 5361 de
1176 5293 1354 5379 carsiniab)
1377 5294 1546 5361 collectore
1562 5289 1714 5358 Pollouie.

216 5435 256 5448 -
281 5399 440 5465 Amaldus
462 5399 625 5467 lobannis.
