3944 6060
221 397 279 463 138
819 389 1061 445 marauna
1079 389 1124 444 vr,

214 604 309 668 sterio
342 600 487 686 Teplenri
516 600 637 665 ordinis
671 601 993 664 Praemonstratensis
1024 598 1196 678 Propensis
1226 598 1317 672 dioc..
1342 614 1504 661 concussas
1539 593 1716 670 confirmat.

220 704 318 789 „Cum
340 727 361 768 a
384 705 471 769 nobis
490 706 631 787 petitnr“
670 703 844 782 „Aninione
868 704 971 767 XIIII
990 700 1054 766 bal.
1080 703 1166 767 Maii
1182 702 1387 785 pontificatus
1410 700 1510 765 nostri
1534 720 1564 764 u.
1588 699 1720 763 torcio·.

1177 843 1343 917 Aninione‚
1367 841 1453 904 1355
1475 836 1603 922 Aprilis
1624 836 1678 900 18.

347 1031 423 1100 (lag.
441 1030 470 1084 in
490 1030 611 1085 archivio
630 1030 789 1084 manasterii
807 1031 962 1099 Tepleasis‚
981 1033 1061 1099 copia
1079 1032 1107 1083 in
1127 1030 1246 1083 archivio
1265 1028 1370 1083 mireaei
1389 1027 1465 1095 regni
1486 1024 1641 1079 Bohemise.

216 1416 309 1483 339.
332 1413 469 1479 Carolus
493 1417 707 1480 Rornanorum
728 1415 902 1495 imperator
923 1415 1096 1497 supplicat,
1120 1420 1274 1499 quotenus
1297 1412 1440 1478 Soractia
1462 1410 1499 1475 de
1528 1408 1721 1489 Worburp·)

213 1518 407 1602 praedilecto
423 1539 478 1583 suo
493 1517 658 1603 capellano
681 1539 718 1583 ac
726 1517 901 1597 familiari
918 1518 1096 1601 domestico,
1120 1521 1157 1582 in
1170 1520 1240 1581 iure
1254 1519 1405 1583 canonico
1416 1519 1561 1598 provecto
1582 1512 1620 1578 ob
1637 1533 1719 1577 reue·

216 1624 354 1688 rentiam
376 1643 473 1688 nouae
495 1643 574 1687 suae
595 1642 727 1688 coronae
748 1623 927 1706 imperialis
950 1622 987 1685 de
1009 1621 1197 1687 canonicatu
1212 1623 1362 1686 ecclesiae
1379 1618 1646 1684 Paderbornensis
1661 1616 1719 1681 sub

217 1729 431 1810 expectatione
462 1728 593 1791 maioris
619 1726 820 1809 praebendae
844 1726 1063 1809 provideatur,
1098 1747 1159 1790 non
1188 1727 1330 1790 obstante
1363 1725 1462 1806 „quod
1486 1723 1721 1800 canonicatum,

211 1830 416 1914 prebendam,
442 1832 619 1896 cantoriam
641 1835 672 1895 ct
693 1831 848 1914 capellum
869 1851 894 1895 s.
920 1830 1070 1896 Nicholui
1091 1832 1126 1895 in
1148 1830 1278 1895 ecclesia
1303 1829 1465 1894 Mindensi
1482 1846 1614 1894 necnon
1627 1844 1721 1892 cano-

216 1936 358 2000 nicatum
391 1941 421 1999 et
448 1916 641 2018 prebendam
670 1937 705 1999 in
736 1934 867 2000 ecclesio
898 1934 1082 1999 Humelensi
1111 1935 1290 1999 Mindensis
1313 1934 1383 1998 dioc
1385 1983 1500 2000 .....
1524 1931 1723 2016 dignoscitur

217 2038 362 2121 obtinere,
386 2060 467 2121 quas
484 2043 590 2104 tamen
611 2042 788 2104 cantoriam
804 2045 832 2102 et
848 2038 1004 2122 capellam
1023 2091 1029 2104 .
1050 2093 1055 2102 .
1077 2089 1084 2102 .
1104 2091 1110 2103 .
1132 2045 1271 2122 paratus
1285 2045 1330 2106 est
1345 2040 1540 2120 resipuere&
1567 2035 1663 2117 „Ibat
1682 2033 1721 2101 G.

217 2143 260 2206 Et
293 2142 373 2225 quod
405 2146 550 2207 transeat
577 2145 647 2207 sine
676 2143 743 2207 alia
772 2143 914 2209 leccione.
959 2144 1034 2207 Fiat
1058 2143 1096 2210 b.
1130 2146 1168 2208 D.
1201 2145 1287 2226 apud
1319 2142 1548 2207 Villamnonam
1582 2139 1718 2205 Aninio·

620 2245 726 2312 nonus
748 2248 826 2313 dioc.
851 2249 926 2312 IIII
943 2267 1012 2312 non.
1038 2249 1120 2313 Maii
1141 2270 1172 2314 a.
1196 2250 1321 2313 tercio“.

1043 2387 1140 2469 Apud
1170 2387 1406 2465 Villarnnoaam,
1432 2384 1515 2448 1355
1541 2385 1625 2447 Maii
1645 2385 1678 2447 4.

349 2576 378 2628 R.
398 2575 493 2643 Suppl.
513 2580 546 2629 26
565 2574 613 2630 fol.
634 2580 691 2629 102.
711 2605 744 2614 -
766 2577 790 2641 a)
809 2573 991 2642 ,Wartberch⁴
1010 2575 1104 2644 Suppl.

217 2958 309 3024 340.
334 2956 477 3021 Servatio
507 2957 545 3020 de
583 2956 772 3037 Warburp·)
800 2957 985 3039 providetur
1014 2957 1052 3021 de
1081 2961 1271 3023 canonicatu
1301 2958 1447 3023 ecclesiae
1469 2956 1725 3020 Padebornensis

218 3061 275 3125 sub
297 3063 511 3143 expectatione
533 3062 666 3124 maioris
686 3061 894 3143 praebendae,
918 3082 981 3126 non
1003 3062 1196 3128 obstantibus
1218 3069 1254 3127 at
1277 3066 1310 3129 in
1331 3063 1566 3146 supplicatione
1586 3059 1646 3124 sub
1673 3083 1723 3125 nr.

218 3164 292 3230 339.
318 3165 521 3246 „Literarum
543 3165 698 3229 scienciu“
729 3165 842 3246 „Apud
859 3165 1092 3232 l'illanrnouum
1104 3167 1331 3233 Aninionensis
1354 3169 1430 3232 dioc.
1456 3169 1529 3231 IIII
1547 3186 1618 3230 non.
1634 3167 1727 3232 Maii

220 3290 249 3332 a.
272 3270 396 3335 tercio“.
425 3305 459 3315 -
487 3270 526 3331 In
548 3292 572 3332 e.
596 3289 637 3333 m.
661 3268 897 3351 archiepiscopo
911 3270 1096 3335 Arelatensi
1109 3279 1138 3337 ct
1154 3269 1438 3352 Fritoluriensisbt
1462 3293 1500 3336 aa
1517 3270 1725 3335 Hamelensis

480 3373 734 3452 Mapuntinensis
755 3379 785 3437 et
806 3374 985 3439 Mindensis
1007 3376 1087 3440 dioc.
1110 3378 1312 3442 eeclesiarum
1334 3377 1469 3442 decanis.
1723 3363 1726 3367 ’

1039 3515 1137 3597 Apud
1168 3516 1405 3592 Vellamnooum,
1432 3515 1514 3580 1355
1540 3512 1624 3579 Maii
1645 3517 1677 3580 4.

355 3460 359 3521 Ι

286 3493 390 3615 tr.

349 3717 379 3771 R.
400 3719 449 3769 Ar.
469 3721 516 3771 1³1
536 3716 583 3771 iol.
603 3720 660 3773 363.
683 3747 714 3755 -
733 3717 758 3771 ⁸)
780 3717 961 3784 ‚Wartberch‘
978 3722 1027 3773 Aa.
1049 3721 1075 3789 b)
1093 3722 1329 3790 ‚brutrloniensie‘
1348 3726 1397 3776 Ar.

218 4098 311 4164 341.
337 4095 489 4162 Nicotaus
508 4098 701 4180 patriarcba
725 4098 950 4186 Aquileqensis
972 4102 1135 4170 Iohannes
1148 4107 1310 4186 opiscopus
1328 4103 1547 4179 Olomucensis,
1565 4105 1725 4170 Arnestus

220 4201 474 4284 archiepiscopus
499 4203 680 4282 Prapensir,
719 4207 937 4289 Marquardus
960 4210 1121 4291 episcopus
1144 4210 1361 4290 Aupustensic
1395 4209 1558 4275 Iohannes
1580 4211 1726 4276 marchio

221 4306 460 4383 Montisserruti
481 4311 644 4386 repantur,
668 4315 822 4387 quatenus
844 4312 931 4394 apud
953 4311 1174 4393 imperatorem
1190 4314 1263 4377 dent
1279 4333 1415 4397 operum,
1438 4314 1519 4396 quod
1540 4315 1725 4381 intercessi-

219 4408 329 4472 onibus
352 4411 468 4473 sumrni
486 4410 646 4492 pontificis
667 4433 726 4496 pro
751 4413 876 4479 cundia
898 4417 1025 4480 ciuitati
1047 4416 1197 4480 Senirnoo
1213 4418 1410 4499 praestando
1433 4424 1566 4502 annuat,
1589 4424 1620 4484 et
1635 4441 1724 4502 ,otta-

485 4519 575 4580 tenus
597 4519 696 4582 etiarn
719 4518 845 4583 deruis
861 4519 1078 4603 sanitatibus
1101 4519 1258 4584 ancilium
1281 4525 1457 4600 conferant.

1037 4655 1132 4740 Apud
1164 4658 1513 4737 Villamnoourn,13bb
1537 4662 1626 4728 Moci
1648 4667 1680 4731 7.

351 4841 426 4905 Vea.
449 4841 486 4906 fr.
511 4842 641 4908 Nicolao
664 4846 842 4927 patriarche
867 4847 1072 4929 Aquilegeasi
1095 4850 1229 4914 salutem
1254 4835 1312 4916 etc.
1331 4854 1379 4918 Ad
1395 4854 1622 4919 occurrendum
1637 4857 1724 4938 peri·

219 4945 307 5027 culis,
331 4963 392 5025 que
415 4946 538 5011 civitati
561 4946 761 5032 Smiraarum,
784 4970 919 5033 proque
942 4952 981 5016 de
997 4951 1171 5018 infidelium
1188 4954 1379 5021 Tarchorum
1396 4958 1562 5040 eripienda
1576 4960 1725 5026 manibus

219 5053 342 5113 tantum
366 5049 531 5115 christiani
553 5055 716 5135 sanguinis
739 5053 958 5138 fracticum,
981 5057 1146 5121 immineat
1164 5059 1303 5138 peccatis
1326 5061 1527 5143 exigentibus
1550 5064 1642 5143 quasi
1666 5083 1724 5148 pre

218 5151 349 5235 toribus,
373 5153 539 5218 scribimus
562 5157 724 5222 carissimo
747 5159 779 5221 in
803 5158 930 5226 Christo
954 5159 1018 5225 filio
1034 5168 1141 5226 nostro
1167 5160 1279 5228 Carolo
1301 5164 1486 5246 imperatori
1508 5166 1723 5234 Romanorum

219 5272 346 5338 semper
375 5264 510 5340 augusto
540 5259 629 5323 iuxta
662 5260 802 5344 formam,
833 5281 925 5343 quani
957 5266 1100 5331 continet
1130 5267 1243 5331 cedula
1272 5269 1475 5349 presentibus
1498 5271 1685 5339 interclusa.
1699 5271 1729 5357 ¹).
