3944 6060
825 526 830 538 ·
869 517 936 565 rasa
949 511 1016 565 Maii
1031 517 1072 564 ιο.
1659 516 1724 580 239

199 720 308 787 598.
335 719 501 784 Francisco
523 720 687 783 Benedicti
708 722 747 783 de
770 705 863 783 Zatco
885 720 1035 802 (Saae)·)
1071 725 1250 784 reservatur
1276 720 1455 800 carnficinam
1478 721 1725 786 ecclesiasticum

199 843 287 887 cunr
309 822 357 886 oet
380 823 449 887 sine
471 843 558 898 ctera,
592 824 682 887 cuins
697 827 830 902 fructus
851 826 894 888 25
917 844 998 906 resp.
1021 827 1065 888 18
1087 845 1271 888 marcarum
1294 827 1417 904 arpenti
1439 826 1607 889 secundnm
1630 830 1724 891 tacca-

200 928 333 991 tionem
355 927 497 992 decimae
517 928 654 993 calorem
677 947 840 992 annonam
863 946 924 991 non
945 928 1108 1006 excedant,
1133 928 1176 991 ad
1192 928 1380 1010 praepositi,
1405 927 1517 992 decom
1540 933 1570 993 et
1591 927 1725 1009 capituli

202 1029 367 1096 ecclesiae
388 1028 634 1096 Bolcslaoiensis
657 1031 829 1109 Propemis
859 1030 937 1095 dioc.
962 1030 1158 1095 collationem
1182 1033 1357 1115 pertinens,
1396 1033 1425 1095 si
1452 1036 1547 1097 vocat
1579 1032 1626 1096 oei
1655 1054 1726 1098 cnm

210 1134 392 1198 macerarit.
418 1183 434 1215 „
449 1135 714 1199 Viteacmormn“
741 1133 857 1216 „Apccd
879 1136 1010 1198 Pontem
1032 1136 1141 1217 Scrpie
1162 1134 1386 1209 Aninionensis
1408 1136 1486 1198 diac.
1519 1136 1566 1198 VI
1581 1136 1625 1200 id.
1643 1136 1728 1201 Maii

204 1242 274 1300 ete.
305 1259 336 1299 a.
361 1239 497 1319 accinta.¹⁸
528 1275 565 1286 -
590 1242 628 1303 ln
651 1260 675 1302 e.
699 1259 740 1302 m.
764 1239 904 1321 episcopo
927 1238 1112 1303 Pctooiensi
1133 1243 1164 1302 et
1186 1241 1358 1319 Propensis
1388 1244 1418 1302 et
1439 1260 1463 1303 s.
1488 1237 1629 1323 Apricali
1650 1241 1725 1303 eli-i·

705 1341 863 1405 nionensis
885 1341 1090 1405 ecclesiarum
1113 1341 1251 1406 decanis.

981 1480 1077 1562 Apud
1101 1482 1230 1544 Pontem
1253 1481 1391 1563 Sorpiac,
1414 1480 1500 1545 1357
1523 1482 1608 1546 Maii
1631 1486 1681 1547 10.

350 1669 382 1720 R.
402 1669 451 1720 Ar.
474 1677 521 1722 136
540 1669 586 1722 fol.
609 1677 665 1723 149.
685 1702 717 1709 —
742 1673 765 1736 ³)
784 1670 871 1736 ,Zacz‘
891 1672 939 1722 Ar.

212 1999 315 2065 599.
340 1999 527 2079 Hartnnpns
559 2003 588 2060 et
609 1999 772 2065 dobannes
797 2000 966 2064 Hasticonis
996 1999 1033 2062 dc
1056 2000 1193 2063 Nebntel
1215 2001 1405 2084 supplicant,
1429 2005 1583 2084 quatenns
1606 1999 1670 2063 sibi
1691 2000 1730 2064 de

660 2102 813 2181 beneficiis
837 2105 1057 2169 ecclesiasticis
1074 2105 1290 2185 provideatur.

984 2240 1079 2325 Apud
1104 2243 1232 2306 Pontem
1255 2243 1395 2325 Sorpiae,
1422 2246 1505 2306 1357
1530 2231 1613 2307 Meni
1632 2247 1682 2308 10.

355 2430 519 2513 Supplieat
550 2431 591 2496 8¹¹
621 2432 674 2496 V¹⁶
696 2431 881 2512 Hartungus
904 2438 998 2496 uetus
1022 2432 1178 2512 quandam
1202 2432 1378 2496 Hostkonis
1394 2433 1434 2496 de
1451 2431 1648 2512 Nebuzyel·)
1666 2431 1728 2494 cle-

209 2535 307 2598 ricus
330 2535 499 2617 Pragensis
522 2536 615 2613 dioc,
638 2542 795 2616 quatenus
818 2536 878 2600 sibi
902 2536 1039 2617 graciam
1063 2536 1233 2618 specialem
1256 2536 1411 2600 facientes
1436 2537 1475 2599 de
1499 2535 1653 2600 beireficio
1677 2553 1728 2599 ec-

208 2637 402 2703 clesiastico
425 2645 486 2703 etc.
499 2640 533 2718 (l)

353 2759 434 2823 Item
458 2761 561 2825 eidem
585 2760 624 2825 ga
648 2761 703 2825 er
724 2762 884 2843 supplicat
905 2760 1066 2826 lohannes
1091 2762 1173 2826 filius
1197 2762 1353 2840 quondam
1377 2761 1548 2825 Hostcanis
1572 2760 1673 2823 eciam
1689 2760 1729 2823 de

212 2860 388 2945 Nebuzyel
413 2881 532 2945 pauper
555 2865 688 2929 clericus
719 2866 797 2929 dioc.
821 2864 999 2945 Fregenae,
1033 2871 1190 2944 quatenus
1214 2864 1275 2928 sibi
1299 2867 1434 2946 graciam
1459 2864 1630 2946 specialem
1653 2864 1728 2928 iaci-

210 2972 324 3048 entes,
348 2965 387 3029 de
403 2965 556 3032 beneficio
580 2969 796 3034 ecclesiastico
820 2986 889 3031 cum
913 2985 988 3031 cura
1011 2968 1061 3031 vel
1084 2969 1153 3032 sine
1177 2986 1262 3046 cura,
1287 2974 1452 3051 spectante
1469 2969 1507 3033 ad
1525 2969 1729 3034 collacionem

206 3116 230 3129 -
251 3121 257 3132 .
277 3120 283 3134 .
304 3120 311 3133 .
331 3071 492 3138 abbatisse
514 3072 674 3153 totiusque
698 3079 872 3138 conventus
907 3076 947 3138 acl
977 3091 1001 3136 s.
1028 3073 1177 3138 Georium
1209 3074 1241 3137 in
1272 3092 1391 3138 summo
1414 3072 1567 3154 Pragensi
1594 3091 1730 3137 commu-

211 3174 309 3236 niter
332 3175 382 3238 vel
406 3176 541 3258 divisim,
565 3177 649 3241 iutra
672 3177 724 3240 vel
746 3183 837 3242 extra
861 3184 996 3242 vacante
1015 3178 1067 3241 vel
1089 3184 1249 3260 vacaturo,
1286 3177 1458 3259 dignemini
1481 3176 1728 3241 misericorditer

215 3278 404 3361 providere,
429 3298 499 3344 cum
523 3282 756 3363 acceptatione,
780 3283 1011 3355 reservaciaue,
1035 3281 1236 3360 inhibieione
1268 3283 1396 3346 decreto
1420 3288 1454 3345 et
1477 3281 1621 3345 clausula
1644 3287 1729 3345 aute·

221 3378 314 3463 terri,
338 3389 373 3448 et
396 3383 530 3465 singulis
553 3403 615 3448 nou
639 3386 839 3449 obstantibus
862 3392 895 3450 et
918 3386 1069 3450 clausulis
1093 3386 1258 3467 oportunis
1282 3392 1315 3450 et
1338 3386 1560 3450 executoribus
1583 3392 1643 3448 etc.

357 3502 430 3567 Fiat
453 3503 490 3568 G.
515 3505 559 3569 Et
581 3506 664 3585 quod
687 3512 831 3570 transeat
854 3507 922 3570 sine
946 3508 1008 3570 alia
1031 3507 1181 3571 lecciouc.
1206 3506 1278 3570 Fiat
1301 3507 1336 3571 G.
1361 3508 1397 3569 D.
1412 3508 1495 3588 apud
1512 3508 1643 3572 Pontem
1659 3505 1731 3570 Sor·

209 3603 275 3684 gie
298 3604 343 3669 Vl
368 3605 408 3668 iel.
432 3605 510 3670 Maii
533 3626 561 3671 a.
585 3609 703 3687 quinta.

358 3793 389 3846 R.
409 3793 503 3862 Suppl.
522 3801 554 3847 ‘27
575 3794 621 3848 iol.
642 3794 708 3848 117⁴.
731 3827 757 3835 —
777 3800 802 3861 a)
821 3798 978 3851 Correctum
997 3811 1030 3849 ex
1049 3797 1193 3866 ,Nebuzyc‘
1212 3797 1306 3866 Suppl.

220 4177 319 4243 600.
343 4175 488 4244 Joiranni
510 4178 680 4242 Hosticonis
703 4179 741 4242 de
764 4179 935 4259 Neoaoem)
969 4184 1148 4243 reserentur
1177 4179 1357 4261 beneficium
1387 4179 1634 4245 ecclesiasticum
1665 4201 1735 4245 cnm

220 4280 277 4345 cd
298 4282 367 4346 sine
389 4301 477 4354 acra,
500 4285 678 4345 consuetam
700 4280 741 4346 ab
763 4282 837 4346 alim
859 4282 979 4347 clericis
1001 4282 1219 4347 saecularibus
1241 4285 1412 4367 assipnari,
1433 4283 1522 4345 cuins
1538 4281 1668 4364 fruetus
1690 4284 1733 4347 25

222 4406 311 4467 resp.
336 4384 380 4447 18
400 4382 583 4448 marcorum
606 4387 731 4467 arpenti
751 4387 919 4451 secundnm
953 4387 1149 4451 taxationem
1178 4387 1315 4451 decimae
1344 4386 1479 4451 valorem
1509 4405 1651 4449 annnam
1673 4405 1736 4449 non

229 4488 392 4565 excedant,
416 4487 461 4552 ad
481 4486 678 4553 collationem
700 4489 879 4554 abbatissae
908 4494 938 4554 et
959 4494 1123 4554 conventas
1146 4490 1331 4554 monosterii
1352 4490 1395 4553 ad
1417 4511 1442 4553 s.
1469 4487 1678 4569 Georyoumb)
1702 4489 1737 4553 in

228 4597 336 4656 castro
358 4591 516 4673 Praqensi
535 4594 706 4675 pertinens,
739 4595 769 4659 si
789 4599 884 4659 occat
911 4594 960 4660 od
982 4614 1051 4658 cum
1073 4593 1242 4658 vacaverit.
1292 4593 1487 4674 ,Probitatis
1509 4596 1539 4655 et
1560 4593 1730 4656 airtntnm“

241 4696 350 4777 ,ΑΜ
372 4697 504 4761 Pontem
525 4697 635 4780 Soraie
656 4696 880 4764 Aninioncnsis
913 4699 990 4764 dioc.
1023 4698 1068 4761 VI
1092 4698 1135 4761 id.
1157 4697 1243 4762 Maii
1277 4718 1307 4760 a.
1331 4697 1466 4779 quinto.“
1504 4733 1546 4742 —
1585 4698 1622 4759 ln
1645 4718 1669 4759 c.
1692 4717 1734 4760 m.

341 4803 526 4884 praeposito
549 4806 579 4866 et
601 4801 716 4866 decano
739 4804 912 4885 Propensis
934 4823 973 4867 ac
994 4802 1148 4867 sacristae
1172 4800 1393 4865 Acinionensis
1416 4799 1630 4865 ecelesiarum.

281 4940 400 5006 Gratis.
987 4940 1082 5024 Apud
1106 4941 1235 5004 Pontem
1258 4939 1398 5022 Sorpiae,
1422 4942 1509 5003 1357
1534 4939 1616 5003 Maii
1639 4941 1691 5002 10.

363 5129 395 5183 R.
414 5132 464 5184 Ar.
485 5135 533 5183 136
552 5130 599 5185 iol.
618 5136 687 5184 tob‘.
705 5161 738 5169 —
753 5136 777 5195 α)
796 5130 954 5197 ,Hosteonis
972 5130 1006 5184 de
1024 5129 1171 5200 Nebuzycl‘
1190 5129 1238 5180 Av.
1263 5130 1289 5194 b)
1307 5128 1451 5196 ,Georium‘
1469 5130 1518 5179 Ar,

885 5309 1087 5316 ——-——-
