3990 6052
758 430 825 481 leba
844 424 961 496 Aagnsu'
979 430 995 480 b
1013 456 1048 467 —
1065 425 1186 497 Augusti
1203 432 1245 482 28.
1705 430 1746 498 57

248 637 339 702 136.
363 633 512 701 Andreas
534 634 637 699 diaes
661 635 875 700 Examinator
889 628 928 700 'el
951 635 1114 701 Elisabeth
1137 636 1175 702 de
1199 639 1306 703 Monte
1324 635 1426 703 Catna
1452 636 1645 720 supplicant,
1669 658 1749 720 qua·

413 745 502 804 lenas
523 737 585 803 sibi
607 739 805 822 dispensatio
828 738 866 803 de
887 740 1089 803 matrimonio
1111 739 1177 803 iam
1199 744 1360 806 contracto
1383 741 1576 807 concedetur.

994 878 1092 962 Apud
1123 878 1361 960 Villamnooam,
1387 879 1470 942 1353
1491 879 1629 961 Augusti
1651 879 1703 944 18.

377 1067 564 1152 Significant
586 1067 627 1134 8¹¹
649 1069 704 1131 V¹⁶
730 1069 837 1134 devoti
871 1069 971 1133 vestri
1001 1069 1145 1134 Andreas
1161 1070 1265 1134 dictus
1288 1070 1496 1135 Examinator
1519 1075 1553 1133 et
1578 1068 1747 1134 Elisabeth

247 1173 286 1236 de
311 1173 420 1237 Monte
445 1171 572 1237 Cuthna
594 1172 764 1253 Prageusis
788 1172 878 1252 dioc,
903 1173 986 1252 quod
1009 1173 1071 1254 ipsi
1095 1172 1156 1237 sibi
1180 1172 1259 1237 alias
1282 1174 1468 1256 ignorantes
1492 1173 1622 1254 aliquod
1644 1173 1744 1255 impe·

246 1276 418 1341 dimentum
442 1277 579 1354 obstare,
604 1277 770 1357 quominus
793 1282 925 1358 possent
955 1277 1234 1341 matrimonialiter
1256 1277 1407 1360 copulari,
1431 1277 1664 1342 matrimonium
1686 1294 1746 1358 per

246 1383 341 1444 verba
364 1380 404 1445 de
426 1381 569 1462 presenti
593 1381 673 1445 alias
696 1380 853 1462 legittime
877 1380 989 1445 bannis
1023 1399 1085 1445 non
1109 1380 1205 1445 editis
1228 1381 1346 1446 nonin
1371 1386 1585 1464 contemptum
1609 1381 1744 1446 ecclesie

247 1490 482 1551 contraxerunt.
505 1485 708 1550 Postmodum
732 1502 808 1549 vero
832 1484 873 1548 ad
896 1501 1005 1550 eornm
1029 1484 1159 1549 devenit
1181 1485 1339 1567 noticiam,
1367 1485 1618 1565 quodquoniam
1643 1485 1742 1550 Lucia

245 1589 388 1653 eiusdem
411 1589 539 1654 Andros
574 1590 661 1671 prior
690 1608 770 1654 uxor
792 1589 876 1654 dicte
900 1588 1068 1653 Elisabeth
1091 1607 1130 1652 ex
1155 1608 1216 1653 nno
1239 1589 1341 1653 latere
1364 1588 1397 1652 in
1420 1589 1529 1671 tercio,
1563 1607 1603 1653 ex
1627 1590 1689 1655 alio
1712 1589 1745 1653 in

244 1698 357 1774 quarto
380 1693 665 1775 consanguinitatis
689 1693 840 1775 gradibus
863 1693 1032 1774 attinebat,
1066 1694 1303 1775 propterquod
1327 1693 1359 1757 in
1383 1692 1564 1759 huiusmodi
1587 1693 1746 1758 matrimo-

245 1797 297 1861 nio
319 1799 439 1878 absque
461 1797 703 1879 dispensacione
727 1796 901 1876 apostolica
923 1815 985 1861 non
1009 1803 1143 1879 possunt
1166 1797 1253 1862 licite
1269 1814 1444 1862 remanere.
1468 1797 1596 1874 Verum,
1613 1797 1747 1862 sanctis·

243 1901 323 1965 sime
347 1906 447 1983 pater,
471 1919 540 1965 cum
564 1921 603 1967 ex
626 1920 736 1967 eorum
760 1900 966 1983 separatione
988 1901 1088 1965 multa
1111 1907 1322 1982 sequerentur
1344 1901 1504 1983 scandala,
1528 1901 1710 1984 supplicant
1720 1899 1748 1987 ⁹)

243 2004 416 2081 humiliter,
442 2010 477 2069 ut
499 2025 568 2070 eum
592 2006 649 2086 eis,
674 2011 709 2069 ut
731 2005 765 2069 in
788 2004 873 2070 dicto
896 2005 1096 2070 matrimonio
1119 2005 1207 2071 licite
1231 2005 1359 2070 valeant
1373 2023 1550 2087 remanere,
1575 2005 1747 2089 dignemini

243 2109 493 2174 misericorditer
522 2109 719 2191 dispensare,
754 2109 938 2191 prolemque
972 2110 1088 2174 exinde
1123 2116 1303 2191 susceptam
1338 2115 1373 2174 et
1396 2109 1630 2192 suscipiendam
1653 2110 1747 2192 legit·

243 2214 351 2277 tiniam
386 2213 595 2294 (lacessendo,
641 2232 711 2276 cum
745 2214 890 2278 omnibus
923 2232 986 2280 non
1020 2214 1221 2278 obstantibus
1258 2221 1293 2278 et
1326 2214 1477 2279 clausulis
1512 2214 1676 2295 oportunis
1712 2219 1747 2278 ut

243 2318 275 2381 in
298 2316 408 2382 forma.

372 2421 444 2487 Fiat
466 2425 500 2485 et
521 2419 705 2502 iuiungatur
741 2422 789 2486 eis
823 2422 1006 2504 penitencia
1040 2421 1189 2487 salutaris
1223 2422 1259 2487 G.
1295 2420 1370 2487 Sine
1402 2422 1465 2487 alia
1487 2422 1638 2488 leccione.
1673 2422 1746 2487 Fiat

243 2526 281 2590 o.
306 2526 342 2590 D.
365 2526 450 2607 apud
474 2523 705 2589 Villamnouam
728 2524 954 2590 Aninionensis
977 2526 1057 2591 dioc.
1082 2526 1149 2592 XV.
1173 2527 1238 2591 kal.
1262 2525 1459 2608 Septembris
1482 2545 1509 2591 a.
1533 2525 1643 2608 primo.

372 2713 403 2769 R
421 2713 517 2782 Suppl.
541 2718 575 2766 24
593 2710 641 2766 iol.
660 2718 710 2767 63⁶.
728 2741 762 2753 ·—
784 2715 809 2781 ἢ)
828 2713 1003 2783 ‚supplicant
1026 2713 1121 2784 Suppl.

243 3099 332 3166 136.
356 3097 598 3183 Aradiepisaopo
624 3099 779 3178 lbaqeasi
801 3096 985 3175 mandabar,
1008 3101 1162 3179 quatenos
1185 3117 1255 3162 cam
1277 3097 1408 3164 Andrea
1431 3100 1514 3165 dicto
1531 3099 1745 3167 Eaamiaalor

242 3207 273 3265 et
297 3201 458 3267 Elisabeth
481 3204 519 3267 ae
541 3205 648 3268 Monte
671 3201 775 3266 balim
812 3202 850 3266 dc
883 3202 1084 3266 matrimonio
1106 3203 1172 3267 iam
1194 3205 1352 3266 contracto
1375 3202 1543 3287 dispenset.
1570 3203 1745 3286 „Eabibda

251 3306 341 3371 nobis
380 3305 494 3390 „Apud
533 3306 765 3370 Villamnouam
795 3305 1022 3372 Aninionsasis
1051 3307 1129 3372 dioc.
1175 3307 1240 3370 XV
1268 3305 1333 3371 lcal.
1356 3307 1549 3390 Septembris
1572 3330 1602 3375 a.
1623 3309 1740 3392 primo.

391 3449 424 3458 1-

367 3468 435 3550 j,
773 3456 776 3464 ’
991 3454 1087 3537 Apud
1120 3454 1624 3540 Villamnouam‚1353Aapasti
1647 3460 1697 3521 18,

370 3598 400 3652 R.
420 3601 469 3651 As.
492 3604 540 3652 lab
558 3599 605 3652 iol.
624 3603 692 3666 463,
712 3598 743 3652 R.
764 3599 823 3653 Vnt.
843 3605 893 3653 222
912 3599 960 3653 fol.
979 3606 1038 3655 386.

246 3880 332 3944 137.
359 3875 497 3941 (luidoni
518 3881 663 3961 episcopo
688 3879 852 3941 lbdaeasi
875 3881 1038 3956 confertur
1059 3883 1144 3942 mola
1154 3880 1286 3963 proprio
1302 3879 1580 3944 archidiaconatus
1596 3878 1744 3945 ecclesiae

242 3980 424 4045 Meldensis.
440 3980 1011 4064 „Eaapostolicsscdisprooideacia“
1042 3982 1156 4066 „Apud
1178 3981 1408 4048 Villamnouam
1416 3982 1641 4049 Aninioneasis
1662 3985 1739 4050 dioc.

244 4083 347 4148 Xllll
379 4084 443 4150 kal.
468 4084 657 4167 Septembris
682 4106 711 4149 a.
731 4086 868 4167 priam“.
903 4124 945 4132 -
981 4090 1019 4151 la
1040 4109 1064 4151 e.
1089 4107 1128 4150 m.
1150 4139 1156 4150 .
1177 4137 1183 4151 .
1208 4087 1350 4169 episcopo
1373 4084 1560 4151 Beloaccasi
1582 4091 1612 4150 et
1634 4087 1740 4153 arodi·

284 4188 412 4253 diacono
434 4190 608 4271 Propensis
630 4208 668 4254 ac
693 4187 850 4255 Guilelmo
883 4187 1006 4272 &pade
1027 4193 1175 4256 canonico
1196 4191 1461 4256 tloroarorrtensis
1484 4190 1695 4258 scaenarum.

988 4330 1085 4416 Apaa
1115 4329 1354 4412 Villamaooam‚
1380 4328 1696 4411 restinguatis.

369 4516 401 4570 R.
419 4517 469 4570 Ar.
489 4523 537 4570 121
559 4517 606 4572 iol.
625 4523 694 4578 abst
712 4517 744 4572 s
764 4518 824 4571 Vnt
843 4523 890 4571 221
913 4518 959 4574 iol.
980 4522 1047 4574 403¹.

295 4901 380 4967 138.
406 4899 550 4967 Jobaam'
571 4903 713 4985 episcopo
738 4901 935 4968 Olomaaeaar'
956 4902 1134 4966 conceditur
1156 4900 1285 4965 licentia
1308 4898 1515 4984 consessorem
1538 4899 1682 4981 elipenai.

354 5056 417 5107 ‚Il-
985 5039 1082 5122 Apud
1112 5037 1350 5121 Villamnouam,
1376 5039 1459 5104 1353
1481 5039 1618 5122 Auqrcsli
1640 5038 1692 5104 23.
1790 5040 1797 5054 “

368 5212 445 5277 Van.
469 5212 506 5277 fr.
530 5212 667 5277 iohanni
690 5213 839 5294 episcopo
871 5212 1073 5278 Olonrucensi
1103 5213 1238 5277 salntem
1271 5218 1329 5276 etc.
1366 5213 1508 5295 Benigno
1542 5218 1617 5277 sunt
1639 5261 1648 5277 .

242 5314 321 5380 iiiuc
344 5323 404 5400 est,
437 5316 520 5398 qnod
560 5334 619 5380 nos
649 5317 713 5380 tuis
748 5316 872 5381 devotis
924 5316 1210 5398 supplicacionibus
1248 5316 1401 5393 inclinati,
1447 5317 1505 5381 tibi
1543 5316 1734 5380 auctoritate
