3944 6060
229 460 293 526 496
832 455 903 506 Acta
920 451 1073 507 Innocentii
1091 450 1136 505 1v.

232 669 351 735 1242.
378 665 509 735 Nicolao
534 662 732 746 Crepiodorf
751 661 958 748 conferuntur
976 667 1132 745 popano
1160 661 1284 726 vicaria
1308 666 1466 727 etaltera
1496 662 1531 726 ta
1554 659 1690 728 eeclesia
1714 682 1741 726 s.

232 773 341 839 Crucis
384 768 636 836 Vratistavieosi.
686 769 846 850 „deiparat
875 771 928 830 tue
955 765 1152 830 lamentam
1205 765 1380 840 ,Aninione
1419 765 1464 830 Vl
1492 764 1557 831 Ital.
1591 766 1680 833 Jatit
1706 788 1741 831 a.

230 879 341 942 nono.“
366 913 409 922 -
434 878 473 939 Ia
495 897 520 939 a.
543 895 584 938 m.
608 874 748 956 episcopo
780 871 1021 938 Vratistaoieose'
1050 875 1080 934 et
1102 870 1210 935 abbati
1232 872 1418 937 rreonasterit
1440 871 1474 934 in
1498 871 1742 953 Heinricdau·)

386 979 642 1044 Vratistaoieasis
666 978 744 1042 dioc.
769 978 808 1041 aa
830 977 947 1041 decano
969 973 1116 1040 eeclesiae
1137 994 1163 1038 s.
1188 972 1329 1055 Ayrieoti
1352 974 1585 1041 Aoioiooeosis.

315 1154 319 1219 Ι
346 1103 377 1182 t-
1231 1115 1393 1193 Avonam,
1418 1115 1500 1178 taor
1525 1115 1622 1181 Jonas
1643 1119 1696 1180 aa.

281 1225 329 1276 'X
347 1226 394 1362 xR
413 1310 462 1361 Av.
484 1313 532 1361 145
551 1307 596 1361 sol.
619 1312 686 1361 186¹.
705 1337 737 1345 -
758 1312 784 1373 a)
803 1305 1003 1375 ,lleynrichow‘
1023 1307 1072 1358 Aa.

883 1517 1085 1526 -ι---ψ--ι

233 1695 352 1760 1243.
377 1691 542 1758 Martinus
566 1691 726 1756 Soatoslat
758 1691 795 1754 de
819 1691 930 1771 Propo
951 1689 1119 1773 supplicat,
1155 1693 1309 1768 quatenus
1331 1689 1393 1752 sibi
1416 1688 1454 1752 de
1476 1688 1623 1770 heodicio
1646 1688 1739 1754 eccle-

232 1797 375 1876 siastico,
411 1796 453 1861 ad
483 1796 678 1862 collationem
720 1794 905 1860 roooasterti
937 1815 963 1859 s.
1001 1793 1127 1878 Georgii
1156 1793 1191 1857 in
1225 1796 1330 1858 castro
1360 1793 1517 1878 Prapeass‘
1547 1794 1738 1879 pertinente,

875 1899 1090 1980 provideatur.

1227 2018 1393 2099 Aoinione,
1417 2021 1501 2085 1361
1525 2019 1620 2088 Juntt
1642 2025 1695 2089 26.

320 2214 486 2296 Supplicat
519 2211 559 2278 8¹¹
587 2213 647 2278 V¹⁸
672 2211 831 2276 Martinus
865 2216 960 2274 natos
995 2212 1153 2291 quondam
1188 2210 1356 2277 Suatoslai
1391 2213 1430 2276 de
1464 2213 1568 2294 Praga
1591 2213 1739 2297 clericus,

234 2326 391 2400 quatenns
425 2319 486 2382 sibi
510 2317 648 2399 graciam
683 2316 854 2399 specialem
877 2313 1042 2395 facientes,
1080 2316 1119 2381 de
1143 2314 1296 2380 beneficio
1327 2316 1547 2382 ecclesiastico
1570 2336 1641 2381 cnm
1665 2336 1741 2382 cura

236 2424 285 2487 vel
308 2424 377 2488 sine
400 2442 483 2501 cura,
509 2426 676 2504 spectante
700 2420 908 2485 communiter
931 2419 983 2482 vel
1006 2420 1132 2484 divisim
1149 2421 1189 2485 ad
1206 2421 1411 2485 collacionem
1435 2427 1495 2486 etc.
1520 2422 1683 2486 abbatisse
1707 2431 1741 2487 et

236 2534 412 2592 conmentus
435 2525 620 2590 monasterii
644 2543 668 2588 s.
695 2524 826 2606 Georgii
847 2525 880 2588 in
904 2529 1008 2588 castro
1034 2525 1186 2608 ngensi
1210 2525 1330 2590 ordinis
1354 2543 1378 2589 a.
1402 2525 1581 2609 Benedicti,
1605 2527 1632 2590 si
1656 2527 1741 2608 quod

235 2638 326 2695 vacat
348 2632 388 2696 ad
419 2648 552 2713 presens
588 2635 643 2693 nat
677 2629 905 2711 quamprimum
939 2630 1111 2708 vacaverit,
1146 2630 1249 2694 eidem
1285 2630 1457 2711 dignemini
1489 2630 1742 2696 misericorditer

235 2735 413 2816 providere,
437 2753 506 2799 cum
531 2733 756 2814 acceptatione
780 2738 840 2797 etc.
866 2740 899 2797 et
923 2752 992 2797 eum
1015 2735 1160 2799 omnibus
1183 2735 1255 2798 aliis
1279 2752 1342 2797 non
1366 2734 1568 2800 obstantibus
1598 2739 1633 2799 et
1656 2735 1740 2799 clan-

234 2839 313 2902 sulis
336 2838 500 2920 oportunis
524 2843 557 2901 et
580 2837 804 2901 executoribus
828 2838 917 2901 utin
941 2836 1049 2901 forma.

366 2960 439 3023 Fiat
463 2960 499 3022 G.
525 2958 600 3022 Sine
625 2957 688 3021 alia
711 2958 861 3023 lectione.
887 2957 960 3024 Fiat
983 2959 1020 3023 G.
1046 2960 1081 3022 li).
1107 2960 1264 3024 Aninione
1287 2959 1332 3025 VI
1355 2959 1417 3023 kal.
1441 2959 1520 3024 Julii
1551 2979 1579 3023 a.
1604 2979 1698 3026 nono.

367 3148 396 3201 R⁴
417 3147 513 3216 Snppl.
532 3153 564 3198 32
585 3146 632 3200 ron.
655 3153 712 3199 132.

237 3480 353 3547 1244.
380 3479 521 3544 Martiae
556 3478 754 3561 soatostats)
789 3478 826 3541 de
851 3479 959 3562 l'ropa
981 3486 1160 3542 reserantur
1194 3476 1373 3556 herordetuas
1397 3475 1645 3542 ecclesiasticam
1669 3499 1743 3543 cum

237 3583 283 3648 oet
314 3584 382 3648 sine
415 3604 502 3662 cora,
536 3583 624 3648 euius
651 3585 783 3661 fructus
817 3585 859 3647 25
892 3603 974 3665 resp.
997 3585 1039 3647 18
1063 3603 1244 3646 rnarcarane
1278 3583 1403 3662 arpenti
1439 3580 1611 3646 securatam
1646 3588 1744 3647 tarra·

237 3688 351 3753 tionem
385 3688 523 3752 decimae
544 3687 681 3752 ardorem
706 3706 844 3751 aaronem
880 3706 941 3751 raon
964 3687 1124 3766 eaccdaot,
1148 3690 1297 3769 spectans
1320 3685 1364 3750 ad
1385 3686 1580 3751 collationem
1603 3687 1743 3753 abbatis·

237 3813 294 3857 sae
316 3797 345 3855 et
367 3796 531 3857 conventos
566 3792 753 3856 resonasterii
775 3813 799 3856 s.
827 3792 954 3872 Georptt
986 3792 1022 3854 ia
1044 3797 1148 3855 castro
1172 3790 1327 3871 Prapeuss'
1360 3790 1480 3854 ordinis
1515 3812 1539 3856 s.
1564 3790 1743 3870 Benedicti,

237 3899 267 3960 si
290 3901 383 3961 coeat
405 3897 452 3961 ool
476 3917 545 3961 cam
568 3897 738 3962 vacaverit.
766 3896 958 3976 ,Probitatis
981 3901 1010 3959 et
1033 3896 1118 3959 alid
1150 3895 1324 3974 ,dotatione
1346 3897 1391 3958 VI
1403 3895 1467 3961 deal.
1483 3894 1566 3961 Jozti
1581 3918 1611 3962 a.
1629 3902 1741 3965 noao.“

238 4038 280 4048 -
296 4005 334 4065 lo
349 4025 373 4065 e.
390 4022 430 4066 oa
449 4002 622 4082 Prapeosis
644 4005 674 4065 et
688 4022 713 4065 s.
732 3999 875 4081 Aprieoti
897 4000 1120 4067 [isiodorensis
1152 4000 1356 4066 ecclesiaram
1390 4000 1520 4066 decanta
1543 4021 1581 4066 ac
1603 4002 1746 4087 officiali

906 4105 1071 4187 Propensi.

285 4225 397 4292 Gratis
416 4246 477 4310 pro
501 4226 564 4291 deo.
1234 4227 1397 4309 Aeinione,
1423 4227 1502 4292 1361
1528 4227 1622 4294 danii
1643 4232 1698 4294 26.

370 4418 401 4470 R.
421 4419 470 4469 Av.
493 4420 539 4468 lto
558 4415 605 4468 iol.
626 4420 685 4468 259.
708 4447 733 4455 -
756 4417 782 4482 ἃ)
802 4415 964 4484 ,Soatoslai‘
983 4420 1032 4470 An.

242 4802 359 4867 1245.
389 4799 554 4868 Jottaones
588 4801 750 4883 episcopos
776 4799 990 4866 Otontoeeosis
1012 4800 1185 4885 supplicat,
1215 4803 1371 4883 quatenos
1405 4798 1548 4866 Conrado
1579 4798 1618 4865 de
1650 4802 1747 4868 ans

348 4904 386 4968 de
409 4903 553 4985 bereeficio
576 4905 794 4989 eecbsiasofeo,
825 4905 868 4969 ad
891 4905 1087 4970 collationem
1109 4927 1201 4970 soora
1225 4909 1394 4987 spectante,
1414 4903 1633 4987 provideatur.

1226 5047 1391 5124 Avt'm'ooe,
1414 5046 1501 5111 1361
1525 5047 1622 5114 Juoii
1645 5051 1701 5114 26.

373 5234 537 5316 Supplicat
569 5232 609 5298 gu
641 5235 694 5298 Vre
717 5236 879 5301 Johannes
914 5238 1084 5320 episcopus
1119 5238 1349 5320 OlomucensiS,
1385 5240 1505 5305 domini
1539 5240 1748 5323 imperatoris

243 5338 634 5421 consiliariussqnatenus
658 5339 719 5404 sibi
742 5340 775 5404 in
799 5359 967 5424 personam
997 5344 1107 5409 dilecti
1138 5347 1187 5410 sui
1210 5344 1378 5410 familiaris
1401 5342 1540 5410 Conradi
1562 5345 1604 5411 de
1626 5348 1748 5424 nasso,
