3990 6052
902 444 968 492 iseo
988 438 1052 492 alani
1071 444 1097 492 r.
1680 443 1742 507 367

246 651 279 711 in
301 669 417 712 rourora
439 648 589 713 celebrari
611 648 781 725 ordinavit,
804 648 1019 727 interfuerint,
1050 654 1171 713 centnm
1194 649 1261 714 dies
1284 650 1322 714 de
1345 651 1494 714 iniunctis
1517 652 1561 713 eis
1585 651 1745 733 poeniten·

363 754 419 817 tiis
441 752 639 816 relaxantur.
668 753 775 832 „Dani
793 751 955 834 precelsa“
997 752 1170 831 „Aninione
1192 773 1260 817 non.
1287 754 1371 818 Maii
1393 775 1422 818 a.
1446 755 1607 837 septimo.“

1268 892 1431 972 Actaeone,
1455 894 1541 958 1359
1564 894 1649 958 Maii
1673 895 1702 962 7.

371 1080 403 1135 R.
422 1082 471 1134 Ar.
492 1087 538 1135 111
559 1081 605 1135 161.
624 1084 691 1135 571⁶.

246 1430 334 1497 923.
361 1428 523 1512 Omnibus,
553 1432 607 1511 qni
638 1431 839 1496 celebrationi
870 1432 986 1497 6616666
1010 1431 1162 1498 debeata
1184 1433 1314 1515 supine,
1343 1452 1439 1515 qnam
1462 1430 1616 1496 Arnestns
1643 1431 1746 1496 arcbi-

245 1536 403 1616 episcopns
427 1536 600 1616 Propensis
633 1542 661 1600 et
691 1537 758 1600 eins
788 1539 933 1618 permoni
964 1537 999 1601 in
1028 1536 1208 1621 parochiali
1241 1536 1372 1601 ecclesia
1412 1536 1446 1599 in
1478 1535 1666 1617 Pardnbice,
1704 1535 1742 1599 de

247 1638 332 1703 bonis
365 1659 469 1703 eornm
487 1640 643 1723 fundata,
682 1642 817 1723 sinpnlis
851 1641 960 1706 diebus
992 1643 1027 1706 in
1049 1662 1168 1706 aurora
1201 1640 1354 1706 celebrari
1384 1640 1618 1709 ordinaverunt,
1651 1640 1746 1703 inter·

241 1744 374 1822 suerint
399 1747 520 1806 centnm
554 1745 620 1809 dics
651 1745 688 1809 de
711 1747 861 1811 iniunctis
894 1747 939 1811 eis
970 1747 1170 1829 poenitentiis
1200 1745 1399 1809 relocantur.
1449 1745 1552 1826 „Dum
1581 1744 1744 1827 precelsa“

696 1848 869 1932 „Aciinione
891 1870 961 1915 non.
985 1851 1070 1917 binii
1092 1872 1122 1914 α.
1146 1851 1306 1935 septinio.“

1275 1987 1434 2068 Aniniona
1456 1991 1543 2053 1359
1565 1986 1650 2055 Maii
1674 1991 1702 2053 7.

372 2179 404 2234 R.
423 2181 472 2233 Av.
493 2185 541 2233 141
562 2179 685 2234 161671.

892 2359 983 2367 ..ο-υ.
992 2359 1097 2368 ...μ-

249 2529 333 2596 924.
365 2528 452 2593 Nota
484 2529 521 2593 de
539 2529 720 2611 provisione
752 2534 836 2592 rrrotn
854 2531 985 2613 proprio
1002 2530 1157 2610 facienda
1184 2529 1315 2595 Nicotao
1339 2530 1478 2595 Fridlini
1500 2530 1537 2595 olc
1558 2531 1747 2595 canonicatu

248 2635 388 2702 adaiae
413 2633 626 2700 Otornncensis
648 2654 717 2699 cnm
741 2637 948 2700 reservatione
975 2635 1174 2718 praebendae
1193 2657 1246 2702 orec
1275 2656 1337 2700 non
1359 2636 1537 2718 dipnitatis‚
1555 2640 1746 2719 personatus

897 2739 945 2806 nel
966 2739 1076 2821 officii.

1269 2882 1432 2961 Aninione,
1456 2880 1541 2946 1359
1563 2879 1649 2947 Maii
1673 2880 1701 2943 7.

372 3068 460 3134 11616
484 3070 610 3152 proprio
638 3071 837 3151 providemus
861 3070 1013 3136 Nioholao
1036 3071 1169 3136 Fridlini
1201 3072 1316 3137 clerico
1339 3072 1491 3156 Pragensi
1495 3122 1609 3146 .....
1636 3070 1743 3137 Caroli

247 3172 452 3240 Romanorum
475 3175 676 3257 imperatoris
699 3175 847 3241 fanriliari
871 3177 1083 3258 commensali‚
1107 3178 1146 3241 de
1163 3177 1348 3242 canonicatu
1365 3177 1499 3242 ecclesie
1527 3175 1746 3242 Olomuccnsis

247 3296 279 3340 ac
300 3280 494 3361 prebendam
518 3281 619 3363 ipsius
655 3280 789 3344 ecclesie
814 3300 871 3345 nec
905 3300 967 3346 non
992 3282 1190 3364 dignitatem,
1214 3288 1419 3363 personatum
1442 3281 1492 3345 vel
1517 3280 1653 3346 officium
1676 3300 1745 3345 cum

248 3398 319 3446 rura
342 3383 393 3447 vel
417 3384 485 3447 sine
510 3403 593 3465 cura,
627 3384 728 3448 eciam
765 3385 792 3448 si
816 3385 955 3467 dignitas
990 3386 1059 3468 ipsa
1092 3386 1124 3449 in
1148 3386 1272 3468 6661616
1307 3387 1405 3450 maior
1439 3393 1512 3468 post
1533 3386 1745 3468 episcopalem

247 3487 371 3566 existat,
396 3495 593 3570 spectantem
616 3488 667 3552 vel
690 3495 838 3570 spectans
861 3491 1068 3555 communiter
1091 3491 1141 3554 vel
1165 3490 1289 3555 divisim
1314 3491 1353 3555 ad
1379 3490 1592 3563 collusionem,
1615 3491 1746 3572 provisi-

246 3609 345 3675 onem,
376 3593 567 3660 eleccionem
603 3593 652 3657 vel
676 3595 950 3675 presentationem
975 3602 1030 3659 aut
1053 3594 1147 3659 aliam
1170 3614 1387 3677 (quamcunque
1411 3596 1656 3678 disposicionem
1680 3597 1746 3678 epi·

246 3697 339 3779 scopi,
370 3699 533 3781 prepositi,
568 3699 678 3763 decani
702 3704 736 3762 61
767 3699 898 3780 66611611
933 3700 1068 3765 ecclesie
1103 3699 1322 3765 Olomucensis
1358 3701 1390 3764 in
1426 3701 1513 3764 dicta
1535 3701 1672 3765 ecclesia
1695 3701 1746 3764 vel

245 3807 373 3884 extrav
397 3802 424 3867 si
448 3809 561 3866 vacant
583 3803 624 3866 ad
646 3821 779 3884 presens
803 3804 854 3867 vel
877 3823 946 3868 cum
970 3804 1064 3868 simul
1087 3810 1142 3868 aut
1157 3805 1335 3869 successive
1360 3806 1527 3885 vacabunt,
1552 3805 1745 3870 conferenda

245 3904 327 3972 dicto
350 3907 481 3973 Nicolao
505 3908 669 3972 donaciani
694 3908 867 3989 apostolice
891 3926 1098 3983 reservamus,
1124 3928 1186 3974 non
1210 3911 1410 3975 obstantibus
1434 3910 1672 3990 quibuscunque
1696 3927 1744 3974 re.-

246 4011 479 4076 scrvacionibus
514 4011 706 4093 specialibus
742 4031 800 4076 nec
824 4032 886 4078 non
916 4015 1046 4078 statutis
1069 4020 1103 4078 et
1125 4015 1407 4080 consuetudinibus
1430 4015 1531 4096 ipsius
1554 4014 1689 4079 ecclesie
1712 4021 1747 4080 et

243 4116 408 4196 presertim
420 4115 493 4199 illis,
504 4134 563 4198 per
574 4134 634 4196 que
647 4116 843 4197 antiquiores
855 4118 995 4182 canonici
1012 4125 1145 4200 possunt
1167 4119 1345 4202 prebendas
1369 4125 1479 4201 optare
1497 4125 1657 4197 vacantes
1671 4138 1741 4183 cum

245 4220 478 4303 occeptacione,
509 4221 638 4285 decreto
669 4226 703 4284 et
734 4221 806 4285 aliis
836 4222 1122 4288 nonobstantibus
1156 4229 1189 4287 61
1219 4223 1369 4287 clausulis
1404 4223 1568 4306 oportunis
1605 4243 1642 4288 66
1672 4241 1745 4287 exo·

245 4325 412 4390 sutoribus.

372 4448 444 4512 Fiat
466 4453 552 4511 motu
577 4448 704 4529 proprio
728 4450 765 4511 b.
790 4449 947 4514 Aninione
972 4468 1041 4513 non.
1067 4450 1144 4514 Maii
1168 4470 1194 4513 6.
1221 4449 1365 4531 septimo.

370 4653 400 4706 R.
421 4653 515 4721 Suppl.
535 4657 568 4705 30
586 4652 633 4706 161.
652 4661 693 4707 58.
717 4685 742 4692 -
760 4660 785 4721 1)
804 4655 856 4715 ‚vel
875 4651 963 4707 66166Ι
982 4671 1067 4722 supra
1085 4655 1133 4707 lin.
1155 4654 1307 4707 obscuriori
1329 4662 1482 4708 6166166616
1501 4655 1559 4708 6116
1579 4671 1660 4708 61666
1680 4672 1745 4724 sup·

243 4740 352 4808 pletum,
371 4739 406 4795 ad
424 4740 497 4808 quod
517 4756 635 4809 sequens
655 4740 795 4794 adnotatio
815 4741 843 4793 in
863 4741 983 4809 margine
1002 4741 1097 4795 dextro
1123 4741 1218 4794 ennom
1237 4759 1318 4795 uraun
1344 4743 1418 4795 lacta
1436 4742 1572 4811 pertinet:
1609 4742 1745 4808 ‚attende¹

243 4827 312 4894 quod
337 4827 387 4895 ,vel
407 4831 495 4882 extra‘
524 4828 576 4882 1611
596 4828 719 4882 additum
739 4828 766 4881 in
787 4829 913 4897 originali
942 4828 1124 4883 demandato
1152 4828 1253 4882 domiui
1278 4829 1365 4882 nostri
1385 4845 1434 4897 per
1452 4828 1476 4882 d.
1499 4832 1567 4882 Aur.
1589 4829 1678 4882 ethic
1697 4844 1746 4896 per

243 4930 291 4970 ma.
310 4915 348 4970 St.
367 4914 525 4970 (1616616.Ι

244 5246 329 5314 926.
354 5247 486 5312 Nicolao
511 5248 648 5312 Frirltini
670 5250 707 5312 de
732 5251 841 5330 Prapa
858 5249 1044 5331 providetur
1066 5253 1151 5313 motu
1169 5251 1301 5334 proprio
1324 5250 1361 5314 ile
1383 5250 1573 5314 canonicatu
1596 5246 1744 5311 ecclesiae

246 5349 454 5418 olomucensis
477 5351 533 5417 sab
556 5355 767 5438 expectatione
797 5354 999 5438 praebendae
1034 5375 1089 5420 nec
1120 5374 1182 5418 non
1203 5353 1379 5437 dipnitctis,
1412 5357 1606 5436 personatus
1627 5356 1673 5415 nel
1696 5354 1741 5429 of·
