3944 6060
851 488 915 535 1357
935 482 1028 535 Martii
1049 489 1069 534 1.
1677 491 1740 554 227

234 695 394 770 vacatura,
418 710 487 754 cum
511 691 744 773 acceptacione,
778 691 980 771 inhibicione,
1015 693 1144 757 decreto
1179 700 1211 756 et
1245 695 1387 758 clausula
1421 695 1573 760 anteferri
1608 696 1739 781 [eidem]

234 794 406 876 dignemini
431 794 608 877 providere,
632 795 876 878 nonobstante,
901 795 984 875 quod
1008 795 1239 877 parrochialem
1263 798 1430 862 ecclesiam
1453 799 1486 862 in
1508 799 1606 863 Jawir
1622 800 1738 865 Wrati-

233 900 403 966 sianiensis
426 901 505 964 dioc.
529 899 672 963 noscitur
694 899 848 980 obtinere,
873 918 943 962 cum
967 899 1039 963 aliis
1062 918 1125 964 non
1141 901 1342 966 obstantibus
1358 909 1392 966 et
1407 903 1558 967 clausulis
1575 906 1740 985 oportunis

233 1014 268 1072 ut
291 1024 396 1088 snpra.
420 1005 492 1068 Fiat
516 1003 552 1067 G.

362 1111 444 1175 Item
467 1108 627 1190 supplicat
649 1108 752 1173 eidem
776 1106 816 1172 ga
836 1107 899 1190 Vm,
924 1114 1080 1189 quatenus
1104 1110 1163 1173 sibi
1188 1111 1220 1173 in
1243 1129 1410 1191 personam
1442 1112 1552 1176 dilecti
1574 1112 1740 1176 familiaris

233 1218 282 1281 sui
298 1214 430 1281 Henrici
446 1213 513 1277 nati
529 1213 685 1293 quondam
702 1211 831 1274 Henrici
849 1211 887 1275 de
904 1211 1021 1278 Hostet
1029 1211 1055 1296 ⁸)
1071 1219 1105 1277 et
1115 1208 1226 1277 clerici
1241 1215 1453 1295 augustensis
1470 1216 1548 1280 dioc.
1567 1217 1739 1297 specialem

233 1321 369 1403 graciam
393 1318 558 1396 facientes,
587 1317 691 1380 eidem
722 1315 860 1379 Henrico
884 1316 923 1379 de
948 1316 1134 1380 canonicatu
1164 1318 1299 1382 ecclesie
1331 1319 1534 1399 Eystetensis
1565 1320 1739 1401 dignemini

233 1424 409 1506 providere,
440 1422 631 1503 prebendam
663 1437 785 1484 necnon
809 1419 1005 1500 dignitatem,
1039 1426 1242 1501 personatum
1267 1430 1322 1485 aut
1345 1422 1491 1505 officium,
1524 1424 1551 1487 si
1574 1443 1644 1506 qna,
1668 1425 1739 1504 quis

232 1530 281 1592 vel
305 1529 389 1609 qnod
412 1533 504 1591 vacat
527 1526 565 1589 ad
589 1541 721 1606 presens
738 1524 789 1587 vel
806 1542 875 1586 cnm
892 1523 984 1586 simul
1001 1529 1057 1587 aut
1072 1526 1251 1590 successive
1269 1529 1434 1604 vacabunt,
1459 1528 1583 1609 prefato
1599 1527 1738 1593 Henrico

234 1654 301 1698 curn
325 1633 447 1697 iuribus
471 1638 504 1695 et
526 1629 733 1711 pertinenciis
757 1631 822 1694 suis
847 1630 1054 1694 conferendas
1077 1650 1134 1695 sea
1158 1629 1365 1695 conferendos
1382 1632 1547 1696 donaciani
1564 1632 1738 1714 apostolice

232 1744 442 1816 reservantes
476 1755 544 1800 cum
569 1734 800 1816 acceptamque,
824 1733 1026 1816 inhibicione,
1047 1735 1187 1815 decreto,
1210 1735 1362 1799 anteferri
1386 1740 1419 1799 et
1443 1755 1512 1799 cnm
1536 1736 1653 1800 ceteris
1676 1755 1738 1799 non

234 1842 433 1908 obstantibus
456 1847 491 1903 ut
514 1857 619 1919 supra.

362 1946 435 2010 Fiat
458 1944 495 2009 G.

361 2066 444 2131 Item
467 2054 627 2147 snpplic'at
649 2063 752 2127 eidem
776 2060 817 2126 δῦ
836 2063 898 2144 Vm,
922 2067 1079 2142 quatenus
1103 2061 1162 2126 sibi
1186 2064 1219 2126 in
1236 2082 1401 2144 personam
1422 2066 1532 2130 dilecti
1549 2066 1598 2129 sui
1615 2066 1739 2130 Alberti

234 2173 271 2236 de
295 2172 390 2236 Glatz
414 2169 594 2251 presbyteri
617 2167 787 2249 Pragensis
810 2167 889 2230 dioc.
915 2166 1087 2247 specialem
1112 2167 1250 2247 graciam
1274 2166 1438 2251 facientes,
1462 2171 1501 2233 de
1519 2170 1671 2234 beneficio
1687 2188 1737 2232 ec-

235 2275 411 2341 clesiastico
436 2292 505 2337 cam
528 2291 604 2335 cura
626 2272 677 2335 vel
700 2271 769 2334 sine
793 2289 877 2346 cura,
902 2277 1067 2350 spectante
1091 2272 1300 2337 communiter
1322 2273 1373 2335 vel
1398 2273 1524 2338 divisim
1549 2275 1589 2337 ad
1613 2274 1737 2338 collaci-

235 2399 334 2461 onem,
359 2376 639 2459 presentacionem,
662 2375 873 2456 provisionem
898 2380 958 2437 etc.
982 2376 1146 2458 prepositi,
1171 2376 1283 2439 decani
1300 2383 1334 2441 et
1356 2378 1488 2458 capituli
1511 2379 1647 2442 ecclesie
1663 2379 1737 2442 Pra-

236 2484 349 2566 gensiS‚
372 2483 400 2546 si
423 2481 505 2562 quod
530 2480 560 2543 in
584 2479 714 2543 civitate
738 2478 788 2541 vel
812 2478 890 2541 dioc.
914 2479 1066 2560 Pragensi
1089 2485 1182 2544 vacat
1205 2479 1244 2542 ad
1268 2498 1401 2560 presens
1432 2482 1483 2545 vel
1508 2483 1738 2563 quamprimum

234 2587 403 2664 vacaverit,
438 2586 541 2650 eidem
564 2584 695 2647 Alberto
726 2582 899 2663 dignemini
930 2583 1179 2647 misericorditer
1201 2585 1378 2666 providere,
1412 2604 1482 2649 cnm
1515 2588 1738 2667 acceptatione

235 2698 304 2773 etc,
328 2710 390 2755 non
414 2691 570 2770 obstante,
593 2689 677 2769 qnod
700 2686 930 2769 parrochialem
953 2687 1119 2750 ecclesiam
1143 2688 1175 2751 in
1199 2687 1349 2769 Kyrchna
1372 2689 1541 2769 l‘ragensis
1558 2690 1639 2754 dioc.
1657 2691 1739 2755 obti-

235 2815 308 2861 nere
331 2800 490 2874 noscatur,
514 2800 548 2856 et
571 2812 641 2855 cunr
664 2792 809 2856 omnibus
833 2810 895 2854 non
919 2791 1119 2855 obstantibus
1142 2798 1175 2854 et
1198 2792 1351 2855 clausulis
1374 2793 1550 2874 oportunis,
1574 2799 1610 2856 ut
1633 2811 1737 2873 supra.

362 2899 434 2962 Fiat
456 2897 493 2962 G.

363 3003 438 3067 Sino
461 3001 524 3064 alia
547 3000 696 3064 leccionc.
721 3001 794 3063 Fiat
817 3000 854 3063 G.

364 3107 401 3169 D.
426 3104 582 3168 Aninione
606 3103 667 3166 kal.
693 3103 805 3167 Marcii
829 3120 854 3164 a.
879 3103 998 3182 (quinto.

364 3295 396 3346 a.
416 3292 512 3362 Suppl.
530 3297 562 3344 27
582 3292 628 3345 lol.
647 3296 688 3344 63.
708 3322 741 3329 -
765 3296 789 3347 a)
810 3291 839 3343 ln
859 3307 941 3356 marg.
961 3289 1048 3343 dext:
1076 3289 1136 3356 ,Pro
1161 3293 1308 3356 calme1·a].‘
1332 3293 1356 3356 b)
1381 3291 1521 3358 Sequitur:
1550 3292 1645 3360 ‚maior
1676 3300 1739 3362 post

237 3381 418 3451 pontificalem
437 3389 485 3434 aut
503 3380 530 3432 in
549 3379 666 3433 ecclesia
690 3377 835 3446 collegiata
853 3377 1015 3446 principalis
1035 3378 1152 3444 existat,‘
1176 3377 1224 3429 sed
1243 3377 1424 3430 cancellatum
1443 3386 1493 3441 est,
1518 3381 1552 3433 ad
1572 3396 1653 3447 qnam
1677 3397 1738 3433 can·

236 3469 391 3523 collaturam
412 3482 539 3536 sequens,
557 3466 611 3519 alia
628 3482 710 3518 manu
728 3465 755 3517 in
775 3481 858 3532 marg.
877 3463 973 3517 dextro
992 3462 1131 3533 adscripta
1143 3463 1285 3518 adnotatio
1298 3465 1434 3533 pertinet:
1453 3465 1590 3527 ,Attende
1611 3466 1683 3533 quod
1697 3467 1737 3519 sic

236 3556 330 3609 eratin
349 3553 476 3624 originali
493 3552 691 3607 cancellatnm‘.
706 3561 730 3617 c)
749 3551 894 3618 Sequitur:
912 3551 983 3618 ‚ipsa
1000 3550 1081 3603 unica
1098 3558 1194 3604 curata
1211 3555 1259 3616 ad,
1279 3550 1327 3603 sed
1346 3551 1525 3604 cancellatum
1545 3560 1595 3617 est,
1615 3552 1649 3606 ad
1663 3552 1736 3620 qnod

236 3659 351 3712 sequena
369 3641 510 3696 adnotatio
529 3640 556 3692 in
575 3656 659 3708 marg.
678 3638 774 3691 dextro
793 3637 848 3691 alia
866 3653 947 3690 manu
966 3638 1039 3689 lacta
1057 3636 1188 3704 pertinet:
1209 3637 1262 3705 ,Sic
1281 3637 1379 3690 eratin
1393 3636 1522 3706 originali
1536 3639 1736 3693 cancellatum.¹

236 3732 259 3792 a)
273 3730 398 3799 Corrige:
417 3729 554 3796 ,Brunnat
569 3731 592 3794 e)
612 3726 735 3794 Corrige:
760 3725 796 3791 ,in
816 3724 985 3792 Eystetensti
1004 3741 1064 3776 curn
1083 3723 1208 3777 custodia
1232 3734 1259 3776 et
1280 3725 1307 3776 in
1332 3723 1534 3778 Smalkaldensi
1553 3724 1635 3779 Herb.
1656 3725 1738 3780 dioc!

237 3826 263 3871 ut
281 3817 310 3870 in
328 3834 368 3870 nr.
388 3821 446 3869 bd'l.
468 3815 536 3879 plu
555 3831 639 3881 marg.
658 3814 744 3866 dext:
764 3813 824 3878 ,Pro
838 3814 983 3877 calmeral‘.
998 3841 1027 3849 -·
1045 3813 1066 3875 ¹)
1086 3810 1161 3863 Conl.
1180 3827 1220 3863 nr.
1241 3816 1297 3865 186.
1319 3811 1339 3877 ²)
1353 3811 1428 3863 Gonf.
1442 3828 1483 3865 nr.
1497 3816 1554 3865 366.
1575 3813 1596 3876 ³)
1611 3812 1737 3881 Corrige:

236 3905 393 3970 ‚Hochstett

234 4185 321 4250 566.
346 4181 480 4246 Nicolao
501 4180 540 4244 de
561 4179 701 4243 Cremar'r
729 4183 909 4242 reservatur
930 4175 1080 4260 digniter,
1112 4180 1302 4259 personatus
1325 4176 1371 4240 cel
1393 4178 1542 4258 officium,
1574 4179 1617 4241 ad
1639 4177 1736 4241 colla·

234 4287 345 4350 tionem
369 4285 595 4367 archiepiscopi
617 4289 645 4348 et
668 4283 802 4366 capituli
828 4283 998 4361 Propensis
1015 4280 1188 4361 pertinens,
1212 4301 1273 4344 noa
1295 4282 1489 4345 obstantibus
1511 4287 1546 4344 at
1567 4282 1734 4364 insappli·

234 4392 352 4454 cutione
372 4389 430 4453 sab
454 4411 502 4453 nr.
527 4390 601 4455 565.
638 4441 650 4463 ‚,
664 4388 730 4452 aare
751 4409 789 4451 ac
811 4391 949 4449 altomm“
979 4384 1153 4464 „Aoinloac
1175 4385 1237 4449 lcol.
1260 4387 1378 4449 allorcii
1401 4408 1430 4449 a.
1455 4387 1589 4466 qaiato.“
1618 4420 1658 4430 -
1696 4386 1735 4448 Ia

235 4517 257 4559 c.
287 4517 327 4558 m.
359 4492 602 4557 Vrata'sluaiensi
631 4497 661 4556 el
693 4489 888 4556 olomucensi
917 4489 1070 4570 episcopis
1100 4507 1138 4550 ac
1168 4487 1275 4550 abboli
1304 4490 1489 4552 inorrustcrr'r'
1512 4487 1734 4569 Sedliceasia·)

838 4594 1011 4675 Propensis
1033 4591 1111 4656 dioc.

263 4703 379 4807 ,ῖῗ
1230 4731 1392 4806 Aoinloac,
1414 4729 1500 4794 13:37
1524 4730 1641 4793 Morta
1661 4735 1691 4795 1.

362 4927 395 4981 R.
414 4929 464 4980 Ar.
486 4925 599 4979 137101.
619 4929 687 4988 5917,
702 4927 726 4991 ι)
746 4921 933 4992 ,Cedlicensis‘
951 4923 1001 4975 Ar.

884 5117 1085 5128 .—-.-—

236 5277 325 5345 667.
347 5273 521 5339 Atratinus
542 5293 567 5338 s.
591 5272 747 5356 Stcpbam
768 5267 1004 5352 Herbipolensia
1014 5271 1045 5331 et
1055 5264 1298 5331 Bildbaaaeasla
1307 5276 1333 5348 ⁸)
1345 5264 1606 5330 monasteriorum
1628 5283 1667 5328 cc
1682 5264 1733 5328 de-

237 5399 311 5445 cano
332 5376 478 5444 ecdesiue
499 5398 524 5442 s.
548 5376 659 5457 Epidii
677 5375 712 5440 ia
727 5369 1006 5455 Scb‘mollcaldcnbl
1031 5370 1263 5455 Herda'poleasis
1277 5368 1354 5435 dioc.
1371 5368 1554 5450 mandatur,
1577 5371 1735 5451 watenes

1580 5502 1630 5558 lb*
