3944 6060
230 405 296 470 312
836 399 907 469 Acte
923 397 1075 456 innocentii
1094 397 1140 452 Vl.
1153 415 1165 453 .·

231 609 319 677 coloe
341 610 381 676 dc
401 609 561 694 mutuor)
584 609 622 675 dc
643 611 833 675 canonicatu
854 613 884 674 ot
900 608 1085 694 praebendo
1108 608 1245 673 eiusdem
1269 607 1414 674 ecclesiae
1436 608 1660 691 onfinneoto
1683 613 1741 676 out

231 716 277 780 eis
293 715 331 780 de
346 714 643 797 nouo-prouidentur
659 714 697 778 de
711 714 837 795 eisdem,
853 732 915 778 noo
936 712 1077 778 obstante
1098 715 1134 777 ut
1154 712 1190 777 in
1211 734 1259 777 ur.
1285 713 1348 778 792
1369 717 1399 778 ct
1423 712 1495 779 793.
1517 751 1561 762 —
1579 716 1675 796 ,atat
1699 716 1740 783 a:

231 821 275 885 Et
296 819 365 885 sino
387 817 620 884 ottoboniano.
645 815 798 883 leorae
825 817 939 902 ,Apud
969 815 1199 882 Villnmuoaom
1213 815 1437 885 Aninioueueis
1458 818 1535 884 dioc
1558 819 1624 886 kal.
1646 820 1743 886 June

898 943 929 987 o.
951 925 1068 989 ecato.“

1049 1060 1145 1143 Apud
1176 1060 1414 1142 Villomuooom,
1437 1064 1526 1130 1358
1546 1064 1645 1133 Jooti
1668 1066 1698 1131 1.

235 1230 238 1235 ’
364 1251 395 1305 n.
415 1250 510 1335 suppl.
531 1256 564 1304 ao
583 1231 632 1305 or.
653 1256 709 1305 reu.
728 1280 762 1289 -
775 1252 804 1337 7ιι)
824 1247 999 1316 ‚nosnowroc
1017 1248 1113 1318 eoppa
1132 1250 1159 1317 s)
1177 1248 1312 1333 ‚nemim
1331 1251 1431 1333 suppl,

235 1581 328 1704 792¹..
357 1581 501 1705 Jotanni
535 1634 572 1700 de
606 1632 779 1698 Bostoos'ct
815 1631 1026 1716 coufirmotur
1060 1584 1186 1698 collatio
1218 1632 1388 1699 decanatus
1420 1633 1575 1699 ccclesiae
1606 1635 1744 1702 ocosse

929 1755 1040 1801 reuera.
1184 1754 1188 1759 ·
1267 1752 1269 1756 “

1050 1874 1147 1957 Apud
1177 1873 1641 1957 Wbammvam,1358Jonii
1666 1881 1697 1944 1.

363 2090 401 2153 D.
419 2088 439 2151 f.
457 2087 594 2155 lohanui
618 2087 658 2153 de
671 2084 854 2152 Boskovicz
867 2084 1017 2152 canonico
1041 2085 1243 2151 olomucensi
1273 2086 1409 2152 salutem
1426 2090 1493 2152 etc.
1525 2086 1745 2169 Exigentibus

233 2193 404 2277 probitatis
422 2245 430 2259 .
451 2242 458 2256 .
478 2240 512 2255 ..
536 2191 689 2256 Exhibita
711 2189 867 2270 siquidem
889 2189 981 2254 nobis
1004 2208 1106 2271 nuper
1127 2209 1184 2272 pro
1207 2198 1299 2272 parte
1322 2196 1380 2255 tua
1401 2191 1520 2273 peticio
1543 2193 1745 2273 continebat,

234 2299 317 2379 quod
333 2298 407 2364 olim
435 2298 591 2362 decanatu
607 2294 742 2359 ecclesie
759 2290 1006 2358 Cremsierensis
1030 2292 1250 2359 Olomucensis
1266 2294 1345 2360 dioc.
1362 2313 1421 2377 per
1435 2295 1556 2360 obitum
1580 2297 1743 2378 quondam

233 2402 364 2468 Henrici
387 2403 426 2466 de
449 2402 580 2466 Brunna
602 2400 705 2464 ultimi
735 2397 878 2462 eiusdem
901 2397 1037 2463 ecclesie
1065 2399 1191 2482 decani,
1223 2399 1278 2480 qui
1301 2405 1393 2464 extra
1422 2400 1596 2469 Romanam
1619 2401 1745 2467 cumam

235 2507 319 2573 diem
343 2506 458 2571 clausit
479 2511 665 2586 extremum,
688 2510 830 2585 vacante,
854 2521 923 2567 ven.
947 2501 986 2565 ir.
1010 2507 1120 2567 noster
1141 2502 1304 2568 lohannes
1326 2503 1495 2588 episcopus
1518 2504 1747 2572 Olomucensis

235 2613 423 2677 decanatum
451 2611 566 2693 ipsum,
597 2609 661 2691 qui,
685 2614 721 2673 ut
751 2609 914 2689 asseritur,
938 2606 1076 2689 dignitas
1107 2612 1218 2673 curata
1248 2608 1281 2672 in
1312 2609 1425 2674 eadem
1449 2609 1587 2675 eeclesia
1617 2610 1745 2694 existit,

234 2715 280 2780 sio
302 2720 468 2781 vacantem
491 2720 525 2779 et
554 2714 595 2778 ad
617 2711 718 2795 ipsius
749 2711 891 2793 episcopi
914 2710 1120 2777 collusionem
1144 2713 1358 2794 pertinentem
1377 2765 1384 2778 .
1402 2764 1410 2778 .
1428 2763 1462 2781 ..
1494 2715 1553 2780 tibi
1576 2715 1744 2801 canonice,

234 2819 297 2884 nisi
321 2819 494 2902 apostolice
518 2816 754 2883 reservationes
777 2816 952 2895 obstarent,
976 2815 1111 2880 contulit
1133 2824 1167 2881 et
1190 2817 1229 2881 de
1246 2836 1283 2882 eo
1306 2818 1407 2883 eciam
1429 2818 1578 2903 providit,
1600 2826 1637 2886 et
1657 2820 1742 2888 licet

234 2924 342 3005 vigore
365 2923 548 2988 collacionis
580 2927 615 2988 et
636 2919 826 3003 provisionis
856 2919 1036 2985 huiusmodi
1060 2920 1161 3001 ipsius
1192 2922 1366 2988 decanatus
1388 2924 1624 3005 possessionem
1658 2926 1745 2992 obti-

235 3044 321 3106 neas,
346 3027 474 3092 dubitas
497 3032 604 3091 tamen
627 3025 730 3107 ipsum
754 3030 897 3106 tempore
921 3025 1104 3090 collationis
1128 3033 1163 3090 et
1184 3027 1373 3108 provisionis
1403 3029 1617 3111 predictarum
1639 3029 1746 3097 fuisse

235 3131 440 3214 dispositioni
471 3130 645 3213 apostolice
668 3135 875 3211 reservatum,
907 3135 1001 3210 teque
1025 3147 1119 3210 posse
1143 3139 1314 3214 propterea
1343 3151 1500 3216 supereo
1531 3134 1746 3217 imposterum

234 3236 407 3301 molestari.
431 3236 497 3300 Nos
512 3237 611 3318 igitur
632 3234 837 3299 intendentes
860 3239 903 3317 te,
927 3253 984 3316 pro
1007 3252 1068 3314 quo
1092 3235 1191 3299 eciam
1214 3235 1298 3300 idem
1322 3237 1489 3320 episcopus
1508 3289 1516 3306 .
1535 3288 1542 3303 .
1563 3287 1596 3303 ..
1620 3240 1747 3323 suppli-

235 3341 327 3424 cavit,
345 3391 352 3406 .
372 3392 379 3405 .
399 3393 406 3406 .
426 3394 433 3408 .
450 3342 557 3407 favore
572 3339 722 3423 prosequi
737 3339 880 3421 graciose
882 3388 997 3421 .....
1025 3339 1166 3404 volumus
1189 3346 1224 3405 et
1239 3341 1414 3423 apostoliea
1435 3342 1504 3424 tibi,
1519 3345 1746 3410 canonicatum

234 3451 270 3510 et
291 3447 486 3527 prebendam
507 3447 541 3511 in
564 3445 701 3510 ecclesia
730 3442 933 3509 Olomucensi
962 3450 996 3507 et
1026 3445 1255 3526 parrochialem
1286 3447 1454 3512 ecelesiam
1484 3448 1519 3512 in
1550 3446 1745 3516 Chunowioc

236 3550 321 3615 dicte
345 3551 424 3617 dioc.
449 3551 616 3634 obtinenti,
647 3548 837 3614 auctoritate
861 3549 1070 3631 concedimus,
1101 3549 1184 3630 quod
1207 3550 1338 3616 collacio
1364 3556 1403 3616 et
1425 3552 1564 3633 provisio
1594 3554 1746 3636 predicte

236 3656 347 3723 etalia
360 3657 435 3721 inde
461 3663 571 3722 secuta
582 3655 716 3739 perinde
733 3653 840 3718 adata
855 3653 1057 3735 presencium
1079 3654 1207 3718 valeant
1230 3660 1264 3719 et
1278 3655 1405 3736 plenam
1428 3657 1595 3722 obtineant
1616 3659 1746 3724 roboris

236 3759 428 3844 firmitatem,
440 3762 607 3827 dummodo
621 3768 763 3842 tempore
776 3758 860 3824 dicte
874 3758 947 3823 date
967 3759 998 3821 in
1012 3757 1123 3822 eodem
1147 3757 1303 3823 decanatu
1316 3778 1379 3824 non
1390 3761 1488 3825 fuerit
1509 3761 1604 3825 alteri
1620 3761 1747 3846 specia-

234 3864 310 3929 liter
333 3865 383 3930 ius
413 3866 582 3947 quesitum,
605 3884 641 3929 ac
665 3866 692 3928 si
709 3865 748 3928 de
773 3865 842 3944 ipso
872 3861 960 3926 nulla
989 3882 1046 3943 per
1069 3863 1178 3927 sedem
1210 3864 1416 3944 apostolicam
1447 3865 1626 3931 reservatio
1656 3865 1750 3933 iacta

236 3968 328 4033 foret.
355 3969 506 4033 Volumus
530 3974 645 4048 antem,
669 3967 753 4048 quod
777 3966 893 4030 dictam
916 3965 1145 4047 parrochialem
1168 3966 1346 4046 ecclesiam,
1369 3987 1462 4048 quam
1485 3972 1601 4033 extunc
1624 3988 1747 4037 vacare

235 4072 444 4149 decemimus
467 4078 562 4153 prout
585 4077 618 4136 et
642 4071 682 4134 ad
704 4071 738 4134 id
753 4076 785 4134 te
809 4075 922 4151 sponte
941 4070 1095 4152 obtulisti,
1119 4071 1280 4136 dimittere
1304 4072 1455 4139 tenearis.
1477 4121 1563 4140 ....
1591 4074 1630 4138 Ι).
1656 4077 1750 4158 apud

235 4176 467 4242 Villamnouam
490 4173 714 4240 Aninionensis
737 4175 817 4240 dioc.
842 4173 905 4239 kal.
929 4173 1017 4238 lunii
1041 4193 1068 4238 a.
1093 4180 1193 4240 sexto,

370 4374 1041 4446 mmmmfflmmmmffi

886 4597 955 4604 .—

242 4767 330 4833 793.
356 4766 488 4830 Nicoloo
512 4766 549 4830 dc
572 4764 694 4831 Mdloe'lt
724 4764 928 4847 confirmatur
950 4765 1074 4829 collatio
1105 4768 1308 4830 canonicatus
1330 4770 1359 4830 ct
1376 4767 1578 4849 praebendae
1598 4770 1757 4840 ecclesiae

867 4868 1097 4936 Oronsoensis.

302 5012 369 5077 n.
1052 5008 1148 5091 Apta
1178 5009 1419 5088 vincomalum,
1443 4986 1528 5077 reae
1550 5008 1647 5076 nunu
1672 5017 1705 5081 r.

367 5200 404 5263 Ι).
429 5197 450 5262 l.
473 5197 605 5266 Nicolno
629 5198 668 5261 sle
692 5197 830 5262 llelnico
865 5199 1028 5279 preposito
1051 5198 1186 5263 ecclesie
1222 5217 1246 5263 s.
1271 5199 1357 5263 l‘etri
1381 5200 1579 5266 Brnnnensis
1611 5200 1756 5272 Olomu-

237 5303 433 5369 censisdioc.
458 5302 593 5369 amntem
617 5309 683 5373 etc..
701 5302 1080 5384 Laudabiliaprobitatis
1093 5355 1121 5370 ..
1137 5351 1166 5369 ..
1189 5302 1339 5369 Exhibitc
1363 5305 1755 5393 siquidemnobisnuper
