3944 6060
700 422 767 471 1³60
779 417 941 473 Novembris
957 424 987 472 19
1010 450 1034 458 -
1051 417 1211 474 Decembris
1227 423 1266 471 12.
1669 419 1732 486 467

233 631 437 712 apostolicam
474 629 664 693 auctoritate
698 634 808 693 nostra
841 629 880 693 ab
904 628 1015 692 eodem
1039 627 1184 692 Johanue
1217 628 1266 691 vel
1292 633 1496 709 procuratore
1531 644 1588 691 suo
1612 626 1735 691 adhoc

234 735 419 818 specialiter
452 735 625 799 constituto
660 733 792 798 liberam
826 733 1076 815 resignaciouem
1108 732 1263 797 dictoruur
1288 732 1492 796 canonicatus
1516 735 1550 794 et
1572 731 1734 813 prebende

234 859 268 903 ac
290 839 407 903 iurium
431 843 464 903 ct
498 838 767 920 pertinentiarum
797 838 949 920 ipsorum,
982 838 1115 919 ipsaque
1149 840 1280 918 recepta
1303 834 1485 901 conferendi
1517 835 1734 900 canonicatum

232 949 266 1007 et
287 943 479 1024 prebendam
504 942 632 1006 eosdem
667 943 750 1024 apud
781 942 915 1006 eandem
945 943 1054 1006 sedern
1077 941 1122 1006 sic
1145 946 1304 1023 vacantes
1336 941 1436 1005 eciam
1459 939 1487 1003 si
1511 938 1576 1004 sirrt
1599 958 1733 1022 genera·

233 1048 307 1112 liter
329 1048 381 1113 vel
404 1047 587 1130 specialiter
610 1047 813 1129 disposicioni
837 1046 1011 1129 apostolice
1031 1046 1197 1125 reservati,
1218 1097 1224 1111 .
1245 1099 1250 1110 .
1271 1097 1278 1112 .
1297 1095 1304 1109 .
1321 1045 1415 1109 alicui
1439 1062 1574 1127 persone
1598 1045 1732 1126 ydonee,

234 1153 272 1216 de
295 1171 358 1233 qua
381 1151 498 1216 videris
521 1151 684 1234 expedire,
703 1200 711 1215 .
730 1201 738 1215 .
758 1204 764 1216 .
785 1202 792 1216 .
815 1151 940 1234 plenam
964 1157 1076 1217 tenore
1092 1152 1291 1242 presencium
1315 1150 1515 1217 concedimus
1538 1147 1733 1215 facultatem.

235 1259 271 1322 D.
296 1257 453 1322 Aulaiorre
477 1256 540 1320 llll
563 1256 625 1321 kal.
650 1256 837 1321 Decembris
861 1276 890 1322 a.
914 1261 1035 1322 octavo.

362 1445 393 1499 R.
414 1447 462 1499 Aa.
486 1451 532 1498 142
551 1443 599 1499 iol.
617 1450 686 1500 261⁴.

234 1768 349 1836 1164.
375 1767 458 1831 Nota
483 1766 687 1831 desolatione
707 1768 859 1850 pecuniae
875 1768 1026 1851 Pesquini
1050 1768 1145 1831 Wersi
1161 1769 1237 1833 civis
1254 1766 1480 1848 Crocociensis,
1503 1786 1598 1848 quam
1619 1768 1736 1848 recepit

236 1873 367 1937 Obertus
380 1871 417 1935 dc
432 1870 538 1936 Plana
549 1871 626 1936 civis
636 1875 828 1936 etnrercator
840 1871 1023 1953 Astensis,⁸)
1035 1874 1136 1936 socius
1147 1874 1309 1937 sauciatis
1322 1870 1477 1936 Antbonii
1487 1876 1516 1935 et
1531 1870 1686 1936 Gnidonis
1697 1870 1736 1934 de

233 1975 424 2057 Malabcpla
447 1980 657 2040 mercatorum
678 1976 872 2056 Astensinrn‚
896 1996 966 2041 cum
988 1997 1119 2060 sequens
1144 1977 1322 2040 Romanam
1350 1977 1473 2040 curiam
1500 1973 1632 2039 baberet
1648 1978 1736 2057 pote·

233 2085 347 2145 statem
369 2079 541 2162 recipiendi
564 2081 687 2144 nomine
709 2100 853 2146 camerae
888 2081 1078 2164 apostolicae
1113 2101 1134 2144 a
1156 2081 1386 2166 quibuscunque
1408 2079 1530 2145 nunciis
1553 2078 1735 2162 apostolicis

232 2186 266 2249 in
293 2185 463 2267 Unpuriae,
476 2184 502 2263 l)
538 2183 707 2250 Bobemiae
730 2190 760 2249 ct
784 2185 933 2250 Polorriae
957 2188 1062 2268 repnis
1085 2207 1123 2250 ac
1144 2185 1291 2268 part-ibus
1316 2183 1530 2250 Alamanniae
1548 2204 1608 2265 per
1630 2183 1734 2248 sedem

235 2290 440 2373 apostolicam
464 2289 624 2372 deputatis
646 2289 694 2354 acl
711 2291 974 2372 procuratoribus
997 2291 1162 2355 eorundem
1183 2290 1390 2372 pecuniarum
1419 2308 1561 2353 summas
1591 2307 1736 2352 camerae

234 2395 425 2476 apostolicae
458 2393 589 2457 debitas.
639 2394 719 2474 „Die
750 2396 818 2458 XII
840 2395 1019 2459 Decembris
1050 2394 1095 2481 [a.
1118 2448 1123 2459 .
1145 2448 1150 2459 .
1237 2393 1402 2458 rrailtesr'rno
1433 2392 1513 2459 000
1530 2392 1734 2476 senapesima

276 2498 447 2562 indiccione
469 2495 563 2577 XIII,
583 2499 788 2580 pontificatus
808 2553 813 2564 .
833 2550 839 2563 .
859 2550 892 2565 ..
917 2500 1119 2566 lnnoccncii.
1151 2550 1157 2562 .
1194 2550 1199 2560 .
1237 2552 1242 2563 .
1264 2520 1350 2582 pape
1381 2499 1426 2562 Vl
1443 2519 1474 2561 a.
1498 2494 1648 2584 octavos·
1664 2502 1691 2578 ο)

1320 2638 1407 2702 1360
1431 2635 1614 2700 Decembris
1638 2637 1704 2735 12.v

362 2826 414 2880 lnt.
442 2834 469 2880 et
489 2827 560 2880 Erit.
590 2830 680 2895 (1360)
700 2832 749 2880 293
775 2826 821 2881 lol.
841 2833 891 2880 35‘.
918 2858 949 2866 -
965 2832 989 2891 ιι)
1009 2827 1155 2894 ,Estensis⁴
1174 2827 1226 2881 Int.
1251 2827 1277 2894 b)
1296 2825 1434 2895 ‚Vngsrie‘
1453 2824 1504 2880 lnt.
1528 2831 1551 2895 ο)
1570 2825 1733 2895 Suppletum

235 2927 267 2969 ex
286 2913 353 2967 lolia
372 2919 413 2967 at.

882 3076 1085 3084 ——a—-u

235 3222 351 3289 1165.
374 3221 543 3288 audacitas
565 3220 748 3300 mandatur,
773 3225 926 3305 quatenns
943 3220 1140 3286 Babnslaum
1164 3221 1307 3286 abbatem
1329 3220 1688 3306 monasteriijSiioensis
1704 3224 1734 3286 et

235 3326 396 3409 complices
418 3327 496 3406 eins,
519 3328 573 3408 qui
602 3325 801 3391 Vcnceslaum
823 3327 1007 3391 carronicum
1029 3327 1166 3391 eiusdem
1189 3328 1375 3391 monasterii
1392 3323 1581 3410 parochiali
1603 3325 1735 3391 ecclesia

236 3432 272 3495 de
293 3431 420 3513 Ipiaaia
442 3451 502 3496 non
525 3432 639 3516 absque
654 3431 774 3496 crudeli
789 3452 939 3496 manuum
962 3432 1128 3498 iniectione
1150 3432 1376 3514 spoliaverunt,
1400 3430 1530 3495 eundern
1552 3432 1734 3497 canonicum

237 3537 417 3601 incarcere
455 3536 637 3615 detinentes,
674 3537 956 3601 exconrmunicatas
993 3538 1151 3617 nuncient,
1188 3536 1283 3601 donec
1313 3557 1407 3619 super
1435 3534 1614 3619 praedictis
1636 3533 1732 3600 satis·

908 3641 1057 3720 fecerint.

321 3728 375 3849 i.
1136 3779 1298 3861 Acinione,
1323 3780 1407 3844 1360
1432 3778 1612 3844 Decembris
1636 3781 1688 3844 12.

365 3971 499 4035 Dilectis
522 3971 621 4034 liliis.
657 4018 665 4034 .
684 3971 790 4035 abbati
814 3971 1051 4036 Breunouiensi
1074 3960 1178 4053 prope'
1196 3971 1328 4052 Pragam
1345 3970 1553 4052 etpreposito
1576 3970 1608 4034 in
1632 3970 1732 4035 Riud·

235 4076 334 4151 nicz·)
359 4074 528 4157 Pragensis
558 4075 637 4139 dioc.
670 4094 727 4157 per
749 4075 945 4158 prepositura
977 4076 1063 4140 soliti
1088 4075 1257 4157 gubernari
1290 4074 1554 4139 monasteriorum
1577 4092 1614 4137 ac
1637 4074 1732 4139 Petro

237 4178 430 4245 Currcindori
450 4180 600 4244 cauoulco
631 4180 783 4262 Pragensi
807 4181 943 4245 salutem
967 4187 1028 4244 etc.
1060 4177 1258 4262 Significavit
1281 4180 1372 4244 nobis
1395 4179 1424 4243 d.
1449 4178 1469 4243 f.
1492 4178 1733 4260 Wencellausll
1816 4237 1820 4246 .

236 4284 403 4350 canonicus
440 4285 624 4348 monasterii
658 4284 812 4349 Siloensis
847 4285 967 4350 ordinis
990 4284 1296 4349 Premonstrateusis
1328 4303 1364 4348 ac
1394 4288 1499 4347 rector·
1521 4282 1731 4363 parrochialis

235 4390 370 4454 ecclesie
404 4391 436 4454 in
460 4389 595 4471 Yglauia
618 4390 787 4471 I’ragensls
822 4394 856 4454 et
878 4389 1098 4456 Oloruucensis
1133 4389 1222 4470 dioc,
1256 4388 1339 4468 quod
1373 4388 1450 4452 licet
1473 4387 1546 4452 alirn
1569 4387 1638 4468 ipse
1662 4406 1731 4469 pre-

236 4494 352 4558 dictam
375 4494 551 4573 ecclesiam,
583 4502 765 4559 cousuetam
788 4513 847 4578 per
869 4496 1037 4561 canonicos
1068 4494 1146 4559 dicti
1169 4492 1355 4558 monasterii
1378 4491 1557 4574 gubernari,
1582 4498 1657 4555 tuuc
1680 4511 1732 4556 va·

236 4606 368 4680 cantern,
391 4598 506 4662 luisset
528 4600 678 4663 sarranice
703 4605 869 4664 assecutus
893 4619 1025 4681 eantque
1045 4618 1104 4683 per·
1127 4598 1234 4680 plures
1266 4616 1363 4661 narras
1387 4597 1546 4674 tenuisset
1569 4602 1602 4660 et
1623 4613 1733 4676 posse·

236 4704 336 4768 disset
351 4708 383 4767 ct
396 4710 470 4767 tunc
482 4703 581 4766 eciaru
595 4704 749 4788 tenelre]t
760 4711 794 4769 et
805 4703 1012 4788 posside[r·e]t
1024 4703 1153 4786 pacifice
1170 4707 1204 4765 et
1219 4701 1326 4781 quiete
1339 4698 1459 4764 fructus
1472 4699 1677 4782 percipiendo
1693 4718 1733 4764 err

237 4825 284 4881 ea,
308 4815 414 4871 tamen
445 4807 632 4887 BohuslauS,
665 4810 718 4888 qui
742 4827 777 4872 se
800 4809 884 4888 gerit
907 4829 962 4889 pro
986 4809 1100 4873 abbate
1125 4806 1201 4870 dicti
1232 4805 1428 4888 monasterii,
1453 4804 1492 4868 ad
1517 4804 1642 4869 domurn
1666 4822 1731 4869 rec-

237 4912 313 4976 toris
336 4917 371 4976 et
393 4911 526 4977 ecclesie
551 4912 764 4993 predictorum
788 4914 950 4994 accadens,
975 4914 1076 4995 ipsum
1101 4916 1256 4974 rectorem
1288 4910 1405 4988 absque
1430 4922 1524 4972 causa
1547 4907 1731 4973 racionabili

237 5024 269 5080 et
290 5015 432 5080 indebite
468 5023 501 5080 et
524 5017 641 5080 iniuste
679 5018 823 5099 predicta
857 5016 1046 5100 parrochiali
1080 5015 1216 5079 ecclesia
1246 5020 1280 5077 et
1303 5013 1373 5077 eius
1396 5012 1599 5095 possessione
1623 5019 1731 5089 contra

236 5119 393 5184 iusticiarn
417 5120 574 5201 spoliavit,
610 5139 646 5184 ac
669 5140 741 5184 cunr
764 5141 822 5204 por
856 5121 1022 5186 rrorrrrullos
1056 5118 1228 5183 familiares
1257 5136 1332 5183 suos
1355 5136 1416 5182 nou
1441 5118 1560 5197 absque
1583 5134 1731 5179 rnauaurn

236 5224 408 5289 iuieccione
442 5226 474 5288 irr
498 5244 570 5288 auur
593 5226 645 5290 dei
669 5226 782 5290 timore
816 5227 993 5308 postposito
1027 5231 1147 5288 teruere
1178 5222 1317 5287 violenta
1340 5221 1409 5302 capi
1433 5225 1466 5284 et
1491 5219 1628 5283 detineri
1651 5237 1729 5283 ausa

237 5329 390 5410 sacrilego
420 5330 581 5395 mandavit
609 5331 749 5413 etfacit,
779 5331 904 5413 ipsique
934 5328 1108 5394 familiares
1132 5329 1171 5391 de
1194 5326 1328 5408 predicti
1352 5324 1504 5390 Bohuslai
1527 5324 1674 5388 mandato
1698 5330 1732 5388 et

1577 5460 1627 5514 30*
