3944 6060
232 434 296 498 356
832 431 903 485 Acts
921 430 1075 484 iunocentii
1092 430 1139 485 Vl.

231 640 321 707 903.
343 641 537 705 Iumceatius
569 641 615 703 VI
634 638 781 706 Gurolam
807 642 1018 704 Romanorum
1047 641 1269 722 imperatorem
1290 641 1451 705 certiorem
1469 643 1567 723 facit,
1591 663 1627 707 se
1646 645 1733 726 peti·

230 744 313 807 tione
341 763 438 826 super
469 743 671 826 impetranda
691 744 830 827 quodam
853 743 1085 826 dispensatione
1108 765 1169 807 nou
1184 744 1336 818 odorisso,
1363 743 1556 810 Guilelmum
1572 746 1728 811 decanam

239 848 518 929 Visseprodeusem
552 870 580 912 cr
613 848 710 913 ctiam
742 869 836 931 super
869 849 1018 912 contentis
1048 849 1081 911 in
1103 848 1243 928 quodam
1276 849 1426 914 schedula
1453 851 1596 933 propr-ic
1631 870 1731 914 nrouu

280 935 284 943 ¹
702 953 823 1036 scripta
846 972 1078 1036 responsurum,
1101 954 1269 1019 remisisse.

1210 1093 1374 1173 Aoiuioae,
1398 1093 1483 1159 1359
1506 1093 1637 1179 Aprilis
1660 1098 1699 1160 2.

360 1282 531 1346 Carissimo
566 1282 598 1345 in
622 1281 748 1346 Christo
772 1281 835 1346 filio
871 1281 982 1346 Carula
1014 1284 1081 1363 regi
1116 1284 1325 1348 Rornanorum
1359 1284 1478 1348 illustri
1508 1285 1651 1350 salutern
1676 1293 1741 1350 etc.

232 1386 267 1447 l).
283 1384 302 1448 f.
321 1385 524 1450 Guillelmum
541 1386 1027 1468 decanumWissoegradensem,
1053 1387 1252 1451 celsitudinis
1276 1394 1329 1451 tue
1346 1388 1504 1466 nuncium,
1529 1389 1570 1452 ad
1596 1396 1743 1454 nostram

231 1496 382 1571 exparte
406 1495 463 1554 tua
485 1490 682 1571 presenciam
713 1492 918 1554 accedentem
943 1491 1210 1571 contemplacione
1242 1491 1399 1556 mittentis
1423 1498 1456 1556 et
1479 1510 1536 1556 sue
1560 1493 1741 1574 probitatis

231 1593 348 1658 intuitu
377 1599 510 1676 paterno
545 1594 737 1674 recipientes
768 1593 895 1672 aflectu,
929 1594 1157 1676 magnitudinis
1193 1602 1247 1658 tue
1277 1596 1469 1677 peticionem
1504 1614 1604 1678 super
1638 1598 1743 1680 impe·

231 1698 345 1761 tranda
368 1699 406 1762 ab
431 1697 603 1780 apostolice
627 1698 713 1762 sedis
737 1698 1194 1780 indulgenciadispensacione
1219 1700 1353 1779 quasdam
1376 1705 1441 1763 tam
1457 1701 1604 1765 eiusdem
1628 1701 1743 1766 nuncii

231 1820 323 1882 quam
338 1801 518 1866 litterarum
541 1808 666 1866 tuarum
683 1802 859 1867 ministerio
876 1808 1092 1884 presente-tam
1108 1803 1324 1868 intelleximus
1341 1804 1520 1886 diligenter.
1546 1804 1580 1869 Si
1597 1806 1743 1888 quidem,

231 1907 395 1971 carissime
425 1904 479 1987 fili,
503 1907 576 1970 dum
599 1913 631 1970 te
663 1912 812 1987 tanquam
835 1906 1032 1971 fortitudinis
1063 1915 1170 1971 nostre
1195 1907 1356 1971 lunchium
1380 1914 1413 1972 et
1436 1910 1574 1974 nobilem
1599 1910 1742 1976 ecclesie

230 2010 425 2095 militalnpis
449 2011 601 2074 athletam
619 2029 744 2093 semper
767 2011 905 2092 gerimus
928 2012 961 2075 in
980 2011 1152 2074 visceribus
1177 2012 1329 2093 caritatis,
1352 2013 1555 2077 considerare
1579 2032 1639 2079 nos
1664 2033 1742 2079 cou-

230 2116 327 2198 venit,
363 2122 408 2192 ut,
432 2133 492 2195 que
527 2115 559 2178 in
582 2116 653 2198 ipsa
676 2116 723 2179 rei
748 2115 914 2197 superficie
950 2116 1007 2179 tibi
1038 2120 1129 2196 grata
1163 2133 1197 2178 se
1221 2117 1384 2196 prebeant,
1416 2117 1561 2198 inspecta
1596 2118 1741 2182 interius

231 2220 330 2284 eciam
352 2219 412 2284 tibi
435 2220 597 2284 commoda
626 2225 660 2283 et
683 2219 775 2283 utilia
798 2219 974 2283 videantur.
1005 2219 1097 2283 Licet
1119 2220 1227 2300 itaque
1251 2228 1359 2284 nostre
1391 2239 1517 2303 semper
1539 2223 1739 2288 intensionis

231 2325 357 2404 existat,
381 2329 531 2403 quantum
548 2343 617 2387 cum
640 2323 888 2405 deopassumua
912 2342 1052 2386 annuere
1076 2324 1157 2387 votis
1174 2324 1246 2404 tuiS,
1270 2324 1491 2390 nichilominus
1516 2328 1740 2404 attendentes

231 2429 406 2511 predictam
438 2429 710 2510 dispensaciouern
734 2447 790 2511 pro
816 2428 948 2493 instanti
972 2436 1114 2509 tempore
1147 2429 1314 2493 serenitati
1339 2436 1392 2493 tue
1426 2431 1554 2495 minime
1572 2450 1738 2497 necessa·

230 2533 309 2598 riam
332 2533 400 2597 fere
423 2533 474 2596 vel
498 2532 618 2616 utilem,
648 2533 735 2596 illam
758 2552 815 2614 pro
839 2533 930 2596 modo
955 2552 1016 2596 non
1047 2532 1192 2595 «luximus
1216 2533 1459 2607 concedendam,
1492 2541 1664 2616 sperantes
1688 2537 1737 2601 in·

230 2656 326 2720 super
359 2638 392 2701 iu
416 2637 540 2701 domino
574 2642 670 2717 teque
694 2637 794 2700 eciam
817 2637 850 2699 iu
874 2637 984 2701 eodem
1019 2653 1148 2718 sperare
1172 2637 1314 2716 paternis
1349 2637 1517 2703 affectibus
1548 2641 1739 2724 suadentes²

229 2744 331 2824 ipsum
355 2742 394 2806 de
417 2759 473 2805 sue
497 2739 714 2805 munificencia
738 2740 936 2823 plenitudine
959 2741 1041 2803 velle
1065 2741 1110 2803 ita
1133 2749 1237 2803 tecum
1262 2758 1366 2821 agere,
1391 2742 1474 2822 quod
1497 2761 1600 2825 neque
1625 2745 1659 2808 iu
1684 2744 1700 2809 f
1724 2781 1734 2793 ·

230 2853 334 2910 turum
358 2846 539 2910 necessaria
562 2847 633 2926 erit,
664 2850 761 2924 tuque
784 2845 925 2908 iudicare
949 2845 1069 2926 peteris
1101 2864 1161 2907 nou
1185 2844 1324 2926 imligna
1350 2847 1523 2927 apostolice
1548 2849 1635 2913 sedis
1661 2851 1737 2915 dili·

230 2951 372 3031 gencium
403 2969 464 3013 non
488 2951 655 3013 annueudo
679 2968 771 3030 qumn
795 2949 961 3012 arrnuendo
993 2949 1145 3029 predictis
1170 2950 1361 3013 corrrumdius
1393 2952 1579 3031 providisse.
1626 2954 1738 3032 Quare

230 3054 436 3118 serenitatem
459 3060 545 3118 tumn
568 3072 733 3135 precamur
755 3058 787 3117 et
810 3053 972 3117 hortamur
996 3059 1129 3133 attente,
1165 3059 1320 3133 qrraatenus
1344 3054 1477 3120 moleste
1501 3075 1563 3121 non
1586 3057 1684 3138 ferae,
1709 3060 1738 3126 si

230 3158 421 3241 peticionem
451 3157 607 3240 prefatam
630 3158 876 3222 racionabilibus
907 3158 1115 3221 suadentibus
1140 3159 1244 3221 caruis
1270 3179 1325 3240 pre
1359 3160 1502 3240 presenti
1524 3167 1662 3242 paterna
1685 3184 1738 3229 ca-

230 3263 308 3326 ritas
331 3280 394 3326 nou
425 3262 559 3343 admisit,
583 3281 652 3326 cum
675 3263 766 3344 scias
790 3262 872 3342 quod
903 3281 978 3343 sepe
1003 3280 1105 3325 rerum
1131 3263 1266 3326 nmmum
1298 3264 1442 3328 conditor
1465 3265 1544 3330 deus
1575 3272 1610 3331 et
1631 3270 1738 3350 graci-

230 3386 318 3431 arum
342 3385 469 3431 suarum
492 3365 657 3432 munificus
680 3367 1034 3431 distributorvotisnen
1048 3367 1267 3449 respondendo
1285 3369 1463 3448 petencium
1489 3371 1619 3435 maioris
1642 3373 1742 3455 sigua

230 3472 413 3537 dileccionis
437 3473 592 3555 ostendit3
616 3490 725 3536 verum
749 3473 822 3552 qrria
838 3472 982 3553 predicta
1005 3471 1109 3534 eumin
1131 3471 1274 3552 prelatus
1297 3473 1430 3536 nuncius
1454 3480 1538 3553 tuns,
1562 3476 1647 3541 lator
1664 3497 1741 3560 pre·

230 3577 379 3658 sencium,
402 3595 460 3659 per
478 3596 534 3642 nos
559 3595 654 3658 super
677 3577 796 3641 eisdem
821 3582 855 3639 et
871 3576 910 3639 de
934 3581 1065 3656 paterne
1090 3575 1272 3639 dileccionis
1297 3575 1423 3659 aflectu,
1448 3597 1541 3658 quem
1565 3581 1605 3644 ad
1629 3587 1664 3646 te
1683 3603 1739 3666 ge·

229 3683 336 3763 rimus,
360 3682 460 3745 lacius
485 3681 680 3763 informatus,
703 3682 753 3745 cui
778 3681 853 3744 dare
877 3681 909 3743 in
933 3680 1096 3760 premissis
1128 3680 1294 3743 credencie
1319 3680 1410 3745 iidem
1436 3684 1546 3747 eadem
1570 3688 1740 3754 serenitas

230 3792 286 3850 tua
308 3786 396 3865 velit,
421 3786 579 3867 explicare
610 3787 730 3867 poterit
753 3783 880 3849 oracula
912 3784 1100 3863 viveretis,
1132 3791 1262 3864 propter
1285 3803 1323 3847 ea
1347 3804 1408 3849 non
1441 3787 1574 3852 vidimus
1611 3791 1739 3873 longio-

230 3891 317 3955 ribus
341 3909 398 3971 per
420 3909 477 3954 rios
501 3889 567 3954 fore
592 3891 819 3971 scripcionibus
844 3889 1063 3952 insistemlum.
1091 3888 1241 3951 Volumus
1266 3897 1382 3970 autem,
1408 3897 1444 3953 ut
1466 3892 1553 3954 brevi
1578 3893 1738 3963 zuliuncto

230 3995 409 4057 litterarum
440 4001 619 4058 nostrarum
643 3995 758 4057 seriem
790 3975 1021 4073 ‹tarrcludmmrs
1058 3992 1305 4072 uraguitmliuem
1338 3999 1422 4057 tuam
1448 4014 1535 4076 spem
1568 3996 1740 4066 indubiam

230 4116 341 4180 gerere
373 4104 554 4177 certamque
577 4097 722 4161 fiduciam
758 4098 912 4175 obtinere,
948 4098 1031 4176 {pared
1055 4097 1086 4158 in
1111 4096 1181 4177 hiis,
1217 4115 1277 4176 orrea
1301 4099 1348 4161 tui
1381 4099 1524 4163 culminis
1556 4104 1741 4184 respiciant

229 4203 366 4267 honores
401 4208 434 4265 et
457 4203 626 4279 commoda,
662 4209 864 4283 protuerunt
901 4201 1094 4263 excrrllcneia
1117 4202 1308 4281 meriturum,
1343 4222 1404 4282 qrre
1438 4203 1566 4269 lmnosis
1591 4207 1739 4274 cotbidie

230 4306 388 4388 preconiis
411 4305 616 4384 extolluntur,
639 4306 812 4388 apostolice
837 4306 922 4368 sedis
946 4305 1084 4367 favorem
1108 4312 1141 4368 et
1164 4306 1310 4386 graciam,
1342 4314 1495 4387 cruentum
1519 4309 1610 4374 nobis
1634 4310 1740 4380 luerit

230 4429 269 4474 ex
293 4411 357 4474 alto
393 4410 590 4492 permissum,
615 4411 729 4474 adesse
753 4410 813 4473 sibi
849 4428 973 4489 semper
1007 4409 1223 4472 abuudantius
1258 4411 1417 4476 inveniret
1440 4413 1528 4494 regia
1561 4415 1737 4498 celsitudo,

231 4516 360 4597 iusuper
383 4516 482 4579 eciam
506 4534 602 4597 super
625 4515 783 4579 contentis
807 4514 837 4576 in
862 4514 996 4594 quadam
1020 4513 1133 4576 cedula
1156 4514 1310 4594 predictis
1327 4517 1391 4579 tuis
1413 4517 1532 4582 litteris
1555 4519 1738 4587 interclusa

230 4627 264 4683 et
286 4625 340 4682 tue
364 4638 475 4684 numus
499 4620 625 4701 proprie
649 4620 825 4701 scripoione
850 4624 958 4681 notata
982 4635 1039 4697 per
1062 4618 1203 4681 eiusdem
1229 4620 1334 4683 rumcii
1357 4621 1403 4684 tui
1427 4622 1640 4688 ministerium
1664 4645 1734 4691 me-

230 4723 291 4786 lius
315 4725 411 4786 verbo
435 4742 526 4804 qrram
551 4725 672 4789 calamo
697 4742 851 4787 unacum
875 4721 1027 4804 predictis
1052 4722 1195 4785 onrnibus
1220 4723 1277 4786 tibi
1301 4724 1446 4789 duximus
1469 4728 1731 4808 respondendum

231 4828 268 4890 D.
293 4827 448 4891 Aninione
473 4828 537 4892 IIII
561 4847 631 4892 non.
656 4828 775 4908 Aprilis
799 4847 826 4891 a.
852 4826 996 4909 septimo.

359 5015 678 5078 arcessentes.
698 5045 729 5054 —
750 5015 813 5083 Reg.
840 5014 912 5082 apud
933 5014 1095 5082 Werunsky‚
1121 5015 1258 5083 Excerpta
1276 5033 1315 5068 nr.
1335 5024 1384 5071 482
1404 5025 1431 5071 ct
1450 5018 1552 5087 Huber,
1577 5021 1643 5092 Reg.
1662 5022 1730 5093 Imp.

229 5101 375 5172 v111pag.
396 5107 441 5156 291
464 5118 503 5155 nr.
522 5106 580 5157 358.
