3944 6060
229 419 293 486 458
800 417 871 470 Actu
889 413 1042 469 Innocentii
1061 415 1107 469 Vl.

230 629 348 694 1142.
371 627 536 696 tonantes
560 627 597 692 de
619 626 732 692 Insula
753 632 855 691 rector
878 625 996 691 attaris
1018 646 1044 690 s.
1068 625 1236 691 Michaelis
1266 625 1301 690 in
1330 623 1462 690 ecclesia
1492 619 1742 687 Vrotislaoiensi

230 735 260 794 et
281 731 446 798 Jottannes
470 730 600 796 attatei
620 731 788 797 canonicis
809 731 844 795 in
855 729 987 796 ecelesia
999 731 1198 795 Lanciciensi
1219 728 1410 813 supplicant,
1434 730 1589 811 qnatenus
1610 724 1676 791 eibi
1699 724 1750 790 de·

545 835 700 918 beneficiis
721 837 791 900 suis
812 835 944 901 invicem
961 833 1183 917 percontantis
1202 833 1415 917 provideatur.

1129 972 1292 1050 Aoinione,
1318 974 1402 1040 1360
1423 972 1615 1058 Septembris
1640 972 1695 1036 12.

363 1164 626 1232 Confirmaciunes
649 1167 874 1232 Alamunorum
919 1210 1740 1232 ....................

363 1288 458 1352 Pater
481 1288 687 1367 sanctissime,
711 1289 873 1353 lohannes
896 1289 936 1353 de
960 1289 1068 1353 Insula
1101 1287 1154 1352 8¹¹⁸
1183 1287 1235 1351 Vf⁶
1258 1286 1452 1369 capellanus,
1487 1290 1592 1350 rector
1621 1283 1740 1349 altaris

232 1410 256 1457 s.
281 1390 450 1456 Michaelis
483 1392 515 1456 in
549 1392 686 1456 ecclesia
709 1392 966 1458 Wratislauiensi
996 1400 1030 1457 et
1052 1392 1213 1458 lohannes
1236 1391 1364 1456 Filialbi
1394 1389 1563 1455 canonicus
1598 1390 1739 1470 preben-

232 1496 326 1560 datus
347 1495 380 1559 in
404 1496 541 1561 ecclesia
562 1497 749 1562 Latiticensi
774 1497 971 1562 Gnenuensis
1005 1497 1095 1578 dioc,
1118 1496 1285 1578 cupientes
1320 1495 1405 1558 dicta
1438 1511 1547 1558 eorum
1578 1492 1739 1557 beneficia

231 1617 271 1663 en
295 1599 391 1664 certis
426 1599 578 1681 legitimis
616 1601 720 1664 catusis
751 1601 886 1665 invicem
915 1608 1108 1684 permutare,
1138 1619 1177 1664 eu
1207 1600 1240 1664 in
1263 1600 1409 1664 munibus
1433 1597 1552 1663 domini
1575 1595 1738 1680 Stephani

233 1703 464 1786 archiepiscopi
488 1704 659 1770 Tholusani
690 1705 833 1770 eiusdem
857 1704 913 1770 8¹¹⁸
936 1705 1104 1769 camerarii
1128 1704 1345 1786 resignarunt3
1378 1701 1432 1783 qui
1466 1702 1594 1782 quidem
1629 1699 1738 1765 urchi·

232 1808 400 1890 episcopus
423 1808 614 1872 auctoritate
637 1813 745 1873 vestra
767 1809 1003 1891 resignuciones
1025 1808 1204 1873 huiusmodi
1229 1806 1366 1872 admisit.
1412 1805 1518 1882 Quare
1551 1804 1738 1888 supplicant

232 1911 335 1975 eidem
358 1908 416 1989 8¹¹,
450 1917 607 1991 quatenus
629 1911 767 1976 Jobanni
797 1913 836 1977 de
860 1913 969 1978 Insula
992 1913 1032 1977 de
1055 1913 1150 1977 dictis
1173 1913 1360 1977 canonicatu
1381 1917 1415 1974 et
1437 1909 1601 1992 prebenda
1623 1915 1659 1974 et
1681 1908 1729 1974 to·

231 2014 328 2079 hanni
350 2014 478 2079 Filialbi
501 2015 540 2079 de
564 2016 649 2081 dicto
672 2016 766 2081 altari
789 2016 963 2098 dignemini
996 2016 1247 2081 misericorditer
1269 2009 1447 2097 providere,
1484 2032 1555 2079 curn
1578 2012 1735 2079 clausulis

231 2123 265 2183 et
287 2138 348 2184 nun
372 2119 573 2185 obstantibus
596 2121 770 2203 oportunis.
783 2119 807 2199 ¹)

361 2257 566 2323 Sanctissime
590 2265 690 2342 pater,
725 2260 899 2344 dignemini
923 2278 1031 2324 omnes
1055 2259 1215 2342 predictas
1247 2258 1501 2341 supplicaciones
1523 2276 1587 2322 non
1610 2257 1737 2322 cancel·

231 2362 313 2427 latas
336 2364 462 2446 signare
486 2370 529 2445 et,
554 2371 590 2429 ut
612 2365 742 2446 petitur,
759 2366 911 2430 mandare
935 2365 1088 2446 expediri,
1114 2365 1281 2429 dummodo
1305 2364 1337 2428 in
1350 2363 1461 2445 petitis
1485 2360 1649 2427 beneficiis
1672 2380 1736 2427 non

229 2465 329 2532 fuerit
352 2467 446 2535 alteri
469 2471 518 2533 ius
541 2466 712 2550 quesitum.

362 2591 434 2656 Fiat
458 2592 495 2657 G.
519 2593 563 2657 Et
587 2592 656 2657 sine
680 2591 821 2657 leccione
844 2588 901 2655 fiat
925 2591 961 2657 G.

361 2715 399 2777 D.
424 2713 580 2779 Aninione
605 2714 635 2777 ΙΙ
658 2713 701 2778 id.
726 2713 922 2796 Septembris
946 2732 974 2776 a.
998 2718 1118 2778 octavo.

363 2919 395 2972 a
413 2918 508 2988 Suppl.
528 2925 557 2973 31
580 2919 629 2974 ful.
649 2921 717 2973 291',
737 2948 770 2959 -
790 2921 810 2984 ¹)
828 2918 931 2972 Eadem
951 2918 1117 2987 supplicatio
1144 2917 1172 2971 in
1192 2918 1260 2973 (loll.
1281 2919 1368 2972 Alam.
1389 2923 1441 2972 292
1466 2918 1514 2972 ful.
1533 2923 1566 2971 ts
1584 2918 1736 2987 reperitur.

231 3003 291 3071 (Ed.
311 3004 384 3073 apud
403 3005 514 3074 Kirsch,
533 3008 660 3060 dunsten
679 3007 691 3059 1
710 3023 771 3076 pag.
791 3012 841 3061 sle
869 3022 910 3060 nr.
928 3009 999 3069 249.)

232 3423 349 3489 1143.
375 3424 488 3488 Petras
511 3424 548 3490 cte
570 3421 725 3490 Bobenia
747 3425 915 3509 supplicat,
946 3429 1101 3508 quatenns
1123 3424 1278 3490 &acutae
1299 3424 1467 3492 Setinconis
1489 3425 1528 3490 de
1554 3405 1741 3490 beateae

231 3526 419 3609 beneficiam,
446 3535 638 3612 personatos
660 3551 716 3595 sen
737 3530 889 3614 officinm,
919 3531 964 3596 oct
985 3529 1182 3595 collationem
1205 3529 1433 3615 archiepiscopi
1456 3530 1630 3610 Propensis
1652 3549 1738 3613 spec-

816 3637 932 3719 tantia,
955 3640 1160 3701 reservemur.

1129 3772 1293 3850 Aniciana,
1318 3774 1403 3839 1360
1426 3772 1617 3856 Septembris
1639 3773 1697 3873 24..

367 3963 530 4046 Supplicat
560 3961 600 4029 8²¹
623 3966 676 4030 Vre
707 3966 842 4030 devotus
874 3971 981 4031 orator
1004 3971 1112 4030 vester
1135 3966 1235 4031 irater
1258 3966 1373 4031 Petrus
1396 3965 1436 4030 dc
1459 3965 1591 4030 Boemia
1614 3965 1739 4031 ordinis

233 4068 466 4149 predicatorum
501 4069 670 4150 professor,
702 4068 950 4152 penitenciarius
985 4066 1040 4133 ὅθ’
1064 4070 1218 4149 eiusdem,
1250 4071 1401 4151 quatinus
1425 4069 1486 4135 sibi
1509 4069 1542 4133 in
1565 4087 1737 4151 personam

236 4172 346 4236 dilecti
370 4172 419 4236 sui
442 4172 568 4254 nepotis
591 4172 720 4238 Slauate
744 4172 910 4239 Sdincenis
934 4175 973 4238 de
989 4175 1180 4254 Wtecuuicn,
1204 4173 1384 4257 presbyteri
1409 4172 1630 4239 Olomuceusis
1655 4172 1736 4238 dioc.

234 4276 404 4358 specialem
439 4278 575 4360 greciam
599 4277 763 4363 facientes,
804 4278 909 4343 eidem
943 4277 1129 4348 beneficium
1153 4279 1415 4360 ecclesiasticum,
1447 4282 1652 4360 personatum
1677 4295 1737 4342 seu

235 4380 371 4445 officium
406 4401 475 4446 cum
499 4401 575 4447 cura
597 4382 648 4448 vel
671 4383 740 4446 siue
764 4401 848 4465 cura,
883 4388 1032 4464 spectans
1067 4383 1107 4445 ed
1132 4383 1336 4449 collationem
1367 4383 1419 4447 vel
1441 4383 1654 4465 provisionem
1681 4383 1738 4448 do·

234 4485 311 4549 ruini
336 4485 564 4569 archiepiscopi
589 4487 768 4570 Pragensis,
793 4493 944 4552 vacantes
966 4487 1019 4550 vel
1042 4505 1158 4551 vacans
1182 4494 1238 4551 aut
1260 4487 1402 4569 proxime
1418 4492 1585 4552 vacaturos
1608 4485 1659 4551 vel
1683 4504 1738 4551 vu·

234 4596 386 4673 cattorum,
410 4590 619 4657 conferendos
642 4610 699 4656 scu
726 4590 951 4656 conferendum
975 4591 1060 4655 dicto
1084 4589 1215 4655 Slauate
1239 4593 1405 4657 donaciani
1429 4592 1602 4674 apostolice
1625 4591 1737 4673 digne-

234 4693 311 4757 mini
335 4711 499 4759 reservarc
523 4714 591 4758 cum
628 4695 861 4777 acceptionibus,
896 4693 1097 4776 inhibitione,
1133 4695 1262 4761 decreta
1297 4701 1331 4761 et
1353 4695 1495 4761 clausula
1525 4694 1679 4760 anteferri
1704 4701 1739 4761 et

235 4798 306 4861 aliis
340 4816 402 4863 non
425 4799 625 4863 obstantibus
656 4806 689 4863 et
719 4799 871 4864 clausulis
906 4797 1071 4879 oportunis
1106 4818 1142 4864 ac
1176 4801 1410 4878 executoribus,
1447 4818 1503 4865 seu
1535 4800 1618 4881 quod
1650 4799 1738 4864 idem

234 4901 365 4967 Slauata
387 4901 575 4967 beneficium
606 4904 859 4969 ecclesiasticum
884 4923 953 4968 curu
977 4921 1052 4967 cura
1083 4907 1134 4969 vel
1158 4905 1227 4970 sine
1251 4924 1327 4969 cura
1357 4906 1398 4969 ad
1421 4904 1627 4969 collusionem
1646 4953 1654 4969 .
1675 4954 1682 4969 .
1706 4954 1738 4970 ..

233 5007 399 5089 prepositi,
423 5007 535 5070 decani
558 5013 592 5071 et
615 5008 747 5090 capituli
770 5009 906 5073 ecclesie
922 5005 1091 5093 Pragensis
1114 5011 1279 5094 pertinens
1302 5011 1511 5078 cummuniter
1535 5011 1584 5074 vel
1607 5010 1738 5076 divisim

234 5112 424 5177 auctoritate
458 5113 636 5178 litteramm
672 5119 850 5178 vestrarum
883 5116 1027 5180 nuscitur
1050 5118 1259 5200 expectare¹t
1294 5122 1328 5182 et
1351 5117 1423 5182 aliis
1446 5137 1509 5183 nun
1533 5117 1738 5183 obstantibus

234 5221 270 5280 ut
292 5216 325 5280 iu
348 5216 462 5298 lurum,
487 5218 537 5282 vel
553 5217 688 5282 similem
708 5218 768 5282 sibi
784 5219 923 5299 graciam
945 5219 1110 5302 facientes,
1132 5222 1253 5305 [eidem
1268 5221 1454 5286 beneficium
1469 5220 1738 5304 ecclesiasticum]

235 5325 383 5400 spectans
415 5322 454 5385 ad
478 5321 682 5386 collusionem
706 5328 765 5388 etc.
791 5323 932 5405 episcopi
956 5324 1231 5389 Wratislauieusis
1255 5324 1442 5408 [dignemini
1464 5323 1655 5409 reservare}
