3944 6060
232 412 299 495 152
840 425 909 480 Acta
926 409 1081 481 innocentii
1097 410 1143 479 tf.

232 634 390 720 grabiensi
406 634 548 701 noscitur
569 634 722 719 obtinere,
744 655 815 701 cum
838 638 955 703 ceteris
977 656 1039 703 non
1063 635 1262 702 obstantibus
1284 643 1318 701 et
1341 635 1491 701 clausulis
1515 630 1680 718 oportunis
1700 653 1737 700 sc

233 739 466 806 executoribus,

360 863 441 946 Fiat,
464 862 525 928 nisi
542 863 636 928 alteri
651 862 748 929 fuerit
771 863 820 927 ius
843 863 1002 944 quesitum
1019 862 1055 928 G.
1080 863 1124 928 Et
1139 862 1222 944 quod
1245 867 1389 927 transeat
1411 860 1480 927 sine
1497 861 1562 926 alia
1583 860 1736 928 leccione.

234 965 307 1032 Fiat
329 966 367 1033 G.
399 968 435 1031 D.
461 969 545 1049 apud
568 968 798 1034 Villamnouam
822 968 883 1032 XII
906 968 968 1033 kal.
993 967 1189 1049 Septembris
1213 988 1239 1032 a
1263 967 1370 1033 tercio.

363 1154 395 1210 R.
414 1155 510 1226 auppn
528 1161 562 1210 sc
580 1156 625 1211 fol.
648 1163 705 1214 roa.

882 1333 1085 1343 ..ψ-η

230 1522 323 1591 374.
345 1521 489 1592 Jobuuru'
512 1521 667 1587 Paduauo
689 1523 806 1588 decano
824 1523 971 1590 eeclesiae
994 1523 1244 1606 Visseprudcasr's
1259 1523 1442 1602 morrdutur,
1465 1525 1619 1606 quatenus
1642 1521 1735 1588 ecclc·

232 1629 309 1704 sius,
331 1628 525 1692 monasteria
548 1627 676 1710 aliaque
697 1628 767 1693 loca
789 1627 1000 1693 aedesiosticu
1017 1646 1040 1692 a
1058 1625 1232 1702 Benedicti,
1255 1647 1281 1691 s.
1305 1626 1486 1709 Augustini,
1512 1624 1734 1693 Cluru‘uceusr's

309 1728 534 1811 Cistercr'ensr‘s,
561 1733 885 1797 Praeruouctruteusis
907 1731 1054 1797 ordinum
1075 1730 1189 1811 visitet,
1208 1731 1448 1814 procurationes
1468 1737 1660 1814 recepturus.

984 1886 1082 1971 Apud
1111 1886 1349 1967 Villuuraooom,
1373 1885 1458 1952 1355
1480 1888 1620 1969 Augusti
1641 1891 1695 1954 23.

362 2097 440 2162 Ven.
456 2096 493 2163 fr.
517 2097 653 2162 Johanni
670 2098 821 2162 Paduano
845 2097 965 2161 decano
988 2097 1123 2162 ecclesie
1148 2095 1429 2178 wissegradensis,
1453 2096 1628 2178 apostolice
1651 2096 1739 2163 sedis

232 2202 347 2268 nuncio
359 2202 493 2268 salutem
507 2208 567 2267 etc.
585 2202 676 2266 Licet
687 2202 912 2268 universaliter
925 2254 931 2267 .
946 2253 953 2267 .
968 2251 974 2266 .
990 2254 996 2266 .
1018 2201 1231 2267 attendentes
1243 2199 1350 2281 igitur,
1365 2200 1448 2280 quod
1460 2199 1657 2267 visitacionis
1671 2199 1739 2266 offi-

233 2307 327 2381 cium,
350 2308 433 2389 quod
452 2307 569 2372 idcirco
582 2325 741 2372 sacrorum
754 2307 867 2371 indicit
886 2308 1058 2372 auctoritas
1075 2324 1237 2387 canonum,
1250 2310 1286 2369 ut
1307 2304 1491 2370 visitatores
1506 2304 1642 2387 quilibet
1656 2306 1739 2371 indi·

233 2417 322 2477 recta
337 2412 484 2495 dirigant,
499 2410 699 2477 reformanda
715 2410 887 2476 reforment
902 2417 936 2475 et
952 2411 1111 2493 corrigant
1130 2409 1325 2491 corrigenda,
1343 2409 1376 2472 in
1391 2427 1544 2491 personas
1560 2415 1595 2474 et
1605 2409 1676 2476 loca
1698 2411 1739 2476 ad

232 2534 291 2583 nos
321 2503 360 2582 etn
383 2517 556 2581 Romanam
586 2515 753 2580 ecclesiam
784 2514 870 2579 nullo
901 2515 1005 2579 medio
1036 2514 1234 2597 pertinencia
1264 2533 1283 2577 a
1311 2513 1373 2577 iam
1405 2514 1460 2578 diu
1487 2513 1740 2595 preiudicialiter

234 2619 333 2699 siluit,
366 2625 461 2702 prout
484 2619 566 2701 silet,
600 2624 634 2683 et
665 2619 830 2701 cupientes
860 2637 1066 2701 personarum
1100 2625 1134 2683 et
1164 2618 1303 2684 locorum
1333 2617 1514 2684 huiusmodi
1543 2618 1739 2685 utilitatibus

233 2723 444 2806 spiritualiter
467 2729 501 2788 et
523 2723 742 2805 temporaliter
764 2723 941 2806 providere,
965 2741 1016 2802 ne,
1040 2724 1122 2804 quod
1147 2723 1239 2805 absit,
1269 2723 1353 2804 apud
1379 2740 1461 2805 eum,
1485 2723 1574 2788 cuius
1597 2724 1684 2788 vices
1708 2726 1739 2789 in

234 2829 329 2893 terris
352 2828 503 2907 immeriti
525 2829 673 2911 gerimus,
704 2827 901 2911 negligencia
932 2847 1109 2911 arguamur,
1140 2827 1328 2893 discrecioni
1357 2832 1412 2891 tue
1432 2878 1439 2892 .
1456 2877 1464 2892 .
1483 2876 1516 2893 ..
1542 2827 1739 2913 mandamus,

234 2932 383 3016 quatinus
414 2951 472 3015 per
501 2938 534 2997 te
564 2933 615 2997 vel
643 2931 738 2997 alium
769 2949 826 2996 seu
856 2931 935 2997 alios
965 2932 1049 2998 viros
1080 2933 1194 3015 probos
1217 2937 1251 2996 et
1274 2932 1424 2996 timentes
1459 2932 1552 2997 (lcum
1575 2933 1741 3015 ecclesias,

233 3037 426 3103 monasteria
459 3037 584 3118 aliaque
614 3037 683 3102 loca
712 3037 928 3103 ecclesiastica
958 3056 1017 3102 nec
1046 3057 1109 3103 non
1143 3037 1292 3122 capitula,
1326 3036 1469 3120 collegia,
1505 3041 1681 3102 conventus
1705 3044 1741 3103 et

234 3160 387 3227 personas
403 3161 521 3226 eorum,
546 3142 702 3207 secularia
717 3148 751 3208 et
767 3142 933 3225 regularia,
956 3161 980 3206 s.
998 3143 1165 3208 Benedicti
1180 3148 1214 3207 et
1231 3160 1255 3207 s.
1273 3141 1443 3224 Augustini
1458 3160 1517 3206 nec
1532 3161 1594 3208 non
1611 3141 1741 3208 Clunia·

234 3247 348 3333 censis,
364 3246 596 3330 Cisterciensis,
619 3247 924 3312 Premonstratensis
940 3265 977 3310 ac
992 3247 1125 3312 aliorum
1148 3246 1292 3312 ordinum
1317 3264 1573 3328 quorumcunque
1590 3252 1742 3330 exempta

234 3353 390 3417 duntaxat
412 3357 446 3416 et
466 3351 523 3416 illa
545 3351 655 3435 eciam,
685 3368 746 3432 que
776 3369 816 3414 ex
845 3350 1011 3432 privilegio
1041 3350 1091 3417 vel
1121 3350 1349 3416 consuetudine
1384 3350 1487 3432 quoad
1521 3351 1740 3418 visitationem

233 3473 296 3523 non
325 3456 462 3523 subsunt
483 3455 652 3521 ordinariis
675 3454 778 3540 [regni
801 3455 941 3539 Boemie,
973 3455 1004 3519 in
1028 3454 1102 3538 quo]
1132 3455 1265 3520 nuncius
1296 3455 1469 3537 apostolice
1500 3456 1586 3521 sedis
1616 3456 1741 3539 existis,

234 3561 293 3627 hac
315 3562 384 3626 vice
414 3560 604 3626 auctoritate
634 3566 743 3625 nostra
772 3559 880 3624 statim
913 3559 1050 3642 receptis
1081 3560 1283 3641 presentibus
1312 3559 1446 3626 visitans
1476 3567 1541 3625 tam
1570 3561 1602 3626 in
1634 3563 1741 3645 capite

235 3684 328 3747 quam
350 3666 384 3731 in
406 3664 565 3747 membris,
596 3665 628 3730 in
651 3665 699 3728 eis
722 3664 922 3730 reformanda
952 3663 1114 3747 reformes,
1145 3664 1301 3728 indirecta
1332 3664 1450 3747 dirigas
1480 3671 1514 3730 et
1543 3684 1740 3750 quecumque

236 3770 470 3836 emendacionis
494 3770 617 3835 sarculo
639 3769 783 3851 indigere
807 3770 1001 3852 cognoveris,
1032 3767 1157 3833 solicite
1181 3787 1217 3833 ac
1239 3768 1375 3834 solerter
1397 3788 1554 3853 expurges
1576 3790 1612 3836 ac
1635 3772 1741 3838 omnia

236 3873 414 3958 exequaris,
446 3892 507 3955 que
531 3874 571 3938 ad
595 3872 770 3937 visitatoris
794 3874 1000 3938 dinoscuntur
1029 3871 1165 3937 officium
1189 3873 1360 3955 pertinere,
1391 3876 1429 3938 ab
1452 3874 1607 3959 eeclesiis,
1632 3895 1740 3943 mona·

236 3978 354 4062 sten'is,
385 3978 473 4060 locis,
497 3977 654 4060 capitulis,
679 3976 830 4058 collegiis,
854 3978 1060 4042 conventibus
1083 3983 1117 4040 et
1139 3978 1284 4059 personis
1307 3978 1427 4042 eisdem
1457 3979 1567 4044 taliter
1590 3980 1739 4061 visitatis,

236 4083 488 4167 procurationes,
510 4081 653 4146 visitanti
676 4082 889 4163 personaliter
911 4082 1059 4163 episcopo
1079 4081 1240 4157 ecclesias,
1265 4083 1465 4166 monasteria,
1488 4083 1568 4167 loca,
1591 4086 1741 4170 capitula,

236 4188 380 4271 collegia,
404 4191 589 4265 conventus,
612 4203 765 4268 personas
788 4204 850 4251 non
874 4192 1022 4268 exempta
1044 4193 1077 4250 et
1100 4187 1259 4252 ordinario
1283 4186 1344 4251 sibi
1366 4187 1435 4251 iure
1459 4188 1603 4253 subiecta
1629 4191 1668 4255 ab
1691 4190 1741 4256 eis

235 4290 378 4356 exhiberi
401 4291 521 4369 solitas,
556 4288 646 4354 iuxta
674 4289 806 4355 formam
837 4292 1076 4360 constitucionis
1106 4310 1187 4373 per.
1208 4344 1214 4356 .
1235 4342 1267 4361 ..
1298 4291 1505 4357 Benedictum
1529 4311 1644 4376 papam
1666 4292 1741 4373 XII,

235 4394 492 4480 predecessorem
516 4399 668 4476 nostrum,
693 4395 869 4476 superbos
892 4396 978 4460 edite
1002 4396 1034 4460 in
1058 4397 1193 4478 pecunia
1215 4401 1381 4462 numerata
1397 4397 1523 4461 racione
1543 4397 1742 4464 visitacionis

236 4498 416 4565 huiusmodi
446 4504 643 4582 recepturus.
678 4499 723 4564 Ut
753 4505 860 4565 autem
882 4500 1027 4565 visitacio
1050 4501 1208 4567 huismodi
1231 4503 1350 4582 absque
1374 4519 1461 4566 mora
1483 4500 1636 4583 longioris
1659 4507 1741 4568 tenr-

235 4605 322 4689 poris
341 4604 544 4687 compleatur,
568 4623 675 4679 uirum,
699 4606 770 4688 dno,
794 4605 856 4670 tria
872 4607 921 4669 rel
937 4606 1030 4688 plura
1045 4606 1206 4689 ecclesiae,
1229 4606 1422 4670 monasteria
1438 4611 1472 4669 et
1487 4606 1565 4686 loca,
1588 4607 1741 4690 capitula,

236 4713 409 4775 conventus
432 4715 466 4774 et
488 4710 622 4791 collegia
645 4729 708 4773 una
731 4716 764 4774 et
787 4710 897 4774 eadem
921 4711 973 4774 die
997 4710 1147 4775 visitandi
1170 4715 1204 4775 et
1227 4730 1246 4774 a
1268 4710 1402 4793 singulis
1432 4727 1542 4775 eorum
1563 4711 1743 4794 recipiendi

235 4812 476 4896 procuraciones
499 4812 641 4878 exbiberi
664 4814 785 4895 solitae,
809 4822 843 4878 ut
867 4815 1072 4897 premittitur,
1096 4815 1244 4897 episcopo
1261 4815 1473 4896 personaliter
1494 4815 1649 4894 visitanti,
1672 4816 1742 4883 sive

236 4923 347 5001 pastus
370 4917 437 4980 sive
461 4917 628 4982 caritativa
651 4919 767 5000 pabula
790 4919 856 4983 sive
891 4919 970 4982 alias
994 4919 1229 4998 quomodolibet
1258 4924 1488 5001 nuncupentur,
1512 4919 1609 4984 nichil
1634 4927 1742 4988 tamen

236 5024 275 5087 de
298 5021 370 5100 biis,
394 5040 455 5102 que
478 5022 562 5087 circa
583 5022 763 5089 huiusmodi
787 5024 982 5089 visitacionis
998 5023 1133 5088 officium
1150 5025 1267 5088 debent
1282 5023 1360 5107 fieri,
1383 5024 1558 5090 omittendo
1577 5075 1585 5092 .
1602 5074 1611 5091 .
1630 5073 1640 5092 .
1657 5075 1665 5091 .
1682 5027 1742 5093 tibi

236 5126 436 5193 concedimus
452 5133 564 5192 tenore
587 5128 786 5211 presencium
809 5135 1002 5211 potestatem
1005 5176 1119 5196 .....
1144 5128 1261 5193 Nostre
1284 5135 1391 5193 tarmen
1414 5128 1604 5195 intentionis
1619 5129 1743 5214 existit,

236 5231 320 5313 quod
342 5231 415 5311 hiis,
439 5250 572 5313 quorum
586 5231 757 5298 facultates
774 5234 813 5298 ad
831 5233 987 5316 integram
1004 5232 1196 5299 solucionem
1212 5232 1391 5298 huiusmodi
1408 5233 1644 5316 procurationis
1669 5251 1745 5319 sup

235 5334 371 5418 portatis
388 5335 459 5401 aliis
475 5336 624 5402 oneribus
648 5338 808 5402 consuetis
824 5357 886 5402 non
903 5342 1086 5420 suppetunt,
1101 5337 1185 5402 ultra
1201 5356 1294 5419 quam
1312 5339 1399 5401 iuxta
1418 5356 1545 5403 aramum
1560 5337 1743 5406 huiusmodi
