3944 6060
641 430 706 479 13⁶1
726 423 870 478 Februarii
894 432 923 479 12
944 455 969 466 -
994 424 1098 494 Aprilis
1117 431 1159 480 28.
1491 468 1494 474 ·
1588 425 1651 490 477

280 634 446 699 Universis
470 641 530 698 etc.
558 636 714 699 brnaldus
738 642 800 699 etc.
826 635 878 718 [ad
903 637 1122 699 universitatis
1140 643 1245 699 vestro
1270 638 1418 701 noticiam
1443 632 1651 717 declncimus]‚

153 740 234 820 quod
258 740 403 804 dominus
434 739 533 802 irater
565 740 773 820 Niclaolaus⁸l
797 743 895 804 abbas
925 741 1111 805 anonasterii
1142 741 1325 806 Milocensis
1360 742 1481 804 ordinis
1504 740 1652 802 Prenron-

153 845 321 908 stratensis
351 844 520 924 l'ragensis
552 844 630 908 dioc.
655 863 712 925 pro
735 839 980 925 complemento'
998 845 1097 925 prime
1120 846 1222 926 partis
1246 845 1295 909 sui
1319 844 1491 909 commanis
1515 843 1651 917 servicii,

153 949 184 1011 in
207 967 269 1028 quo
292 954 343 1012 est
366 967 489 1012 camere
521 948 647 1031 [sananti
678 947 836 1029 pontilicis
860 948 1042 1033 obligatus],
1073 949 1185 1029 viginti
1210 956 1345 1030 quatuor
1368 948 1504 1013 florenos
1528 948 1596 1011 anri
1620 952 1653 1010 et

154 1058 223 1116 octo
258 1053 377 1117 solidos
412 1058 536 1117 monete
569 1051 792 1116 Aninionensis
824 1050 946 1133 prefate
978 1071 1111 1134 camere,
1146 1073 1204 1118 nec
1238 1073 1298 1117 non
1335 1073 1390 1135 pro
1425 1052 1653 1133 complemento

155 1157 253 1237 prime
279 1158 379 1238 partis
411 1164 546 1237 quatuor
577 1156 780 1220 serviciornm
811 1162 871 1220 etc.
900 1163 1035 1237 quantuor
1058 1156 1194 1247 florenos
1218 1159 1295 1239 anri,
1320 1157 1374 1222 XV
1400 1158 1518 1222 solidos
1541 1163 1575 1221 et
1598 1174 1654 1219 sex

154 1260 300 1325 denarios
324 1261 409 1325 dicte
433 1267 558 1324 monete
583 1261 708 1326 clericis
733 1261 883 1344 [cabrera]
900 1268 960 1326 etc.
985 1280 1043 1344 per
1066 1282 1176 1326 idacius
1199 1263 1353 1327 lobannis
1369 1259 1541 1342 Hactaucb)
1565 1261 1655 1325 iaxta

155 1365 342 1430 dilacionem
366 1367 426 1430 sibi
451 1384 633 1429 concessam
657 1373 799 1448 tempore
823 1367 931 1432 debito
955 1368 1035 1432 solvi
1058 1366 1136 1431 fecit
1155 1418 1160 1430 .
1182 1418 1187 1430 .
1209 1419 1242 1432 ..
1289 1368 1325 1430 b.
1350 1367 1506 1431 Auinione
1531 1366 1583 1429 dic
1606 1383 1654 1429 se-

154 1471 256 1534 cunda
286 1471 404 1534 mensis
437 1471 555 1551 Aprilis
587 1491 614 1536 a.
639 1471 820 1554 [millesimo
844 1472 1086 1536 trescentesimo
1118 1472 1316 1552 sexagesimo
1340 1471 1452 1552 primo,
1474 1470 1651 1536 indiccione

155 1574 257 1650 llllll,
283 1575 484 1656 pontificatus
508 1575 625 1639 dontini
650 1576 828 1639 Innocencii
853 1595 935 1658 pape
959 1576 1002 1639 vl
1027 1596 1053 1639 a.
1079 1575 1220 1658 nono].⁰)

285 1763 344 1816 Obl.
365 1769 392 1815 et
410 1761 466 1815 Sol.
487 1769 518 1814 32
539 1762 585 1815 sol.
605 1768 646 1828 97,
666 1763 725 1816 Obl.
745 1772 774 1817 et
791 1764 844 1818 Sol.
864 1765 961 1818 33101.
984 1760 1050 1819 190⁴.
1072 1795 1095 1802 —
1118 1775 1142 1832 2²)
1161 1764 1310 1831 ,Nicolaus‘
1330 1763 1390 1817 Obl.
1410 1770 1451 1818 33.
1484 1764 1509 1829 b)
1528 1763 1652 1833 Corrige:

154 1850 315 1915 ,llarauiczt
336 1854 362 1915 ο)
382 1849 544 1918 Suppletum
565 1865 597 1903 ex
617 1850 684 1905 solio
704 1851 894 1920 praecedente.

804 2015 1005 2024 ———

156 2150 271 2216 1192.
297 2150 497 2213 innocentius
535 2151 579 2212 VI
602 2148 712 2215 Cereio
737 2151 950 2213 Ecetranorum
979 2150 1163 2233 imperatori
1193 2152 1222 2213 et
1246 2148 1419 2213 Boieruiuc
1449 2149 1515 2232 rapi
1537 2147 1653 2229 scribit,

155 2275 187 2318 sc
210 2258 368 2335 puratum
401 2276 468 2319 csse
501 2254 786 2336 supplicationibus
820 2255 894 2336 cius,
928 2260 995 2319 tum
1023 2277 1085 2337 per
1105 2255 1231 2319 litteras
1264 2274 1359 2335 quam
1387 2275 1445 2335 per
1478 2251 1654 2318 Joliauuem

158 2358 398 2440 Baucierpeusis
421 2364 449 2422 ct
472 2360 698 2441 apstereusisp
720 2358 921 2423 ecclesiarum
943 2360 1140 2437 canonicum,
1163 2360 1322 2422 notorium
1353 2363 1381 2421 ct
1398 2357 1546 2422 nuncium
1569 2358 1645 2438 eius,

194 2462 362 2547 porrectis,
387 2484 536 2527 annuere.
564 2463 693 2546 „Nuper
716 2467 782 2526 tum
800 2484 860 2545 per
882 2466 972 2526 tuus“
1004 2464 1180 2539 „Ascalone
1211 2460 1316 2528 Vcol.
1339 2462 1424 2527 Moli
1446 2483 1477 2524 a.
1499 2468 1608 2526 uono.⁸

1117 2602 1279 2683 Aulularia,
1304 2603 1384 2666 1361
1412 2598 1537 2683 Aprilis
1558 2603 1611 2667 27.

285 2791 336 2845 Ed.
354 2789 428 2859 apud
447 2791 708 2854 Mmtene-Duraud,
725 2784 883 2846 Thesaurus
893 2791 919 2846 11
938 2798 998 2859 946,
1016 2808 1071 2861 reg.
1082 2792 1155 2861 apud
1175 2791 1277 2859 Habet,
1296 2791 1362 2862 Reg.
1376 2791 1443 2860 lmp.
1455 2791 1518 2844 Vlll
1529 2806 1591 2864 pag.
1604 2795 1653 2844 1111

157 2895 196 2932 nr.
216 2884 256 2932 ⁷0.
277 2909 309 2918 —
340 2884 363 2946 Ι)
383 2878 577 2948 ,Cysteuensis‘
596 2879 729 2932 Murteae.

805 3021 1007 3032 ——-—....

159 3161 275 3228 1193.
302 3161 458 3224 Hearicus
483 3159 625 3224 Purcbiu
658 3160 696 3223 cle
719 3159 863 3224 Drasdea
894 3160 1064 3243 supplicat,
1094 3166 1249 3242 quatenus
1273 3161 1333 3225 sibi
1355 3161 1393 3224 de
1414 3159 1602 3225 cuuoaicutu
1624 3163 1653 3223 et

164 3256 168 3263 ’
415 3265 530 3328 arciori
547 3263 731 3347 praebenda
754 3264 899 3329 eccles-iae
920 3264 1161 3329 Badissineosis
1178 3264 1395 3347 provideatur.

1119 3403 1280 3481 avinione,
1304 3405 1389 3466 taor
1414 3401 1535 3485 aprilis
1559 3403 1610 3465 aa.

288 3595 368 3659 ltenr
391 3595 549 3677 supplicat
572 3593 612 3657 Sti
637 3596 696 3660 V¹⁰
721 3595 854 3659 devotus
877 3601 985 3659 orator
1008 3602 1114 3659 vester
1137 3595 1294 3658 Henricus
1317 3594 1470 3658 Porschin
1495 3594 1534 3657 de
1560 3593 1654 3656 lires·

160 3701 229 3782 den,
254 3702 422 3782 presbyter
456 3701 627 3765 llisnensis
662 3700 752 3776 dion,
788 3706 946 3780 quatenus
976 3699 1036 3763 sibi
1068 3699 1239 3781 specialem
1264 3699 1403 3781 graciam
1426 3697 1591 3775 facientes,
1616 3695 1656 3758 do

160 3805 344 3870 canonicatu
379 3811 412 3868 et
434 3798 544 3868 naaio'ri
580 3805 740 3886 prebenda
772 3804 907 3868 ecclesie
942 3803 1180 3868 Badissinensis
1215 3804 1300 3868 dicte
1335 3803 1428 3878 dioc..
1463 3803 1496 3866 in
1535 3806 1656 3882 quaet

159 3909 294 3974 maiores
317 3915 350 3973 ct
372 3909 509 3972 rainores
533 3909 684 3985 existunt,
708 3909 894 3972 sacrantibus
918 3927 975 3990 per
998 3914 1130 3971 mortem
1153 3909 1309 3988 qnaondam
1333 3907 1465 3989 Nicolay
1488 3905 1656 3970 llbirhardi

161 4015 199 4077 de
222 4014 382 4092 Buclissin,
416 4013 469 4094 qui
494 4013 524 4076 in
548 4014 689 4077 Romana
729 4014 816 4075 curia
840 4013 922 4077 diem
957 4013 1072 4076 clausit
1102 4018 1285 4094 extremum,
1315 4013 1415 4077 eciam
1439 4012 1466 4076 si
1491 4011 1570 4074 alias
1594 4011 1658 4073 sint

161 4119 227 4182 sedi
252 4117 424 4199 apostolice
458 4118 623 4197 reservati,
659 4117 831 4199 dignemini
869 4117 1119 4181 misericorditer
1152 4118 1337 4199 providere3
1372 4115 1658 4182 nonobstantibus

160 4224 289 4286 statrrtis
313 4222 398 4287 dicte
422 4223 567 4301 ecclesie,
591 4221 673 4302 qarod
698 4222 803 4284 nullus
828 4221 906 4284 inibi
930 4227 1037 4302 polest
1060 4221 1177 4285 babere
1194 4222 1345 4286 citatiorem
1369 4222 1573 4303 prebendam,
1597 4218 1657 4282 nisi

161 4328 247 4409 prins
271 4327 420 4390 babuerit
443 4327 594 4390 rninorem
619 4333 653 4389 ct
675 4327 706 4389 in
731 4326 902 4389 maioribus
926 4325 1081 4407 gradatim
1107 4327 1268 4409 ascendat,
1299 4333 1333 4390 et
1356 4326 1439 4405 quod
1463 4325 1546 4388 idem
1571 4323 1657 4386 Hen-

160 4431 242 4495 ricus
265 4437 451 4512 perpetuam
475 4431 623 4494 vicariam
647 4431 678 4493 in
702 4430 838 4494 ecclesia
871 4430 1025 4520 llisnensi
1049 4436 1082 4492 et
1106 4430 1273 4494 ecclesiam
1298 4429 1527 4511 parrochialem
1551 4428 1583 4490 in
1606 4427 1656 4489 Li-

160 4537 286 4599 benstat
309 4537 393 4599 ‹licte
417 4536 553 4599 diocesis
577 4535 710 4607 obtinet,
745 4554 838 4616 anarn
869 4535 1037 4598 ecclesiam
1071 4539 1201 4615 paratus
1232 4540 1282 4597 est
1305 4532 1475 4606 dimittere,
1500 4531 1657 4611 quampri-

161 4659 242 4703 mum
266 4647 341 4721 etc,
364 4659 431 4703 caran
456 4640 526 4702 aliis
550 4659 611 4702 non
635 4640 836 4703 obstantibus
860 4647 892 4702 et
915 4638 1066 4701 clausulis
1089 4637 1261 4718 oportunis

289 4849 493 4914 Sanctissime
516 4855 616 4930 pater,
639 4848 810 4928 dignemini
835 4848 994 4929 predictas
1019 4845 1270 4926 supplicaciones
1294 4861 1355 4906 anon
1379 4843 1572 4907 cancellatas
1596 4844 1658 4923 sig-

162 4972 235 5018 nare
260 4960 302 5035 et,
325 4960 361 5016 ut
383 4952 511 5034 {ratitum
535 4953 683 5015 mandare
708 4951 861 5033 expediri,
894 4953 1060 5016 dnmmodo
1084 4971 1144 5015 nora
1169 4950 1212 5013 sit
1235 4949 1327 5013 alteri
1352 4949 1401 5011 ius
1425 4948 1592 5028 quesitam.

291 5058 362 5121 Fiat
386 5058 421 5120 a.
447 5057 520 5120 Sine
545 5057 608 5120 alia
630 5057 779 5120 leccione.
807 5055 876 5118 lliat
900 5057 936 5120 G.
963 5057 998 5119 b.
1017 5055 1171 5119 Aninione
1196 5054 1258 5118 llll
1283 5053 1344 5116 kal.
1371 5052 1447 5115 Maii
1472 5072 1499 5113 a.
1523 5070 1614 5114 clorio.

291 5245 469 5314 R.Snpp1.aa
484 5245 531 5300 fol.
546 5242 596 5298 76⁴.
605 5244 704 5311 -Reg
715 5244 788 5312 apud
798 5242 1014 5310 llam-Schmidt,
1024 5243 1124 5297 Pltbstl.
1138 5242 1286 5296 Urlrunden
1301 5259 1325 5294 u.
1339 5241 1477 5310 Regestcn
1490 5241 1658 5293 laea-1³78

163 5332 446 5401 <Geschichtsquellen
465 5331 513 5385 der
530 5332 644 5385 Provinz
663 5331 784 5385 Sacbseu
803 5338 843 5384 13.
863 5331 924 5394 Bd.)
944 5347 1003 5400 pag.
1026 5335 1073 5384 107
1093 5346 1132 5383 111.
1151 5335 1210 5382 3711.
