3990 6052
250 404 315 470 282
803 455 805 458 .
851 398 921 450 Acta
938 396 1088 450 Innocentii
1108 397 1153 449 Vl.

248 611 350 687 homo,
375 609 429 690 qui
452 607 587 690 primum
611 605 737 670 modum
761 603 941 668 vocacionis
964 603 1065 685 ipsius
1089 602 1170 667 scire
1194 603 1306 684 possit,
1330 608 1462 685 propter
1484 603 1544 669 hoc
1561 605 1645 684 quod
1669 604 1764 685 multi

249 714 407 779 inhabiles
430 713 531 794 ipsam
555 715 629 774 ante
660 709 779 773 dictum
803 708 967 772 albertum
990 707 1090 771 eciam
1114 712 1319 788 occuparunt,
1354 723 1393 770 ne
1418 706 1504 771 dicta
1527 707 1636 789 gracia
1658 708 1763 775 eidem

249 817 394 886 Conrado
417 815 546 899 penitus
569 813 691 877 iuulilis
715 813 842 892 existat,
874 812 1000 893 placeat
1023 811 1108 874 dicte
1134 810 1188 873 Vre
1213 806 1253 874 8²¹
1299 812 1475 875 concedere
1499 817 1533 875 et
1554 812 1708 878 mandare
1730 813 1763 879 in

248 924 352 993 literis
376 921 582 1004 superdicta
613 919 719 1001 gracia
753 916 956 983 conficiendis
991 915 1064 978 addi
1088 915 1195 979 valeat
1219 914 1379 978 clausula:
1408 914 1518 988 ‚eciam
1542 915 1569 978 si
1600 914 1688 981 (licta
1710 934 1761 982 ec·

248 1029 346 1094 alesia
370 1026 481 1107 quovis
506 1025 598 1090 niodo
623 1025 731 1089 vaceb‘
755 1023 825 1087 Non
849 1021 1050 1087 obstantibus
1074 1019 1349 1084 reservacionibus
1372 1025 1435 1083 etc.
1460 1018 1538 1083 Cum
1555 1020 1673 1084 colens
1696 1026 1757 1085 etc.

359 1234 451 1315 „Fiat
473 1235 512 1297 cle
530 1233 673 1297 omnibus
697 1229 922 1312 suprascriptis
944 1246 1009 1293 non
1025 1227 1211 1291 cancellatis
1236 1226 1273 1291 G.
1291 1226 1334 1290 El
1349 1227 1418 1290 sine
1435 1227 1499 1290 alia
1514 1226 1665 1291 leccione.
1690 1225 1762 1292 Fial

250 1339 286 1404 G.
312 1340 350 1402 ll.
376 1338 532 1402 Auinione
560 1336 590 1400 Il
614 1336 657 1399 id.
682 1333 846 1399 Februarii
870 1352 897 1396 a.
914 1335 1034 1396 sexto.“

378 1509 410 1561 R.
430 1507 526 1575 Suppl.
545 1513 578 1560 29
597 1506 644 1558 iol.
664 1510 704 1559 bO.

253 1789 342 1855 721.
368 1785 530 1850 iudicibus
560 1784 743 1863 mandatur,
767 1787 921 1866 quatenus
952 1780 1096 1869 Conrado
1126 1780 1247 1872 Sifridi
1269 1779 1306 1844 ab
1331 1781 1570 1860 Gelraaaaseau
1608 1779 1757 1846 cauouiao

250 1889 396 1955 ecciesiae
419 1910 444 1955 s.
470 1892 597 1954 Mariae
621 1888 663 1953 ad
689 1888 818 1953 Gradus
852 1887 1072 1971 Mapuuiiuae,
1107 1884 1269 1951 licentiato
1299 1887 1335 1948 iu
1357 1888 1489 1968 artibus,
1528 1885 1572 1950 ad
1595 1885 1755 1970 supplica·

250 1996 365 2058 tionem
389 1993 495 2060 Caroli
531 1996 747 2058 Romanorum
778 1993 982 2072 imperatoris
1008 1989 1230 2073 parochialem
1255 1989 1417 2055 ecciesiam
1448 1993 1484 2056 iu
1505 1989 1660 2069 Boudorf
1680 1986 1755 2054 Cou-

248 2099 433 2163 slauiicusis
465 2097 545 2165 diac.
580 2102 655 2162 iuria
676 2100 842 2161 uacauiem
874 2100 1049 2176 conserant.
1089 2094 1292 2175 „Literaruru
1325 2094 1484 2159 saicuaia“
1522 2095 1699 2174 „Auiuiouc
1723 2092 1762 2159 ΙΙ

786 2200 828 2265 ici.
855 2198 1027 2263 Februarii
1049 2220 1079 2262 a.
1103 2201 1222 2260 scaio“.

349 2291 352 2349 l

335 2362 367 2427 X
1171 2339 1335 2415 Auiuioua,
1359 2338 1445 2400 1358
1471 2336 1640 2402 Februarii
1664 2337 1714 2399 12.

314 2449 364 2498 'X
377 2511 409 2565 R
428 2515 477 2565 Au.
499 2519 547 2566 138
567 2510 614 2566 iol.
633 2518 701 2567 389'.
721 2542 752 2550 -
773 2514 798 2576 ἃ)
817 2510 1010 2580 ‚Geyluhusen‘
1029 2512 1077 2561 Av.

897 2702 1101 2712 ——-——

250 2895 337 2959 222.
374 2893 585 2975 Rumborasu
610 2891 792 2956 Eberhardi
824 2893 976 2972 maaiaicr
1010 2892 1045 2952 iu
1068 2891 1193 2954 artibus
1216 2896 1246 2954 ci
1268 2893 1436 2969 medecina,
1472 2890 1610 2956 medicus
1646 2887 1754 2956 Caroli

248 2997 685 3080 Romanorumimpcraioris,
709 2996 877 3079 supplicat,
908 3000 1062 3075 quatenus
1084 2996 1259 3078 acceptatio
1289 2997 1355 3060 airu
1380 2993 1587 3060 canonicatus
1611 3001 1641 3060 ci
1660 3016 1753 3077 praa·

246 3101 363 3166 oenaae
397 3101 545 3166 ecciesiae
575 3101 809 3165 Wormaiiausis
832 3106 861 3162 ei
891 3101 1029 3182 provisio
1066 3101 1103 3164 da
1126 3101 1243 3164 eisdem
1274 3100 1301 3163 ai
1325 3102 1422 3177 sacia
1456 3100 1690 3184 couirrueuiur.
1716 3136 1752 3147 -

249 3207 344 3285 „alar
364 3259 369 3271 .
390 3258 396 3269 .
417 3256 451 3269 ..
487 3206 524 3270 G.
550 3206 593 3268 Et
615 3205 683 3268 siue
705 3205 774 3268 alia
805 3205 948 3268 laaaioue.
981 3205 1057 3268 alar
1083 3205 1122 3270 (i.
1148 3205 1188 3269 D.
1220 3205 1377 3268 Auiuiouc
1407 3207 1448 3268 ΙΙ
1464 3204 1507 3270 ia.
1531 3204 1703 3269 Februarii
1724 3225 1752 3270 a.

944 3312 1060 3372 scalo.“

1166 3445 1333 3524 Aviuioue,
1359 3446 1443 3510 1358
1466 3446 1638 3510 Februarii
1659 3449 1730 3511 12.·

376 3638 407 3689 R.
427 3637 520 3705 Suppl.
541 3641 573 3689 29
593 3635 638 3688 iol.
658 3642 709 3688 ll'.
732 3665 757 3674 -
783 3638 806 3689 al
825 3633 1010 3702 ,Rcynrbotus‘
1028 3634 1121 3703 Suppl.

251 4020 337 4084 723.
366 4017 552 4100 Compositio
571 4021 812 4098 procuratorum
843 4017 1019 4096 Vraiiuopia'
1041 4014 1077 4078 da
1104 4013 1247 4096 Blaicy'oo
1273 4034 1368 4097 super
1391 4015 1523 4079 armatis
1548 4015 1586 4079 dc
1596 4021 1755 4100 perparuo

748 4122 871 4185 uicaria
894 4119 1042 4185 ecclesiae
1063 4120 1248 4199 Prapeuais.

1358 4257 1443 4321 1358
1465 4257 1635 4322 Februarii
1656 4258 1710 4324 19.

375 4450 486 4512 ,lcturu
509 4448 561 4511 ilie
592 4448 668 4512 lllli
690 4450 808 4514 merrsis
840 4448 1003 4515 Februarii
1034 4448 1079 4532 [in
1112 4449 1203 4513 doruo
1236 4448 1354 4512 domini
1386 4448 1519 4513 Eblouis
1543 4449 1583 4512 de
1607 4448 1754 4514 Meclaria

245 4552 352 4616 clerici
377 4570 499 4616 caruere
525 4552 699 4633 apostolice
723 4572 751 4615 a.
776 4553 894 4617 ‹lomini
918 4550 1147 4629 llCOCLVIlL
1172 4552 1331 4616 indicione
1356 4551 1410 4634 XI,
1442 4552 1649 4634 pontificatus
1668 4601 1675 4614 .
1694 4604 1701 4618 .
1720 4603 1754 4619 ..

244 4656 426 4721 Innocencii
444 4705 451 4720 .
471 4706 476 4717 .
499 4705 531 4720 ..
557 4674 639 4738 pape
664 4656 707 4719 VI
731 4676 757 4719 a.
783 4654 840 4740 Vl]
856 4656 893 4741 ³),
916 4656 1046 4737 quadie
1071 4656 1235 4721 Conradus
1262 4656 1430 4738 Pragensis
1454 4662 1488 4720 et
1503 4656 1667 4723 lohannes
1691 4657 1753 4723 lla·

244 4761 355 4828 reuicz
379 4768 567 4841 procurator
590 4760 820 4842 archiepiscopi
843 4760 1013 4842 Pragensis
1031 4760 1245 4840 promiserunt
1269 4761 1393 4825 solvere
1417 4767 1452 4825 et
1473 4760 1611 4824 reddere
1635 4767 1670 4825 et
1685 4762 1752 4842 qui·

243 4863 322 4939 libel
338 4883 445 4929 eorum
462 4865 494 4929 in
511 4865 646 4931 solidum
669 4884 725 4946 pro
742 4865 871 4930 annuali
894 4864 1001 4929 debito
1025 4882 1150 4928 camere
1175 4864 1350 4945 apostolice
1373 4882 1432 4946 per
1455 4865 1689 4947 Wratiuogium
1714 4865 1754 4931 de

243 4964 428 5049 Blaynowl)
452 4969 604 5032 vicariurn
627 4969 808 5049 generalem
831 4970 971 5050 episcopi
988 4969 1157 5052 Pragensis
1180 4969 1307 5033 racione
1331 4968 1582 5034 coniinuacionis
1598 4987 1656 5034 seu
1672 4987 1754 5036 nove

244 5070 433 5153 provisionis
457 5071 518 5135 sibi
533 5071 616 5136 facte
633 5072 673 5135 de
695 5078 852 5154 perpetua
874 5072 992 5137 vicaria
1009 5072 1281 5155 archiepiscopali,
1306 5090 1366 5153 qia
1390 5072 1423 5135 in
1440 5073 1577 5137 ecclesia
1599 5073 1753 5157 Progensi

244 5173 380 5244 officium
404 5175 525 5252 existit,
550 5175 653 5240 eidem
678 5194 802 5239 caruere
833 5174 920 5240 XXV
945 5174 1107 5260 [florenos]
1139 5177 1178 5240 ule
1202 5176 1370 5240 Florencia
1400 5176 1552 5257 ponderis
1575 5178 1753 5262 sentencie,

244 5279 413 5344 solvendos
444 5279 527 5343 infra
551 5279 727 5362 proximum
757 5279 872 5345 festum
898 5279 1133 5361 purificacionis
1163 5300 1232 5344 curn
1256 5280 1453 5361 obligacione
1484 5281 1647 5365 bonorum,
1669 5281 1752 5349 iuru-
