3944 6060
705 386 771 435 1337
791 366 951 435 Decembris
971 386 1003 435 12
1027 410 1060 420 -
1077 380 1235 436 Decembris
1257 385 1298 435 17.
1697 384 1760 447 269

251 592 341 658 687.
374 590 520 670 Ortolfus
549 589 777 667 Voilcerstorfer
807 588 882 653 baro
904 594 934 655 et
957 589 1160 655 ambasiator
1189 588 1301 653 Caroli
1326 591 1537 655 Romanorum
1560 591 1763 674 imperatoris

251 694 420 779 supplicat,
440 699 613 776 ,quatenus
629 693 742 757 dilecto
756 714 812 757 sno
830 693 1019 774 Repnbardo
1034 694 1117 759 dicto
1140 692 1349 777 Scboffdorpi
1358 702 1384 771 ⁸)
1408 694 1445 758 de
1462 694 1670 760 Haulsuerde
1693 694 1762 759 sub·

254 800 384 864 diacono
408 796 579 880 Propensis
602 797 672 862 dioc
675 847 789 863 .....
814 798 851 862 de
880 797 986 880 aliquo
1015 797 1160 878 beneficio
1190 798 1398 865 ecclesiastico
1428 801 1496 864 siue
1525 820 1611 883 eura,
1632 804 1766 866 vacante

254 903 301 968 cel
323 909 486 986 vacaturo,
509 903 544 966 in
565 901 697 967 ecclesia
728 902 989 982 Wratislauieusi‚
1013 903 1149 967 ciusdem
1165 903 1287 968 ecclesie
1309 903 1546 969 conciliantibus
1560 908 1590 968 et
1598 904 1766 988 prebendis

256 1009 419 1091 3313311113,ίι
440 1006 658 1091 provideatur,
692 1005 927 1089 nonobstante,
950 1005 1032 1089 quod
1052 1027 1147 1089 super
1164 1007 1348 1091 parochiali
1370 1008 1501 1073 ecclesia
1524 1029 1550 1072 s.
1578 1007 1710 1089 Georpii
1731 1009 1766 1072 in

260 1112 407 1195 ,Pultiu“
443 1109 700 1191 Salecbmpcusis
732 1109 808 1176 dioc.
844 1109 982 1175 noscitur
1010 1111 1046 1175 in
1075 1112 1221 1176 13331333
1254 1113 1345 1177 curia
1374 1112 1513 1193 titipare.
1537 1149 1579 1158 -
1612 1112 1686 1176 Fiat
1723 1112 1760 1177 G.

296 1217 340 1280 m
362 1214 443 1300 qoud
464 1217 610 1280 trauseat
631 1215 699 1278 sine
721 1214 789 1280 alia
810 1213 954 1281 leccione.
981 1216 1022 1278 D.
1047 1213 1200 1282 Acinioue
1222 1217 1261 1281 Il
1273 1206 1319 1282 id
1342 1202 1522 1282 Decembris
1546 1237 1575 1281 a.
1600 1217 1718 1300 quinto.

1170 1353 1331 1434 Aoinione,
1355 1357 1441 1421 1357
1465 1354 1648 1420 Decembris
1670 1357 1720 1420 12.

385 1546 412 1596 R.
431 1542 527 1613 Suppl.
545 1548 578 1597 27
597 1542 731 1598 1313171
750 1574 783 1581 -
807 1547 830 1609 a)
849 1542 975 1611 corrige:
994 1542 1209 1613 ,Schossdorpht

911 1753 1114 1768 ——d

261 1929 345 1994 688.
369 1927 552 1994 Reinbardo
575 1927 657 1992 dicto
680 1925 854 2006 Sebosdors
881 1927 919 1991 de
941 1926 1230 2010 Habelscbuerdt,·)
1252 1928 1442 1993 subdiacono
1473 1930 1646 2012 Propensis
1676 1929 1764 2004 dioc,

261 2035 435 2096 resa-ratur
456 2031 637 2114 beinfieium
659 2030 904 2096 ecclesiasticum
927 2033 995 2097 sine
1017 2053 1103 2112 cura,
1127 2034 1218 2098 euius
1233 2037 1365 2113 fructus
1386 2035 1429 2097 18
1443 2053 1626 2098 marcarum
1642 2034 1766 2115 arpenti

261 2135 424 2200 secundum
447 2136 643 2201 locationem
665 2135 803 2200 decimae
825 2135 963 2200 calorem
986 2158 1127 2202 annuum
1149 2158 1211 2201 nou
1225 2137 1388 2216 excedant,
1411 2140 1440 2202 si
1459 2140 1493 2202 in
1508 2138 1637 2203 ecclesio
1663 2139 1765 2202 Vrati-

264 2239 410 2304 claviensi
431 2230 527 2306 occat
548 2239 596 2305 oel
625 2261 695 2306 cum
725 2240 892 2321 coenant,
928 2261 989 2304 non
1011 2240 1153 2306 obstante
1174 2246 1210 2304 ut
1231 2242 1266 2305 in
1287 2241 1516 2325 supplicatione
1537 2242 1594 2306 sub
1616 2264 1667 2309 nr.
1689 2243 1763 2306 687.

265 2343 450 2424 ,Probitatis
482 2349 513 2408 et
543 2345 709 2411 uirtutum“
760 2344 936 2425 „Aninione
966 2347 1005 2409 ΙΙ
1023 2346 1065 2410 id.
1101 2345 1277 2410 Decembris
1308 2366 1337 2408 a.
1368 2346 1484 2428 quinto.
1519 2383 1560 2393 -
1598 2346 1634 2410 in
1669 2368 1698 2410 e.
1721 2366 1762 2408 m.

262 2468 282 2512 s.
307 2449 436 2514 Mariae
464 2449 499 2512 in
522 2451 631 2514 Arena
652 2455 682 2514 et
704 2470 728 2516 s.
761 2450 915 2514 Vincentii
938 2469 1039 2534 prope
1068 2449 1296 2515 Vratislaoiam
1319 2451 1578 2515 monasteriorum
1601 2449 1766 2516 abbatibus

607 2575 646 2619 ac
668 2554 786 2619 decano
808 2553 955 2620 ecclesiae
977 2574 1001 2619 3.
1026 2555 1166 2640 Apriooli
1188 2553 1417 2620 Acinionensis.

322 2605 445 2762 ..1111
1161 2692 1322 2774 Aoiuiouc,
1356 2695 1440 2758 1357
1464 2692 1646 2759 Decembris
1671 2694 1720 2756 12.

388 2880 419 2934 R.
440 2883 489 2936 111.
519 2888 567 2937 136
586 2882 633 2937 fol.
652 2889 712 2951 iss,
731 2883 762 2937 R.
782 2883 843 2937 Vnt.
862 2890 912 2936 232
931 2883 978 2937 iol.
997 2888 1066 2937 283¹.
1085 2914 1117 2920 -
1136 2883 1202 2952 Reg.
1221 2883 1249 2936 in
1262 2882 1358 2938 ZVGA
1371 2883 1529 2938 Schiesiens
1542 2882 1618 2937 XXV
1635 2900 1695 2952 pag.
1708 2887 1758 2935 397

257 2993 289 3007 -
305 2973 330 3033 ¹)
349 2967 522 3038 ,Reynberdo
542 2968 613 3023 dicto
632 2969 808 3039 Schosdorph
827 2970 861 3025 de
880 2969 1066 3024 chlswerde‘
1086 2971 1135 3022 Av.

243 3352 348 3419 689.
381 3351 565 3418 Kueimirus
587 3353 738 3419 Polouiae
767 3376 824 3417 rec
847 3353 1015 3436 supplicat,
1040 3357 1193 3437 quatenns
1215 3351 1378 3435 capellano
1400 3371 1456 3416 suo
1467 3351 1585 3419 Jacobo
1607 3351 1767 3419 Jobonnis

232 3455 438 3538 presbytero
467 3455 723 3522 Vratislaoiensis
747 3457 824 3523 dioc.
858 3459 896 3522 de
918 3456 1059 3538 beneflcio
1089 3455 1307 3538 ecclesiastico,
1333 3456 1376 3519 ad
1406 3455 1601 3520 collationem
1631 3453 1768 3538 episcopi

244 3560 477 3627 Craeooiensis
503 3561 690 3645 pertinente,
719 3563 937 3646 provideatur.
962 3597 1002 3607 —
1027 3561 1102 3626 Fiat
1127 3560 1165 3625 G.
1190 3563 1233 3624 Et
1256 3559 1337 3640 ouod
1357 3562 1501 3624 transcat
1531 3559 1598 3623 sine
1619 3558 1686 3623 alia
1709 3556 1767 3622 lco-

466 3667 560 3730 cione.
584 3667 661 3731 Fiat
687 3666 726 3732 G.
750 3667 791 3733 D.
816 3664 971 3732 Aninione
994 3668 1076 3731 XVI
1095 3666 1160 3731 lcal.
1184 3664 1341 3734 Januarii
1364 3686 1393 3731 a.
1418 3665 1555 3749 quinto.“

1169 3806 1332 3888 Aniniouc,
1360 3805 1442 3869 1357
1464 3803 1645 3869 Decembris
1669 3805 1722 3869 17.

390 3926 422 3980 R.
440 3926 535 3996 Suppl.
554 3932 587 3981 27
606 3927 653 3982 iol.
674 3934 732 3982 310.

911 4107 1116 4115 --.

233 4254 351 4326 690.
376 4257 575 4322 Innocentius
604 4258 649 4321 VI
675 4256 791 4324 Carolo
821 4259 1007 4343 imperatori
1035 4258 1151 4341 scribit,
1185 4278 1218 4323 se
1255 4257 1476 4322 Bnrcbardum
1506 4257 1542 4319 de
1573 4254 1767 4338 Maodcbnrp

378 4363 524 4427 nuntium
546 4364 612 4429 eius
635 4363 749 4428 litteris
772 4365 904 4448 receptis
927 4385 995 4429 cnm
1018 4362 1206 4446 quibusdam
1229 4363 1258 4426 ei
1279 4360 1456 4440 referendis
1478 4360 1647 4424 remisisse.

1170 4501 1331 4576 Arbitione,
1355 4499 1442 4562 1357
1464 4496 1647 4562 Decembris
1671 4501 1722 4561 17.

391 4675 562 4742 Carissimo
585 4676 618 4740 in
642 4676 769 4740 Christo
801 4676 864 4740 filio
889 4676 1006 4740 Karolo
1030 4675 1214 4756 impensiori
1239 4674 1448 4737 namna-mn
1482 4690 1608 4753 semper
1632 4677 1767 4753 augusto

247 4781 481 4845 salmensis.
505 4778 572 4844 Τ113
595 4779 795 4844 celsitudinis
818 4779 984 4843 credencie
1008 4778 1126 4844 litteris
1149 4776 1277 4859 propria
1299 4794 1393 4840 11131111
1417 4775 1544 4857 scriptis
1567 4775 1765 4857 1311311313-

254 4885 364 4967 ceptis
388 4882 516 4967 3111113,
539 4902 600 4965 que
624 4884 653 4948 d.
678 4883 698 4948 1.
723 4883 838 4949 nobilis
861 4885 909 4947 vin
932 4883 1110 4947 Brocanins
1126 4899 1230 4946 comes
1247 4881 1286 4944 de
1303 4880 1518 4961 Moycdebong
1534 4880 1666 4943 nuncius
1682 4885 1767 4960 tuus,
1809 4966 1810 4969 Ἴ

260 4988 423 5053 exhibitor
445 4988 627 5065 earundem,
652 4986 742 5052 nobis
765 5005 805 5052 ex
827 4992 918 5070 parte
942 4992 997 5050 tua
1013 4986 1133 5066 retulit,
1158 4983 1346 5066 diligencius
1362 4984 1536 5048 intellectis
1553 4982 1767 5047 sinceritatem

264 5096 328 5168 et⁸')
357 5090 561 5156 donacionem
593 5095 689 5173 tunm,
723 5110 815 5171 quom
847 5091 886 5154 nd
917 5095 1031 5154 113331
1055 5090 1224 5153 Romanam
1248 5087 1533 5169 genisecclesimn,
1566 5083 1768 5166 pluninmmi)

269 5195 529 5277 commendantes
560 5193 640 5274 illic)
675 5195 850 5277 graciarum
874 5194 1018 5260 acciones
1049 5192 1226 5274 referimus,
1257 5193 1310 5272 qui
1334 5198 1457 5256 tantum
1489 5198 1523 5255 31
1545 5192 1642 5256 talem
1673 5192 1767 5254 bene·

272 5295 415 5364 diceionis
439 5296 537 5363 filium
560 5297 706 5382 sidens)
736 5300 871 5364 33313313
896 5318 954 5362 sua
976 5298 1100 5381 pietate
1122 5298 1320 5379 concessit,⁰)
1350 5295 1579 5378 supernotatis
1609 5292 1766 5376 quidemf)
