3944 6060
239 424 277 488 18
834 416 904 469 Acta
922 415 1075 470 innocentii
1097 415 1142 469 VI.

233 633 296 699 36.
321 629 476 697 Guitctrno
499 627 656 695 Jobannr's
680 625 776 691 Pauti
813 625 998 708 providetur
1022 626 1060 692 de
1090 628 1279 691 canonicatu
1308 627 1456 693 ecclesiae
1487 630 1659 714 Propensis
1681 630 1739 696 sub

234 735 446 820 expectatione
464 732 673 818 praebendae,
697 730 978 796 nonobstantibus
1001 735 1036 795 ut
1057 732 1092 796 in
1115 753 1162 797 nr.
1185 735 1237 797 33.
1273 731 1470 815 ,Laudabile
1502 734 1734 800 testimonium‘

237 840 412 922 „Aninione
442 839 489 902 VI
505 857 575 901 non.
599 837 719 902 Marcii
741 858 762 900 a
780 835 916 919 pr·r'rno.“
947 874 988 883 -
1017 839 1055 901 Iu
1077 859 1101 901 e.
1125 858 1165 901 nr.
1197 838 1337 919 episcopo
1364 836 1558 902 Otomucensi
1580 843 1611 904 et
1634 838 1737 905 arabi·

436 942 567 1007 diacono
590 939 832 1007 Beneventanus
855 961 894 1005 ac
915 942 1070 1007 sacristae
1092 942 1312 1007 Acinionensis
1335 941 1546 1007 aclesiarum.

291 1052 388 1171 ‚75⁷⁵
1228 1081 1392 1160 aaaron,
1415 1083 1501 1148 1353
1525 1083 1642 1148 nano
1663 1084 1696 1150 2.

356 1273 388 1328 R.
407 1274 457 1327 Av.
479 1278 528 1326 124
546 1270 592 1326 iol.
612 1278 671 1340 148,
689 1271 722 1328 R.
742 1270 804 1326 vat.
824 1276 877 1326 '223
895 1271 941 1325 iol.
961 1273 1011 1324 69¹.

230 1660 295 1726 37.
320 1659 476 1724 Henricus
498 1660 660 1742 episcopus
694 1656 885 1722 Lubuccnsis
918 1656 1087 1741 supplicat,
1122 1661 1277 1740 quatenus
1310 1659 1534 1742 infrascriptis
1563 1658 1601 1723 dc
1634 1657 1738 1724 arcisi-

232 1763 406 1828 diaoonatu
429 1763 612 1846 Legnicensi
634 1783 672 1828 ac
694 1762 731 1826 dr
755 1762 991 1827 canonicatibus
1018 1768 1047 1826 ct
1073 1761 1263 1845 praebendis
1292 1762 1438 1828 ecclesiae
1477 1762 1738 1829 Vratislaoiensis

725 1872 755 1933 et
781 1867 997 1948 Gtoaooiensis
1015 1867 1233 1951 provideatur.

1227 2007 1389 2088 Acinione,
1412 2011 1498 2075 1353
1520 2009 1640 2075 Martii
1662 2012 1693 2074 3.

361 2199 596 2283 Suppliciter
626 2200 680 2264 pr.
705 2207 812 2264 vestra
841 2204 988 2264 creatura
1017 2199 1174 2264 Henricus
1206 2201 1313 2283 gracia
1343 2201 1516 2284 apostolice
1548 2200 1635 2267 sedis
1669 2201 1736 2286 epi-

232 2324 347 2390 scopus
370 2306 576 2389 Lubucensis,
601 2311 758 2386 quatenus
781 2304 842 2370 sibi
865 2305 1036 2388 specialem
1067 2306 1205 2388 graciam
1235 2305 1399 2388 facientes,
1423 2306 1555 2371 Nicolao
1578 2306 1618 2370 dc
1642 2306 1739 2372 Pont-

232 2411 415 2495 wynstorph
448 2413 635 2494 presbytero
670 2411 937 2493 Wratislauiensi,
970 2411 1156 2477 instructori
1190 2411 1360 2476 eleccionis
1395 2429 1460 2493 sue,
1499 2409 1635 2493 spoliata
1673 2410 1737 2475 iam

232 2517 341 2582 multis
363 2517 455 2581 annis
478 2516 632 2581 fructibus
657 2514 879 2581 beneficiorum
903 2535 1040 2595 suorum,
1065 2536 1125 2597 quie
1150 2517 1181 2581 in
1212 2517 1391 2583 Lubucensi
1422 2516 1559 2581 ecclesia
1592 2514 1739 2597 predicte

232 2623 363 2704 obtinet,
387 2622 426 2687 de
450 2621 705 2687 archidiaconatu
719 2621 1225 2701 'LigeniczeusiWratislaniensis
1248 2623 1338 2703 dioc,
1359 2639 1450 2702 quem
1467 2620 1551 2686 idem
1569 2618 1739 2703 episcopus

233 2733 307 2793 ante
342 2745 430 2792 suam
465 2727 737 2792 consecracionem
773 2727 945 2808 obtinebat,
981 2727 1154 2809 dignemini
1189 2726 1436 2792 misericorditer
1470 2723 1648 2808 providere,
1671 2742 1736 2788 non

232 2833 388 2913 obstante,
411 2831 494 2912 quad
517 2831 602 2896 idem
624 2831 775 2897 Nicotaus
805 2832 1024 2896 canonicatum
1057 2838 1091 2897 et
1121 2833 1314 2914 prebendam
1345 2832 1376 2895 in
1408 2829 1667 2895 Wratislauiensi
1700 2847 1738 2893 ac

232 2935 428 3001 scolastriam
452 2941 487 3000 et
509 2937 725 3001 sacromentum
757 2942 790 3001 et
820 2935 1013 3018 prebendam
1044 2938 1075 3000 in
1108 2937 1284 3000 Lubucensi
1317 2935 1462 2999 ecclesiis
1489 2937 1630 3000 noscitur
1654 2933 1736 2999 obti-

232 3059 320 3122 nere,
345 3060 438 3122 quum
462 3041 669 3124 scolastu'mn,
695 3041 733 3104 de
765 3060 828 3122 qua
858 3045 988 3122 propter
1019 3041 1252 3122 spoliacionem,
1283 3046 1318 3105 ut
1341 3039 1509 3122 prefertur,
1544 3037 1737 3103 marchionis

231 3145 558 3227 Brandeuburgcnsis
583 3144 639 3209 lilii
663 3147 819 3226 quondam
845 3146 1001 3209 lrurlowici
1025 3146 1153 3219 ltnuuri,
1177 3146 1220 3209 nil
1245 3145 1395 3227 percepit,
1419 3144 1580 3208 dimittere
1605 3148 1656 3208 est
1679 3161 1735 3225 pa-

231 3255 330 3332 ratus,
353 3270 423 3314 cum
447 3250 566 3314 dictum
590 3249 879 3314 archidiaconatum
903 3255 936 3314 et
959 3250 1028 3314 eius
1052 3250 1285 3332 possessionem
1309 3249 1406 3314 fuerit
1421 3247 1551 3332 pacifice
1568 3253 1735 3313 assecutus

233 3360 268 3420 et
291 3355 389 3439 [cirin]
413 3355 484 3420 aliis
507 3354 793 3420 nonobstantibus
816 3359 850 3419 et
873 3355 1023 3418 clausulis
1048 3355 1212 3437 oportunis
1235 3361 1270 3420 et
1292 3354 1525 3420 executoribus.

360 3458 433 3524 Fiat
456 3459 492 3525 G.
1658 3502 1661 3507 -

361 3565 442 3630 Item
466 3564 624 3647 supplicat
646 3571 682 3628 ut
705 3582 809 3646 supra,
833 3570 988 3645 aliatenus
1011 3564 1166 3647 Plrylippo
1190 3566 1346 3645 quondam
1369 3563 1516 3647 Phylippi
1532 3562 1736 3646 burchgravii

231 3670 492 3736 inOttomachou
506 3671 779 3736 Wratislauiensis
803 3671 893 3743 dioc,
913 3688 969 3734 suo
991 3671 1232 3753 consmrguinec,
1256 3671 1296 3735 de
1308 3670 1494 3735 canonicatu
1514 3675 1547 3732 et
1569 3668 1734 3750 prebenda

232 3776 367 3842 ecclesie
391 3774 673 3855 Wratislauieusis,
697 3794 774 3856 ‹luos
805 3776 890 3841 idem
913 3783 1079 3858 episcopus
1110 3776 1142 3839 in
1172 3776 1243 3857 ipsa
1271 3775 1407 3839 ecclesia
1435 3771 1733 3847 Wratislauiensi⁸l

232 3887 305 3945 ante
340 3897 429 3944 suam
464 3881 737 3945 consecracionem
773 3881 945 3962 obtinebat,
982 3880 1154 3962 dignemini
1177 3879 1424 3945 misericorditer
1457 3876 1651 3960 providere,
1668 3896 1733 3943 non

231 3988 387 4068 obstante,
422 3984 506 4065 quod
528 3985 614 4048 idem
636 3984 811 4066 Plrylippus
834 3985 1001 4049 ecclesium
1035 3991 1176 4050 curatam
1210 3987 1243 4050 in
1266 3986 1420 4049 Protzano
1458 3981 1732 4047 Wratislauiensis

231 4091 311 4155 dioc.
335 4090 479 4172 predicte
503 4089 645 4154 noscitur
667 4089 822 4170 obtinere,
852 4094 886 4153 et
915 4108 984 4153 cum
1016 4092 1159 4156 omnibus
1190 4090 1261 4155 aliis
1284 4108 1343 4154 non
1368 4087 1567 4154 obstantibus
1590 4091 1625 4152 et
1647 4085 1732 4153 clau·

233 4195 312 4259 aulis
336 4193 501 4276 oportunis
524 4193 584 4277 [ct]
608 4193 830 4258 executoribus
854 4199 1016 4276 utsupra.

361 4298 432 4363 Fiat
456 4298 493 4363 G.

361 4404 441 4468 Item
454 4403 612 4485 supplicat
627 4409 662 4468 ut
685 4422 789 4485 supra,
807 4410 963 4484 quatenus
979 4404 1073 4469 Petro
1102 4405 1256 4484 arraudum
1275 4401 1412 4467 Comudi
1429 4399 1597 4464 Rusenerii
1615 4399 1732 4465 clerica

231 4506 315 4572 dicte
338 4507 613 4572 Wratislauiensis
636 4507 726 4586 dioc,
749 4507 781 4570 in
805 4508 926 4571 artibus
950 4508 1100 4585 studenti,
1126 4508 1245 4570 nullum
1268 4505 1455 4571 beneficium
1478 4503 1731 4569 ecclesiasticum

230 4611 397 4689 obtinenti,
410 4611 449 4675 de
464 4612 649 4676 carronicatu
663 4618 696 4675 et
708 4611 870 4692 prebenda
882 4612 1017 4676 ecclesie
1034 4611 1256 4689 Glogouiensis
1265 4608 1625 4674 dicteWratislauiensis
1638 4608 1731 4691 (lica,

230 4734 307 4795 quos
332 4714 416 4779 idem
440 4714 608 4796 episcopus
632 4714 781 4780 similiter
805 4721 878 4779 alite
903 4735 991 4779 suant
1016 4715 1288 4779 consecracionem
1323 4713 1401 4778 inibi
1424 4713 1597 4794 obtinebat,
1620 4712 1731 4796 digne·

229 4820 305 4883 mim
328 4818 578 4884 misericorditer
599 4820 767 4901 providere
790 4839 858 4884 cum
884 4839 944 4884 uon
969 4820 1167 4883 olrstuntibus
1191 4826 1225 4883 ct
1247 4819 1398 4882 clausulis
1421 4817 1595 4898 oportunis.

359 4923 432 4989 Fiat
455 4923 491 4988 G.
516 4924 560 4988 Et
583 4924 667 5004 quod
690 4930 856 4989 transeant
879 4925 947 4988 siue
972 4924 1034 4988 alia
1057 4924 1207 4988 leccione.

360 5028 432 5092 Fiat
455 5027 492 5092 G.
517 5029 555 5093 D.
580 5028 738 5094 Aurinione
763 5029 789 5093 V
812 5048 883 5094 uon.
908 5029 1021 5094 llarcii
1044 5048 1062 5093 a
1085 5029 1195 5110 primo.

358 5215 390 5269 lt
409 5214 504 5285 Suppl.
523 5220 556 5269 23
574 5216 621 5270 tol.
641 5223 672 5270 ii
696 5248 721 5257 -
747 5227 771 5283 a)
790 5217 1045 5280 ,Wratislauicnsis‘
1062 5217 1157 5286 Suppl.

878 5396 1076 5406 ——-
