3944 6060
690 454 755 503 1357
774 449 916 503 Februarii
934 457 950 502 t)
970 480 1001 488 -
1021 450 1163 504 Februarii
1181 457 1222 506 20.
1648 457 1710 520 223

202 660 321 724 litteris
352 660 586 743 comprehendi,
619 664 653 723 et
681 658 752 740 plus
783 662 823 726 de
847 667 901 723 tuo
925 677 1205 740 successorumque
1236 668 1362 728 tuorum
1385 661 1493 727 favore
1517 662 1710 743 confidimus,

203 782 296 844 quam
320 765 360 829 de
384 765 556 829 cuiuslibet
578 763 735 845 scripture
752 763 947 845 obligatione
964 781 1144 845 speremus3
1168 765 1315 830 voluntas
1339 765 1423 829 enirn
1439 766 1541 830 libera
1564 767 1709 847 prevalet

203 873 237 931 et
260 869 424 950 accepcior
457 867 588 933 alleccio
611 873 672 943 est,
707 887 800 949 quam
824 866 925 949 gignit
954 866 1083 931 devocio
1114 885 1269 949 quamque
1300 868 1379 932 tides
1406 869 1507 933 nutrit
1530 874 1564 932 et
1586 870 1710 932 sincera

203 990 293 1036 mens
316 973 447 1037 exbibet
470 973 510 1036 ad
533 973 639 1037 omnia
661 972 901 1054 prompciorem,
925 988 973 1051 ea,
1005 990 1098 1051 quam
1122 974 1245 1037 coaccio
1269 975 1320 1036 vol
1344 974 1521 1037 necessitas
1541 974 1640 1037 trahit
1663 975 1708 1037 in-

204 1076 311 1140 vitum.
347 1076 410 1141 Sed
433 1083 469 1141 ut
492 1077 605 1140 iurium
629 1077 730 1158 ipsius
753 1075 888 1139 ecclesie
919 1073 1012 1137 tidem
1043 1083 1189 1139 astruant
1219 1084 1253 1140 et
1276 1078 1509 1142 conservacioni
1533 1095 1641 1141 eorum
1664 1078 1709 1140 fa-

204 1198 312 1243 rorem
334 1181 474 1245 adiciant
515 1186 639 1244 tuarum
663 1181 765 1244 eciam
788 1178 971 1243 testimonia
993 1178 1183 1260 litterarium·
1212 1199 1250 1244 ex
1275 1179 1468 1244 confidentia
1498 1187 1630 1261 paterne
1655 1182 1707 1244 ‹lo-

204 1285 363 1364 poscimus
386 1286 539 1366 caritatis
563 1292 599 1349 ut
620 1285 711 1349 iuxta
735 1304 782 1365 eu,
807 1300 867 1363 que
891 1282 975 1345 idern
992 1284 1089 1346 abbas
1112 1290 1147 1347 et
1169 1285 1220 1347 dd.
1245 1283 1277 1347 ff.
1295 1284 1497 1348 Bacchardns
1521 1285 1709 1366 purgravius

204 1395 238 1451 et
262 1406 366 1452 comes
398 1390 692 1472 Magdeburgonsis,
727 1388 880 1469 magister
910 1386 982 1451 aule
1013 1388 1197 1469 imperialis,
1235 1407 1293 1469 per
1322 1407 1431 1452 eorum
1462 1389 1552 1452 nobis
1583 1389 1709 1452 litteras

204 1491 402 1568 intimarunt,
435 1493 663 1574 recognitionis
695 1492 820 1556 litteras
852 1509 948 1572 snper
971 1491 1131 1555 solucione
1157 1510 1271 1555 cerrsus
1293 1493 1395 1573 ipsius
1418 1493 1508 1556 nobis
1531 1493 1710 1555 sublimitas

204 1603 259 1658 tua
282 1597 399 1661 mittat.
426 1598 464 1660 D.
489 1597 644 1661 Auinione
669 1597 709 1659 id.
734 1595 898 1660 Februarii
922 1614 948 1657 a.
974 1595 1093 1674 quinto.

333 1785 365 1838 R.
385 1785 445 1838 Vat
464 1790 514 1838 239
533 1783 579 1838 iol.
599 1790 641 1837 25.
656 1814 682 1823 -
705 1785 754 1837 Ed.
774 1800 834 1836 cunr
854 1783 948 1836 multis
967 1782 1035 1835 locis
1054 1785 1176 1837 erroneis
1195 1792 1221 1836 et
1241 1783 1460 1853 discrepantibus
1480 1783 1553 1852 apud
1572 1784 1709 1852 ludewig,

205 1870 348 1939 Reliquiae
366 1887 501 1925 manuscr.
522 1872 560 1926 VI
584 1887 644 1941 pag.
666 1876 697 1924 18
716 1878 743 1924 et
763 1871 858 1938 Lduig,
883 1869 947 1923 Cod.
968 1870 1056 1923 Germ.
1077 1870 1142 1939 dipl.
1162 1864 1253 1939 l'pag.
1276 1876 1350 1938 1155,
1375 1887 1430 1940 reg.
1451 1869 1524 1937 apud
1551 1871 1709 1940 Werunsky

206 1957 342 2026 Excerpta
360 1975 400 2011 nr.
418 1964 469 2012 412
489 1964 517 2011 et
536 1958 637 2025 Huber,
667 1958 733 2025 Reg.
758 1957 824 2026 Imp.
856 1956 919 2009 Vlll
949 1973 1010 2025 pag.
1042 1964 1091 2010 788
1111 1973 1150 2009 ur.
1171 1963 1228 2011 330.
1262 1989 1293 1996 —
1333 1964 1357 2021 a)
1386 1958 1618 2025 ‚irnperjabilibus‘
1647 1957 1708 2010 Vat.

205 2045 231 2108 b)
248 2044 389 2114 ,rependii‘
407 2045 470 2098 Vat.
495 2046 518 2109 ο)
540 2048 611 2111 ‚que‘
629 2045 690 2097 Vnt.

854 2205 1059 2212 ——.--

205 2375 292 2442 559.
316 2375 476 2457 Stephano
498 2374 536 2438 de
557 2374 644 2439 Area
667 2376 869 2439 canonicatus
893 2374 1039 2438 ccclesiae
1063 2373 1280 2452 Lupdunensis
1296 2378 1465 2451 confertur.
1493 2373 1709 2456 „Multipliciu

202 2479 389 2560 probitatis“
420 2477 596 2559 „Aninioue
617 2476 700 2542 XVI
718 2478 781 2542 lcal.
807 2479 926 2543 lilarcii
949 2499 977 2543 a.
994 2481 1129 2560 quintal
1163 2516 1193 2523 —
1229 2481 1266 2542 ln
1290 2502 1313 2543 c.
1331 2499 1370 2541 m.
1395 2478 1504 2542 abbati
1525 2479 1710 2542 monasterii

207 2583 462 2661 Atbenocensis¹l
481 2583 699 2665 Lupdnnensic
715 2588 744 2646 ct
759 2583 979 2646 archidiacono
994 2581 1142 2646 ecclcsiae
1156 2581 1327 2662 Propensis
1340 2604 1377 2646 ac
1391 2581 1526 2663 officiali
1537 2579 1708 2646 Aniciensi.

1130 2720 1291 2796 Acinione,
1317 2722 1401 2782 1317
1425 2719 1589 2782 Februarii
1612 2722 1664 2783 14.

334 2909 365 2962 R.
386 2912 434 2960 Ar.
456 2909 569 2962 137101.
590 2917 648 2962 tto.
672 2941 697 2947 -
717 2916 740 2973 ει)
760 2910 986 2975 ,dtbemacensis‘
1006 2911 1054 2960 Ar.

854 3123 988 3129 --.--
996 3121 1058 3128 ..-

207 3293 294 3359 560.
321 3290 453 3356 Carolus
478 3293 690 3355 Rornanorum
722 3292 895 3373 imperator
925 3310 962 3354 ac
986 3290 1162 3355 Ludooicus
1189 3293 1348 3354 Itornanus
1379 3290 1707 3369 Brondeburpensis·)

207 3393 445 3475 amaitaei)
475 3395 617 3459 nrarclrio
648 3400 677 3457 ct
701 3394 842 3458 nonnulli
872 3393 932 3458 alii
961 3394 1151 3476 supplicant,
1183 3399 1337 3476 quatenus
1367 3394 1521 3474 Leopoldo
1542 3393 1579 3456 dc
1605 3395 1708 3457 Grun-

207 3497 315 3578 tacte)
340 3498 529 3563 subdiacono
552 3499 687 3564 nriiiiari
716 3499 753 3563 cie
776 3500 962 3563 canonicatu
984 3498 1041 3560 sub
1064 3499 1277 3579 expectatione
1298 3498 1494 3580 praebendae
1524 3499 1556 3558 in
1579 3497 1709 3560 ecclesia

210 3601 423 3686 Herbipolcusi
440 3602 656 3685 provideatur.
682 3640 722 3648 —
757 3604 851 3685 „Fiat
876 3604 914 3668 G.
941 3605 979 3666 D.
1005 3602 1159 3665 Aninionc
1183 3599 1265 3664 XVI
1282 3601 1344 3665 lral.
1370 3602 1491 3665 Marcii
1514 3623 1543 3663 u.
1569 3601 1703 3680 puint0.“

1129 3737 1290 3815 Acinionc,
1317 3740 1399 3802 13:37
1424 3737 1590 3800 Februarii
1614 3739 1661 3799 14.

335 3926 365 3980 R.
384 3927 479 3997 Suppl.
498 3933 531 3980 27
550 3928 596 3981 fol.
618 3936 659 3981 47.
688 3958 720 3966 -
744 3927 1021 3994 st)‚l31·unburgensis‘
1041 3927 1133 3995 Suppl.
1164 3928 1189 3989 b)
1208 3927 1341 3986 ‚Larsacie
1360 3927 1455 3994 Suppl.
1477 3929 1501 3991 c)
1519 3925 1654 3993 ,erpoldo
1674 3924 1707 3978 de

205 4012 357 4066 Grnnbach‘
376 4014 469 4082 Suppl.

203 4345 293 4411 561.
327 4342 458 4408 Carolus
483 4346 695 4408 llornonorurn
721 4347 891 4425 imperator
913 4346 1083 4426 supplicat,
1114 4349 1267 4426 quaternus
1289 4344 1432 4407 iohanni
1454 4344 1491 4404 dc
1515 4344 1707 4424 Luceruburp

203 4446 389 4528 pulpum,
420 4446 584 4530 capellano
613 4467 669 4511 suo
692 4452 721 4511 et
737 4447 906 4531 familiari
936 4448 1109 4523 dorecestico,
1142 4448 1179 4509 dc
1202 4448 1392 4510 canonicatu
1415 4449 1443 4507 ct
1463 4445 1643 4527 praebenda
1667 4464 1706 4507 ac

203 4550 346 4613 curatoria
368 4551 515 4616 ccclesiae
537 4571 562 4616 a.
586 4552 773 4626 Simeonis-p
798 4552 888 4630 infra
904 4571 1009 4615 neuros
1029 4554 1229 4614 Treuerences
1239 4549 1456 4631 provideatur,
1480 4548 1706 4628 nonobstante,

205 4653 283 4733 quoa
304 4655 524 4718 canonicatum
546 4661 576 4718 et
594 4655 810 4737 praebendam
832 4676 857 4720 s.
883 4655 1017 4719 Paulini
1038 4661 1129 4719 extra
1152 4673 1257 4717 rrruros
1284 4655 1483 4716 Treuereuscs
1510 4656 1539 4715 et
1558 4651 1705 4734 parocbi-

204 4755 284 4821 alem
307 4757 468 4822 ecclesiam
489 4761 526 4823 in
550 4757 709 4841 Ospcrnl)
736 4760 934 4824 Treuerensis
957 4760 1034 4823 dioc.
1058 4759 1198 4821 irascitur
1220 4758 1366 4822 obtinere.
1390 4794 1431 4803 —
1457 4757 1555 4836 „Fiat
1576 4755 1613 4819 G.
1632 4756 1707 4819 Since

382 4861 451 4926 alia
472 4861 614 4927 leccione.
638 4862 713 4927 Fiat
739 4865 775 4929 G.
802 4865 843 4927 D.
866 4863 1022 4927 Auinione
1047 4864 1083 4927 X.
1107 4861 1171 4924 bal.
1196 4862 1314 4926 Marcii
1336 4883 1365 4924 a.
1389 4861 1526 4943 quinto.“

1127 4999 1286 5078 Acinione,
1312 5001 1396 5063 1357
1420 4999 1587 5061 Februarii
1609 4998 1660 5062 20.

331 5187 363 5240 R.
382 5187 476 5256 Suppl.
497 5194 529 5241 27
549 5188 594 5242 fol.
615 5196 659 5243 to.
682 5219 707 5226 —
735 5200 758 5251 a)
789 5188 947 5256 ,Syrneonis‘
976 5188 1070 5256 Suppl.
1095 5190 1119 5252 b)
1145 5188 1270 5256 ,Osprirn‘
1297 5189 1392 5255 Suppl.
1416 5217 1441 5226 -
1471 5187 1501 5238 lu
1520 5203 1602 5253 marg.
1622 5185 1696 5237 dext.

202 5270 258 5334 ,Pro
276 5275 424 5341 calmeral.
