3944 6060
728 483 793 531 racc
813 459 936 531 Octobris
957 484 989 532 ra
1009 507 1040 517 -
1060 477 1184 531 Octobris
1202 484 1245 532 ar.
1677 469 1753 545 159'

362 687 435 756 orig.
456 685 568 740 archivii
587 686 642 740 aul.
661 679 882 743 vindobonensis
909 705 968 741 crrnr
994 687 1070 740 bulla
1095 687 1239 754 plumbaea
1266 691 1292 740 iu
1312 687 1358 740 tito
1377 687 1496 756 canapis.
1517 691 1596 772 ᾖ)
1617 687 1737 755 ‚seripta‘

231 773 272 826 bis
291 774 321 826 in
340 774 408 842 orig.
427 803 461 813 -
478 773 509 826 ln
529 772 612 842 plica:
634 773 685 841 ,do
705 773 738 827 de
756 773 872 842 Fulgin‘.
892 775 946 829 Sub
965 775 1039 842 plica
1057 774 1092 828 ad
1111 780 1216 842 partem
1236 773 1389 828 sinistram:
1408 775 1459 841 ,Jo.
1473 773 1580 827 Bellib‘.
1594 775 1624 826 ln
1637 774 1736 828 rubro:

230 859 409 927 ‚Wolframns
427 859 461 914 do
479 859 624 929 Herbipoli
644 864 759 930 procur.¹
783 861 907 930 Inferius,
934 861 982 915 sed
1007 861 1202 915 cancellatum:
1226 861 1265 925 ‚rt
1285 861 1351 914 buil.
1371 860 1480 930 Symoni
1500 861 1533 916 de
1552 861 1665 932 begnitz
1685 878 1734 934 pro

232 946 352 1001 salamo‘.

879 1109 1085 1117 1—----—-—-

233 1229 322 1296 393.
360 1226 545 1292 Vladisinns
568 1228 632 1292 dnn
657 1228 834 1311 Opolicnsis
858 1231 997 1310 roqotnr,
1020 1221 1185 1311 quotenus
1200 1229 1427 1292 conversionem
1451 1228 1493 1292 od
1508 1227 1608 1309 fldem
1632 1225 1735 1293 cotbo·

236 1331 329 1397 licam
353 1333 574 1410 Litnonornnr,
606 1332 640 1396 in
663 1353 792 1416 qnorum
813 1332 959 1414 partibas
980 1332 1102 1396 utiliter
1124 1334 1252 1415 operari
1269 1337 1382 1415 potest,
1411 1337 1600 1414 proncoccot.
1640 1333 1736 1415 ,Cum

482 1441 540 1501 tna
562 1435 727 1502 nobilitos“
757 1437 932 1517 „Aninione
954 1435 987 1498 X
1006 1436 1069 1502 tol.
1088 1438 1280 1519 Novembris
1304 1459 1333 1501 n.
1357 1439 1483 1502 terciol.

1181 1576 1341 1655 Aoiroione,
1365 1578 1450 1641 1355
1476 1576 1618 1642 Octobris
1640 1577 1706 1644 232

363 1766 393 1820 R.
412 1765 473 1820 Vat.
493 1771 544 1820 ‘244
562 1766 586 1818 E
605 1766 738 1832 (Archet.)
757 1783 796 1819 nr.
818 1773 874 1820 182.
894 1798 925 1805 -
946 1766 995 1819 lid.
1015 1766 1088 1835 apud
1107 1766 1234 1834 Tbeiner,
1254 1767 1326 1821 Mon.
1347 1766 1404 1821 Pol.
1424 1768 1436 1821 I
1456 1782 1516 1836 pag.
1536 1772 1595 1821 501.

881 1928 1086 1937 ..μ-Μ

233 2068 321 2142 394.
347 2069 504 2138 Inclicibns
534 2073 717 2154 rnondotnr,
749 2079 904 2156 qnotcnns
934 2073 971 2137 cie
1007 2075 1161 2138 universis
1200 2073 1449 2151 circumstantiis
1486 2073 1733 2157 permutationis

234 2178 379 2242 bonorum
412 2179 492 2244 inter
513 2176 739 2242 monasterinm
770 2176 872 2242 alutae
903 2178 1019 2260 Reqiuc
1049 2183 1078 2242 et
1107 2179 1284 2261 episcopum
1309 2177 1599 2242 Lntlronmslcnscm
1632 2199 1665 2241 se
1688 2177 1733 2241 in·

643 2286 784 2358 forment
806 2288 834 2347 et
852 2304 976 2366 popam
999 2285 1158 2347 certiorem
1175 2285 1317 2362 fuciunt.
1733 2269 1736 2277 ¹

254 2387 284 2506 1
301 2384 347 2510 ξ
1178 2421 1339 2497 aoranae,
1363 2424 1448 2486 1355
1475 2420 1690 2487 ortonnes.

362 2579 487 2644 Verrfr.
510 2632 515 2644 .
537 2631 542 2642 .
561 2580 798 2662 archiepiscopo
815 2581 966 2662 Prageusi
982 2587 1016 2644 et
1039 2582 1089 2645 dd.
1115 2580 1144 2644 b.
1164 2632 1170 2644 .
1193 2635 1198 2645 .
1237 2580 1384 2644 Cisteccii
1408 2599 1443 2643 ac
1468 2630 1501 2644 ..
1545 2579 1735 2647 blorimundi

235 2683 452 2750 cabilonensis
474 2692 509 2749 et
532 2685 740 2765 Lingoneusis
764 2686 842 2751 dioc.
866 2686 1131 2750 monasteriorum
1155 2686 1322 2750 abbatibus
1346 2686 1481 2750 sulutem
1499 2690 1558 2748 etc.
1582 2683 1739 2748 Exlribita

234 2790 321 2855 nobis
352 2809 409 2872 pro
433 2795 523 2872 parte
559 2790 610 2854 dd.
636 2782 668 2852 ti
689 2790 812 2853 curratis
844 2795 878 2853 et
901 2796 1073 2853 conventus
1104 2790 1290 2855 uronasterii
1317 2790 1486 2872 Auleregie
1512 2787 1735 2853 Cisterciensis

234 2894 352 2958 ordinis
377 2893 546 2975 Progensis
569 2893 648 2957 ilico.
665 2893 782 2974 peticio
800 2894 992 2967 continebat,
1017 2895 1100 2974 quod
1116 2895 1175 2976 ipsi
1194 2893 1313 2959 habent
1331 2894 1363 2957 in
1381 2893 1459 2957 dioc.
1476 2893 1735 2958 Lathomuslensi

234 2999 388 3078 quoddam
420 3004 557 3063 castrum
590 2997 707 3062 dictum
739 2998 945 3080 Lamlesperg
975 3005 1009 3062 et
1032 2999 1167 3079 qrredam
1198 2999 1292 3078 opida
1315 3004 1439 3062 inarata
1469 3004 1502 3061 et
1525 3017 1587 3063 non
1610 3006 1735 3062 murata

234 3108 342 3185 utpote
377 3102 698 3186 Laodeskimbanpr
741 3103 1024 3185 ll'illrelursnerde,
1058 3104 1243 3168 'lribouiam
1274 3108 1309 3167 et
1342 3100 1569 3178 ttatilorrerrrb)
1613 3121 1735 3167 necnon

234 3213 428 3288 campestres
451 3207 483 3270 in
507 3206 649 3270 Stradan
663 3209 688 3286 ε)
719 3212 752 3271 et
775 3208 907 3290 Spadau
923 3206 949 3286 d)
981 3212 1015 3271 et
1038 3208 1241 3289 quamplures
1266 3208 1345 3270 alias
1368 3207 1460 3271 villas
1492 3192 1533 3270 de
1556 3195 1685 3271 iuribus
1701 3214 1735 3272 et

235 3311 441 3392 pertinenciis
465 3311 551 3375 dicti·
565 3312 660 3375 castri
686 3313 889 3394 landesperg
911 3312 1087 3376 existerrcia
1111 3331 1146 3375 ac
1171 3312 1237 3395 [adl
1261 3312 1402 3394 prelatos
1426 3312 1573 3375 abbatem
1607 3319 1640 3375 et
1663 3332 1735 3377 con·

234 3421 360 3480 ventum
392 3435 428 3480 ao
451 3415 675 3479 monasterinm
708 3435 777 3479 oum
808 3417 951 3480 omnibus
983 3418 1104 3480 iurilms
1135 3425 1169 3481 et
1200 3417 1405 3499 pertinenciis
1437 3418 1607 3481 eorundem
1639 3417 1733 3498 pleno

234 3519 299 3583 iure
323 3520 515 3602 spectarrcia,
547 3520 736 3608 quaomnia
767 3521 883 3584 dudum
915 3522 1018 3585 eidem
1042 3523 1236 3585 munasterio
1260 3521 1376 3584 donata
1408 3528 1441 3584 et
1464 3522 1583 3585 tranlita
1606 3522 1734 3585 fuerunt

236 3643 290 3704 per
313 3625 398 3688 clare
415 3625 564 3688 memorie
590 3625 810 3688 Wcrrcoslaunr
835 3643 941 3707 regem
966 3626 1105 3705 Boerrrie,
1130 3626 1270 3688 eiusdem
1295 3625 1479 3688 monasterii
1497 3626 1734 3708 turrdator·errr,¹)

236 3746 332 3808 queve
358 3749 376 3792 a
400 3729 484 3794 dicte
508 3729 699 3794 monasterio
725 3748 781 3811 per
804 3736 870 3793 tres
906 3730 1008 3793 dictas
1032 3731 1151 3793 distare
1175 3735 1357 3806 noscamur,
1390 3736 1423 3792 ct
1446 3731 1529 3809 quod
1553 3730 1613 3812 ipsi
1638 3731 1734 3793 abbas

236 3839 267 3897 et
289 3840 463 3898 conventus
496 3839 560 3898 tom
584 3839 715 3916 propter·
744 3833 924 3898 luriusmodi
949 3835 1136 3898 distancicmr
1160 3840 1255 3914 atque
1279 3832 1339 3897 loci
1371 3834 1464 3897 situm
1489 3854 1582 3916 qnam
1606 3854 1662 3916 pro
1686 3852 1733 3916 eo,

236 3938 317 4018 quod
340 3937 459 4002 dictum
483 3945 628 4019 ccrstruru,
653 3940 734 4019 quud
759 3939 841 4003 forte
865 3939 986 4019 existit,
1016 3939 1201 4021 pleraruquo
1226 3957 1284 4018 per·
1307 3936 1458 4002 alticiales
1483 3938 1572 4020 regui
1596 3938 1734 4019 lloemie,

236 4044 417 4123 plerumque
442 4064 498 4124 per
521 4043 644 4106 rrobiles
676 4045 815 4123 parcium
846 4044 1106 4107 illarum'terreri
1131 4043 1303 4113 consuevit,
1338 4062 1439 4125 pauca
1462 4050 1496 4106 et
1523 4043 1637 4123 exigua
1660 4043 1734 4107 inde

236 4147 446 4212 emolumenta
469 4154 502 4211 et
525 4166 594 4212 cum
618 4148 739 4228 irriguis
771 4147 1021 4230 difficultatibus
1056 4148 1216 4212 laboribus
1248 4155 1281 4212 et
1304 4148 1481 4230 dispendiis
1515 4155 1735 4230 perceperunt,

236 4251 308 4330 quin
331 4271 403 4333 ymo
434 4269 543 4315 eorum
575 4251 739 4316 occasione
763 4252 883 4333 pluries
907 4253 1044 4334 dampna
1070 4260 1103 4316 et
1128 4253 1268 4332 pericula
1291 4253 1425 4316 nraxirna
1449 4253 1615 4316 subierunt
1638 4257 1671 4315 et
1695 4253 1750 4315 ad*

236 4375 376 4437 magnam
408 4362 628 4437 paupertatem
653 4357 752 4420 eciam
784 4362 858 4421 suut
890 4357 1028 4436 (destricti,
1060 4364 1191 4438 propter
1222 4376 1282 4437 quc
1315 4357 1400 4420 iuter·
1422 4355 1507 4438 ipsos
1533 4357 1734 4420 abbatemet

236 4465 420 4523 conventum
444 4460 528 4524 inter·
550 4477 584 4523 se
609 4461 717 4541 sepius
740 4468 773 4524 et
796 4461 910 4524 dcirrde
935 4482 1003 4524 cunr
1035 4462 1085 4525 dd.
1111 4461 1140 4524 a.
1166 4464 1279 4525 alrlrate
1311 4469 1344 4524 ct
1368 4467 1523 4525 corrventu
1548 4462 1733 4524 monasterii

237 4563 450 4628 Cedelicerrsis
474 4564 592 4628 ordinis
626 4571 658 4628 ct
682 4565 761 4628 dioc.
786 4565 1009 4647 predictorum,
1052 4567 1141 4629 cuius
1172 4567 1268 4628 alrlras
1300 4566 1489 4646 paterabbas
1521 4565 1597 4627 clicti
1628 4584 1733 4628 arona-

236 4669 323 4734 sterii
348 4669 517 4749 Auleregie
541 4670 658 4748 existit,
689 4689 811 4733 uecrron
842 4670 979 4751 capitulo
1011 4670 1152 4750 generali
1184 4670 1259 4733 cristi
1291 4670 1411 4732 ordinis
1442 4688 1478 4731 ac
1500 4669 1733 4750 inspectoribus

236 4775 271 4838 ad
294 4773 354 4839 boo
378 4792 435 4855 per
457 4774 575 4837 dictum
597 4774 768 4855 capitulum
793 4774 977 4855 specialiter·
1000 4774 1161 4855 deputatis
1185 4773 1312 4836 babitus
1336 4780 1386 4837 est
1403 4780 1558 4837 tractatus
1584 4792 1619 4837 ac
1635 4774 1733 4838 eciam

237 4878 453 4960 deliberatum,
484 4879 649 4943 dummodo
674 4895 769 4960 super
799 4879 858 4943 hoe
882 4880 920 4940 ab
945 4877 1118 4959 apostolica
1143 4879 1219 4940 sede
1244 4878 1367 4958 possint
1389 4878 1553 4942 licenciam
1578 4879 1732 4960 obtinere,

236 4983 316 5062 quod
338 5000 397 5064 per·
421 4983 506 5063 ipsos
529 4989 667 5046 castrum
690 4989 724 5047 ct
747 4984 829 5047 bona
852 4983 996 5063 predicta
1019 5002 1075 5063 pru
1101 4983 1172 5044 aliis
1196 4983 1286 5046 ironis
1310 4983 1412 5046 eidem
1430 4983 1621 5047 monasterio
1639 4983 1732 5046 dulc-

236 5086 319 5169 regie
343 5086 445 5167 magis
469 5086 599 5150 utilibus
623 5093 656 5149 et
680 5086 792 5151 vicinis
815 5093 849 5150 et
872 5087 1040 5167 presertim
1065 5105 1134 5149 cum
1158 5104 1226 5150 verr.
1251 5086 1286 5149 ir.
1310 5092 1418 5151 nostro
1442 5086 1591 5167 episcopo
1617 5085 1732 5149 Lutlro-

236 5190 395 5272 muslensi,
426 5191 480 5271 qui
511 5191 549 5253 ad
573 5190 631 5256 hoc
664 5192 790 5256 nornine
822 5191 956 5255 ecclesie
988 5209 1044 5254 sue
1070 5191 1344 5255 Lutlrormrslerrsis
1368 5191 1514 5272 intendit,
1549 5198 1585 5254 ut
1608 5191 1732 5272 dicitur,

236 5312 288 5360 sen
338 5295 577 5376 quibuscunque
609 5297 689 5372 aliis,
733 5315 801 5359 cum
836 5295 949 5375 quibus
983 5294 1199 5360 condicionem
1234 5296 1309 5359 dicti
1344 5295 1529 5359 monasterii
1564 5294 1732 5375 rluleregic

236 5399 356 5481 possint
377 5398 541 5465 meliorem
565 5399 679 5480 facere,
712 5405 941 5482 perrrruterrtur.
967 5400 1072 5478 Quare
1095 5420 1152 5482 pro
1176 5406 1267 5482 parte
1292 5400 1431 5481 ipsorum
1455 5398 1579 5462 abbatis
1604 5406 1637 5463 ot
1661 5417 1729 5462 oon·
