3944 6060
241 423 303 488 184
672 405 676 411 ’
837 426 907 477 aaa
927 423 1080 479 mnooenm
1100 424 1149 478 vr.

236 629 388 696 Sdeslaus
406 630 451 694 de
474 627 618 693 Stankau
641 628 828 695 scolasticus
844 632 980 696 ecclesie
1003 632 1173 715 Pragensis
1196 640 1272 699 tunc
1288 636 1442 718 temporis
1465 637 1641 717 obtinebat,
1675 656 1747 703 cnm

236 735 308 816 ipsa
319 752 433 798 vacare
456 734 664 815 contingeret,
690 753 748 816 per
771 735 946 817 apostolice
968 737 1055 801 sedis
1077 738 1312 819 providenciam
1324 739 1474 822 ordinari,
1496 739 1652 806 beneficia
1666 742 1747 826 ipsa,

237 839 311 904 dum
334 837 437 901 adhuc
459 837 545 902 idem
568 835 720 901 Sdeslans
743 833 855 920 ageret
877 839 911 903 in
933 838 1089 922 humanis,
1113 841 1265 906 videlicet
1286 842 1394 907 Xkal.
1419 842 1617 927 Septembris
1640 845 1747 928 ponti·

235 940 348 1007 ficatus
371 942 473 1006 nostri
496 961 523 1005 a.
548 941 696 1023 secundo,
720 943 903 1007 dumtamen
926 944 1113 1009 scolasteris
1136 945 1221 1010 dicte
1245 947 1380 1012 ecclesie
1404 947 1554 1030 dignitas,
1585 965 1744 1031 persona·

235 1054 288 1111 tus
311 1063 368 1110 seu
391 1044 528 1110 officium
550 1045 715 1124 existeret,
739 1046 904 1112 collacioni
927 1053 961 1112 et
982 1048 1187 1131 disposicioni
1210 1055 1318 1115 nostre
1348 1069 1387 1115 ea
1409 1052 1479 1116 vice
1501 1052 1649 1118 duximus
1672 1071 1745 1136 spe·

236 1150 361 1216 cialiter
393 1149 595 1228 reservanda,
631 1150 840 1215 decernentes
874 1158 989 1217 extunc
1019 1153 1144 1218 irritum
1178 1160 1213 1218 et
1246 1155 1350 1236 inane,
1375 1154 1403 1219 si
1433 1173 1525 1220 secus
1559 1158 1745 1239 superbiis

237 1254 545 1336 ....contingeret
574 1255 770 1335 attemptari.
817 1253 894 1318 Cum
924 1255 1033 1336 itaque
1063 1258 1263 1339 postmodum
1295 1259 1499 1324 canonicatus
1525 1266 1560 1324 et
1582 1262 1748 1343 prebenda

236 1358 373 1424 ecclesie
397 1357 570 1440 antedicta,
605 1376 684 1439 quos
713 1357 798 1422 idem
822 1356 974 1423 Sdeslans
1004 1358 1185 1426 huiusmodi
1214 1367 1323 1427 nostre
1345 1364 1577 1431 reservacionis
1600 1371 1747 1448 tempore

235 1464 269 1527 in
292 1462 379 1526 dicta
401 1461 539 1525 ecclesia
561 1462 736 1542 obtinebat,
759 1478 817 1543 par
839 1461 941 1543 ipsius
964 1461 1089 1527 Sdeslai
1106 1464 1235 1543 obitum,
1259 1467 1313 1547 qui
1329 1472 1420 1531 extra
1437 1467 1610 1533 Romanam
1626 1470 1748 1534 cuniam

237 1567 321 1631 diem
337 1566 452 1630 clausit
475 1571 662 1641 extremum,
686 1567 869 1631 vacaverint
891 1573 926 1631 et
948 1573 1062 1632 vacent
1085 1568 1125 1632 ad
1148 1587 1306 1650 presens.
1327 1624 1333 1635 .
1354 1622 1361 1636 .
1381 1622 1399 1653 .‚
1435 1590 1492 1636 nos
1515 1572 1663 1638 volentes
1686 1574 1747 1640 tibi

237 1720 272 1734 ..
319 1721 324 1733 .
345 1669 483 1752 graciam
506 1668 612 1734 lacere
636 1670 816 1752 specialem,
839 1671 1059 1736 canonicatum
1081 1678 1116 1736 et
1138 1674 1331 1754 prebendam
1355 1676 1516 1757 predictos
1532 1678 1577 1742 sic
1593 1684 1748 1744 vacantes

238 1792 407 1839 ....non
430 1772 470 1838 ad
494 1779 581 1837 tuam
604 1773 655 1838 vel
679 1773 812 1839 alterius
835 1793 893 1856 pro
917 1782 949 1840 te
971 1777 1063 1841 nobis
1086 1794 1184 1859 super
1216 1778 1275 1842 hoc
1298 1780 1404 1845 oblate
1430 1781 1600 1862 peticionis
1623 1782 1748 1848 instan-

237 1879 327 1953 ciam,
352 1878 410 1943 sed
434 1878 474 1941 de
497 1897 586 1942 mera
608 1884 717 1944 nostra
740 1878 935 1944 liberalitate
959 1879 1132 1961 apostolica
1156 1882 1214 1947 tibi
1230 1884 1421 1948 auctoritate
1445 1883 1637 1950 conferimus
1653 1887 1747 1952 etde

234 1981 299 2046 illis
323 1981 423 2045 eciam
455 1981 658 2063 providemus
679 2034 685 2046 .
705 2034 711 2047 .
731 2032 765 2046 ..
804 1983 843 2045 D.
867 1983 952 2065 apud
975 1983 1207 2049 Villamnouam
1241 1985 1465 2052 Auinionensis
1496 1988 1575 2052 dioc.
1600 1988 1646 2053 Vl
1667 2008 1748 2055 non.

233 2085 313 2150 Julii
336 2105 363 2148 a.
386 2090 509 2166 quarto.

365 2216 401 2280 In
433 2233 460 2281 e.
491 2237 522 2280 m
526 2264 638 2281 .....
674 2219 781 2282 abbati
815 2218 1002 2283 monasterii
1034 2219 1298 2301 Breunouiensis,
1336 2221 1506 2302 Pragensis
1541 2221 1621 2288 dioc.
1654 2230 1693 2289 et
1713 2275 1749 2299 .‚

233 2320 508 2401 wissegradensis
542 2339 641 2403 prope
673 2321 805 2402 Pragam
837 2339 873 2384 ac
892 2370 926 2385 ..
958 2339 982 2385 s.
1006 2321 1146 2403 Agricoli
1171 2322 1396 2388 Aninionensis
1419 2324 1628 2389 ecclesiarum
1652 2327 1749 2392 deca·

231 2442 282 2489 nrs
302 2477 308 2489 .
329 2476 336 2490 .
356 2475 389 2492 ..

362 2636 393 2689 lt.
414 2639 464 2690 Av.
485 2643 533 2690 134
552 2635 599 2690 fol.
619 2641 676 2688 ⁶223.

233 3065 325 3132 449.
372 3065 488 3145 Epidio
519 3066 660 3148 episcopo
690 3064 858 3130 Sabiaensi
890 3063 1061 3126 mittuntur
1091 3065 1199 3146 copiae
1233 3064 1422 3139 liemarum,
1456 3082 1537 3146 quaa
1566 3063 1695 3129 abadia
1726 3088 1748 3130 a

233 3167 419 3234 Bersabeae
451 3169 488 3234 de
518 3169 751 3234 Vicecomitr'bus
785 3173 814 3231 et
837 3165 1001 3231 chakone
1033 3167 1071 3230 de
1100 3169 1185 3249 Lipa
1217 3167 1387 3232 manauco
1417 3166 1454 3230 de
1483 3164 1660 3250 Ordelasfis
1682 3188 1749 3234 nort

789 3270 987 3355 praestando
1011 3271 1180 3355 wilegam.

1081 3433 1178 3516 abac
1207 3434 1431 3511 Vitamnooam,
1453 3433 1540 3498 1356
1562 3433 1648 3500 Jala·
1668 3436 1701 3500 4.

364 3653 443 3717 Ven.
480 3653 517 3717 lr.
542 3653 657 3735 Egidio
688 3651 837 3733 episcopo
861 3649 1028 3715 Sabinensi
1059 3651 1232 3732 apostolice
1263 3650 1350 3715 sedis
1379 3650 1486 3732 legato
1520 3650 1657 3714 salutem
1681 3656 1747 3716 etc.

232 3758 375 3823 Litteras
406 3764 477 3822 tuas
508 3757 599 3823 nobis
622 3761 824 3838 presentatas
854 3773 913 3835 per
942 3773 1013 3819 ven.
1043 3754 1080 3818 lr.
1111 3761 1254 3819 nostrum
1287 3752 1526 3819 Boniobannem
1557 3755 1746 3837 episcopum

232 3861 423 3944 Firmanum,
438 3862 584 3925 nuncium
602 3866 701 3934 tumn,
717 3860 852 3925 latorem
868 3859 1078 3940 presencium,
1102 3864 1136 3922 et
1158 3859 1261 3939 ipsum
1285 3876 1409 3939 quoque
1433 3858 1581 3923 nuncium
1605 3859 1746 3942 benigne

230 3965 408 4046 recepimus
439 3971 473 4028 et
502 3983 562 4045 que
585 3965 670 4027 idem
692 3963 861 4045 episcopus
883 3963 974 4026 nobis
997 3981 1053 4043 pro
1076 3967 1167 4043 parte
1191 3967 1247 4026 tua
1270 3961 1416 4044 exposuit
1440 3962 1512 4025 viva
1534 3979 1622 4043 voce,
1645 3963 1746 4028 intel·

231 4070 366 4134 lenimus
390 4069 561 4151 diligenter
584 4086 621 4130 ac
643 4067 705 4148 ipsi
729 4067 878 4147 episcopo
902 4084 999 4147 super
1022 4067 1069 4129 eis
1093 4065 1193 4129 eciam
1217 4067 1313 4130 verbo
1336 4065 1571 4147 respondimus,
1593 4065 1679 4130 sicut
1704 4068 1746 4132 ab

231 4193 270 4239 eo
294 4174 405 4238 audies
429 4173 529 4254 magis
553 4171 656 4253 plene.
702 4170 750 4233 Ad
782 4170 958 4234 tollendum
989 4176 1095 4233 autem
1128 4168 1192 4234 filio
1216 4169 1486 4235 abhominacionis
1508 4169 1678 4235 Francisco
1704 4171 1746 4235 da

232 4276 404 4342 Ordelaftis
438 4278 499 4341 civi
535 4275 726 4340 Forliuiensi
749 4272 874 4337 favores
898 4280 933 4337 et
956 4273 1084 4348 auxilia,
1119 4291 1179 4354 que
1207 4274 1268 4337 sibi
1291 4291 1349 4354 per
1379 4273 1431 4338 dd.
1455 4272 1484 4337 ff.
1508 4273 1631 4337 nobiles
1656 4273 1745 4341 viros

232 4383 451 4446 Bernabonem
465 4382 505 4445 de
518 4377 764 4445 vicecomitibus
777 4383 811 4440 et
823 4376 1006 4440 Zenlronem
1019 4377 1059 4440 de
1071 4377 1173 4459 Lippa
1188 4378 1308 4441 milites
1324 4377 1558 4458 impenduntur,
1574 4379 1745 4446 scribimus

232 4487 337 4550 eidem
353 4485 532 4549 Bernaboni
549 4490 582 4546 et
598 4482 771 4545 carissimis
794 4481 827 4544 in
844 4480 970 4545 Christo
982 4480 1056 4545 filiis
1068 4482 1185 4545 nostris
1203 4480 1316 4545 Carolo
1328 4481 1513 4562 imperatori
1526 4481 1745 4549 Romanorum

232 4607 359 4670 semper
382 4594 516 4670 augusto
540 4593 573 4650 et
597 4586 755 4650 Kasimiro
778 4584 846 4667 regi
870 4585 999 4650 Polonic
1022 4584 1140 4648 illustri
1164 4603 1221 4666 per
1245 4586 1324 4649 alias
1348 4591 1474 4649 nostras
1497 4584 1635 4663 litteras,
1665 4605 1746 4668 qua-

233 4711 302 4756 rum
326 4693 433 4774 copias
457 4691 611 4754 mittimus
634 4690 693 4753 tibi
717 4689 919 4770 presentibus
943 4689 1142 4752 interclusas.
1166 4688 1337 4753 Scribimus
1361 4689 1462 4752 eciam
1486 4689 1537 4752 dd.
1562 4688 1595 4753 ff.
1620 4691 1741 4759 nobili-

232 4798 292 4860 bus
315 4796 392 4860 viris
411 4848 445 4861 ..
471 4796 541 4860 duci
567 4795 776 4858 Vcncciarum
806 4800 839 4858 et
862 4792 1054 4875 Canigrandi
1078 4793 1246 4856 Delascala
1270 4811 1366 4874 super
1388 4791 1611 4873 predicacione
1636 4797 1745 4861 crucis

233 4906 267 4964 et
290 4900 473 4963 victualium
496 4900 665 4964 eveccione
697 4898 874 4980 prohibitio,
906 4916 1002 4979 super
1033 4898 1147 4976 quilius
1174 4897 1259 4960 idem
1282 4898 1346 4960 dux
1368 4900 1469 4960 eciam
1491 4897 1582 4962 nobis
1606 4899 1745 4981 scripsit

233 5021 292 5087 per
310 5003 436 5067 litteras
449 5022 531 5084 suas,
554 5022 632 5083 quas
655 5011 689 5066 et
712 5003 819 5084 copias
841 5002 1030 5081 litterarum,
1054 5018 1131 5080 quas
1154 5018 1212 5064 nos
1236 5000 1329 5064 dictis
1349 5050 1382 5063 ..
1407 5000 1479 5063 (luci
1502 5006 1536 5065 et
1548 4999 1747 5081 Ganigrandi

235 5108 409 5189 dirigimus
434 5108 492 5171 tibi
515 5126 578 5171 una
601 5127 671 5171 cum
695 5106 897 5188 presentibus
921 5105 1126 5168 destinamus.
1157 5104 1309 5168 Preterea
1331 5102 1565 5168 venerabilibus
1589 5104 1748 5174 iratribus

234 5212 353 5277 nostris
377 5211 615 5293 archiepiscopo
639 5210 791 5292 Progensi
826 5219 861 5273 et
890 5209 1038 5291 episcopo
1070 5206 1273 5271 Olornucensi
1297 5207 1407 5271 (lamus
1430 5226 1488 5289 per
1511 5206 1591 5271 alias
1614 5216 1747 5277 nostras

233 5315 360 5380 litteras
382 5316 415 5379 in
439 5315 606 5396 mandatis,
629 5324 665 5378 ut
687 5315 822 5378 cundem
846 5313 1028 5377 Zenkonem
1059 5313 1249 5377 anctoritate
1273 5318 1383 5377 nostra
1405 5317 1555 5376 moneant
1577 5320 1612 5377 et
1634 5316 1745 5397 requi-
