3944 6060
650 433 715 484 1311
735 427 893 485 Decembris
912 434 928 482 8
948 458 978 470 -
998 427 1156 483 Decembris
1176 433 1216 482 15.

312 641 357 706 Et
379 640 448 705 siue
470 639 535 705 alia
557 641 708 705 leccione.

185 937 274 1016 dioc„
298 940 455 1016 quatenus
478 934 540 998 sibi
562 935 700 1016 graciam
729 933 885 999 iacientes
915 931 1095 1016 specialem,
1120 931 1150 995 ei
1174 931 1213 995 de
1246 931 1432 996 canonicatu
1456 937 1491 994 et
1521 931 1684 1012 prebenda

184 1042 216 1105 in
239 1039 375 1105 ecclesia
397 1038 640 1104 Olomuaczensi
656 1038 828 1121 dignemini
850 1038 1026 1120 providere,
1042 1037 1245 1118 prebendam,
1269 1036 1297 1099 si
1313 1055 1375 1117 qua
1390 1042 1483 1100 vacat
1498 1036 1538 1099 ad
1554 1051 1687 1116 presens

184 1145 232 1208 vel
255 1144 413 1225 quamcito
436 1160 549 1207 vacare
572 1143 752 1225 contigerit,
776 1141 943 1207 donaciani
967 1140 1141 1223 apostolice
1164 1145 1375 1222 reservantes,
1404 1158 1473 1203 cum
1490 1138 1683 1203 inhibicione

185 1254 219 1313 et
240 1249 368 1314 decreto
392 1253 425 1312 et
448 1247 590 1312 clausula
612 1246 765 1311 anteferri
787 1251 824 1310 ut
847 1247 879 1311 in
900 1245 1002 1310 torma
1024 1249 1144 1309 etcum
1167 1236 1238 1308 aliis
1254 1261 1316 1308 non
1333 1243 1533 1309 obstantibus
1549 1247 1584 1307 et
1599 1244 1684 1306 clau-

185 1353 262 1418 sulis
286 1352 450 1435 oportunis
473 1357 507 1417 et
529 1351 748 1418 commissione
771 1350 926 1415 examinis
950 1350 991 1414 ad
1013 1355 1131 1433 partes.

316 1456 389 1521 Fiat
413 1457 452 1522 de
476 1475 537 1522 non
562 1454 746 1521 cancellatis
770 1455 807 1520 G.
831 1454 875 1520 Et
896 1454 966 1518 siue
989 1453 1053 1518 alia
1074 1453 1226 1519 leccione.
1250 1453 1322 1517 Fiat
1345 1453 1381 1518 G.

314 1561 352 1625 D.
377 1560 537 1627 duiuione
560 1559 635 1625 XIX
657 1559 721 1625 kal.
746 1557 892 1624 Jauuarii
922 1577 951 1624 a.
974 1577 1067 1624 nono.

314 1749 345 1803 R.
365 1748 468 1818 Suppl.¹
488 1756 521 1804 33
549 1749 596 1803 tol.
623 1746 692 1805 274⁴.
720 1779 754 1789 -
773 1750 798 1814 Ι)
817 1747 860 1802 Ad
883 1747 966 1802 istam
984 1747 1181 1801 resolutionem
1210 1761 1331 1816 aequem
1355 1747 1384 1803 in
1411 1761 1494 1816 marg.
1524 1747 1583 1800 alia
1601 1762 1682 1800 mauu

187 1835 288 1905 scripta
306 1835 446 1890 adnotatio
465 1835 596 1905 pertinet:
633 1834 700 1899 ,llec
718 1841 762 1889 est
778 1833 922 1904 responsio
942 1849 1014 1903 pape
1036 1834 1064 1886 in
1083 1834 1221 1903 originali,
1247 1840 1276 1889 et
1295 1835 1336 1889 sic
1353 1841 1413 1889 erat
1431 1834 1606 1904 cancella[ta]
1625 1850 1688 1902 sup-

186 1922 306 1991 plicatio.
337 1923 390 1977 «Ιο.ι
426 1921 598 1991 Supplicatio
630 1921 686 1976 ista
712 1922 793 1977 etiam
822 1922 868 1976 hic
892 1929 935 1976 est
965 1921 1125 1975 cancellata.
1156 1922 1183 1989 b)
1213 1921 1265 1986 ‚vel
1295 1922 1346 1976 vel·
1377 1921 1470 1990 Suppl.
1506 1931 1529 1987 “t
1561 1920 1693 1990 Corrige²

188 2009 355 2076 ,Conraduet

188 2289 305 2356 1281.
331 2287 489 2354 Nicotaus
521 2287 728 2354 scholasticus
750 2289 925 2370 Propensis
953 2288 1125 2372 mrpplicat,
1156 2292 1311 2369 eumenus
1334 2290 1439 2373 nepoti
1461 2310 1517 2354 suo
1541 2289 1689 2355 Andreae
1787 2351 1790 2356 .

192 2391 293 2458 Utrici
315 2392 352 2456 dc
377 2394 561 2474 Gtatoaia·)
584 2391 696 2459 clerico
720 2393 896 2474 Propensis
919 2393 996 2457 dioc.
1014 2393 1052 2457 rte
1065 2393 1255 2458 canonicatu
1269 2392 1421 2459 ecclesiae
1444 2393 1689 2460 Balestaoiensis

187 2495 289 2562 dictae
322 2498 400 2562 diac.
425 2517 495 2562 curn
528 2498 740 2562 reservatione
769 2497 972 2580 praebendae
996 2497 1215 2580 provideatur.
1250 2535 1293 2544 —
1332 2498 1429 2578 „Fiat
1455 2498 1493 2564 G.
1540 2499 1584 2562 Et
1604 2499 1687 2581 quod

191 2606 335 2666 transeat
357 2603 425 2666 sine
448 2601 514 2667 atio
538 2600 680 2667 lecciom.
725 2603 801 2666 mar
824 2599 863 2666 G.
909 2603 1044 2667 Etcum
1077 2602 1292 2667 comnsissione
1325 2602 1481 2666 examinis
1504 2602 1691 2685 adportes.

475 2705 550 2771 Fiat
576 2707 614 2772 G.
639 2706 681 2772 D.
704 2705 861 2772 Aninionc
885 2703 964 2772 XIX
986 2705 1049 2772 irat.
1072 2704 1230 2772 ,Ianuarii
1251 2728 1281 2772 a.
1305 2708 1413 2772 nona·¹

1094 2843 1257 2927 Asiniane,
1278 2846 1365 2910 1361
1389 2843 1573 2910 Decembris
1599 2845 1647 2909 14.

317 3035 349 3089 R.
368 3034 462 3104 Suppl.
482 3038 514 3089 33
535 3029 668 3088 101231.
692 3065 718 3076 -
740 3037 767 3102 ι)
784 3030 881 3099 ,Vlrici
901 3032 935 3088 de
953 3033 1109 3114 Glatlrouia‘
1128 3033 1225 3103 Suppl.

190 3332 308 3399 1282.
333 3330 450 3394 Abbati
472 3332 657 3396 monasterii
678 3331 712 3396 in
736 3330 948 3415 Pittfeninpn
975 3321 1217 3414 Ratisponcnsis
1232 3333 1311 3397 dioc.
1327 3333 1510 3411 mandatur,
1535 3338 1689 3415 quaternas

189 3432 336 3500 Conrado
360 3435 694 3518 dellontepneltarum
711 3437 859 3501 canonico
881 3435 1027 3501 eeclesiae
1051 3435 1305 3518 ltatisponensis,
1327 3437 1480 3518 nroys'stro
1502 3437 1537 3501 in
1552 3437 1685 3519 artibus,

190 3539 358 3603 adsedem
391 3536 596 3621 apostolicam
615 3589 648 3605 ..
673 3588 680 3603 .
706 3590 712 3602 .
743 3561 804 3622 per
839 3539 988 3606 Curatum
1022 3543 1237 3605 Romanorum
1270 3541 1492 3623 imperatorem
1518 3589 1554 3605 ..
1582 3591 1620 3606 ..
1654 3562 1691 3606 ac

189 3640 358 3707 Bobemr'ae
388 3662 492 3722 renem
524 3643 750 3708 arabassiatori
771 3643 940 3727 destinato,
970 3644 1230 3728 praeposituram
1264 3643 1413 3708 ecclesiae
1445 3643 1688 3725 Ratisponensis

190 3751 263 3810 tunc
283 3749 449 3811 vacantem
472 3750 629 3826 conferat.
678 3749 836 3831 ¹‚Dr'pnum
870 3749 1085 3814 arbitramur“
1121 3749 1182 3828 πΙ).
1207 3747 1364 3814 Aninione
1386 3745 1522 3814 XVIIII
1542 3748 1604 3812 bat.
1628 3751 1690 3815 ,la

792 3852 904 3916 nuarii
926 3873 957 3916 a.
981 3854 1088 3918 nono.“

237 3987 330 4071 „Sine
351 3991 461 4055 tana.“
1092 3991 1255 4066 Acinione,
1281 3992 1360 4055 1361
1388 3990 1570 4055 Decembris
1594 3993 1643 4055 14.

319 4178 351 4232 R.
370 4179 419 4231 Aa.
442 4183 488 4232 141
506 4178 553 4232 fol.
572 4181 632 4233 330.
652 4208 683 4218 -
703 4185 729 4248 ⁸)
747 4159 887 4248 ,Prudinp‘
905 4180 954 4232 Ar.
974 4209 1004 4218 -
1025 4178 1196 4248 Supplicatio
1215 4178 1348 4247 praedicti
1367 4177 1486 4234 Conradi
1507 4194 1555 4235 cro
1574 4193 1692 4248 praepo·

192 4265 279 4319 situra
298 4264 421 4334 praelata
439 4273 467 4319 et
484 4282 533 4334 pro
552 4265 713 4320 canonicatu
733 4271 760 4320 et
778 4265 936 4334 praebenda
953 4265 1087 4320 ecclesiae
1106 4265 1278 4321 Patarieusis
1308 4266 1336 4319 in
1356 4266 1388 4320 R.
1408 4266 1503 4334 Suppl.
1524 4272 1557 4319 33
1575 4265 1623 4320 sol.
1642 4272 1691 4319 296

192 4352 334 4422 reperitur.

193 4632 310 4700 1283.
334 4631 492 4715 Episcopo
515 4630 770 4697 Lutbomustcnsi
791 4632 975 4716 mandatur,
998 4637 1154 4714 quatenns
1178 4629 1322 4699 Conrado
1345 4631 1382 4696 ite
1407 4631 1692 4717 Montepuetlarnm

194 4735 422 4802 ambassiatori
454 4733 797 4818 caroliaonanorum
819 4739 1021 4820 imperatoris
1044 4757 1082 4801 ac
1105 4735 1276 4802 Bobemiae
1306 4738 1397 4817 repis,
1423 4737 1591 4801 adsedem
1614 4756 1688 4819 apo·

192 4840 337 4906 italicam
354 4860 416 4924 pra
438 4842 530 4906 certis
554 4841 686 4921 nepotiis
709 4840 875 4921 destinato,
899 4841 1118 4906 canonicatum
1140 4845 1170 4905 et
1187 4840 1404 4924 praebendam
1420 4840 1568 4906 ecclesiae
1593 4843 1694 4907 Pata·

192 4946 318 5026 omneis,
347 4950 422 5010 tunc
443 4948 601 5019 vacantes,
625 4947 778 5024 conserat.
827 4945 987 5026 ,Dipnum
1010 4944 1226 5009 arbitramur·
1266 4944 1440 5028 „Aninione
1471 4942 1504 5003 X
1511 4944 1608 5010 VIIII
1625 4945 1689 5011 aaa.
1787 4985 1790 4988 -

210 5138 212 5144 Ι
263 5087 296 5172 Ξ
769 5049 927 5115 Januarii
949 5069 978 5114 a.
1002 5051 1109 5114 nono.¹‘

241 5190 309 5241 .x.
1098 5188 1261 5271 Aninione,
1288 5189 1369 5252 1361
1394 5187 1573 5251 Decembris
1599 5190 1648 5252 14.

328 5326 359 5380 a.
382 5331 429 5380 Ar.
451 5331 498 5381 147
519 5325 565 5380 tol.
584 5320 653 5379 445⁴.
