3944 6060
744 401 811 452 rasa
829 398 934 467 Aprilis
956 403 988 452 ra
1003 399 1116 454 -Maii
1134 407 1159 454 a.
1644 403 1706 469 139

201 604 338 684 Ideoque
368 603 600 669 fraternitatem
634 611 720 670 tnam
753 612 876 674 attente
906 627 1061 690 rogamus,
1085 608 1233 688 quatinus
1264 609 1302 672 ad
1327 609 1488 673 civitatem
1515 610 1649 673 eandem
1672 617 1705 674 et

200 707 349 789 populum
371 708 577 773 christianum
602 710 641 773 ad
665 709 751 773 illius
764 712 939 776 custodiam
951 712 1137 792 deputatum
1161 713 1267 776 oculos
1299 718 1353 776 tue
1383 713 1514 794 pietatis
1547 715 1704 795 aperiens,

201 812 284 892 apud
315 812 537 894 imperatorem
565 814 709 891 eundem,
746 816 829 894 quod
859 814 976 879 uostris
1007 816 1039 878 in
1069 816 1128 879 hac
1151 823 1241 897 parte
1272 817 1555 882 intercessionibus
1586 823 1705 882 annuat

200 934 255 996 pro
278 916 386 980 diuina
409 922 443 981 et
464 923 574 982 nostra
596 937 632 982 ac
656 919 829 999 apostolice
854 920 940 983 sedis
970 921 1151 984 reverentia
1174 928 1208 985 et
1230 927 1285 984 tue
1309 921 1566 986 consideracione
1590 923 1705 986 salutis

201 1019 256 1082 des
279 1038 408 1102 operam
431 1020 595 1086 efficacem
618 1028 652 1086 et
674 1028 708 1086 tu
733 1042 856 1103 quoque
873 1024 912 1087 de
935 1024 1000 1088 tuis
1024 1024 1228 1090 facultatibus
1259 1025 1410 1089 auxilinm
1434 1025 1577 1090 conferas
1601 1032 1634 1089 et
1656 1027 1703 1088 in-

201 1141 320 1187 vamen.
348 1125 421 1205 n.·)
444 1125 528 1206 apud
547 1124 775 1190 Villamnonam
792 1127 1017 1193 sulmonensis
1040 1127 1160 1209 diocli
1183 1148 1254 1192 rron.
1280 1129 1356 1192 Maii
1380 1149 1406 1193 a.
1432 1131 1542 1194 tercio.

331 1261 368 1324 ln
391 1280 419 1326 e.
443 1282 483 1326 m.
509 1282 577 1328 ven.
603 1264 639 1329 fr.
663 1265 800 1329 Iohanni
824 1267 972 1349 episcopo
996 1267 1209 1333 Olomucensi.

332 1382 367 1447 ln
391 1401 418 1448 e.
444 1403 482 1448 m.
497 1386 523 1467 c)
548 1404 615 1450 ven.
640 1387 676 1450 fr.
702 1389 838 1453 Amesto
862 1388 1101 1471 archiepiscopo
1125 1391 1287 1473 Pragensi.

331 1504 411 1570 Item
436 1508 468 1570 in
492 1526 519 1572 e.
544 1528 583 1572 m.
608 1509 737 1573 venir.
762 1509 949 1576 Marchardo
972 1511 1121 1594 episcopo
1145 1512 1346 1594 augustensi.

331 1645 412 1710 Item
437 1649 467 1711 in
491 1667 519 1711 e.
544 1669 582 1712 m.
608 1651 738 1713 mutatis
755 1652 914 1715 mutandis
930 1651 959 1714 d.
977 1651 996 1714 f.
1014 1652 1113 1716 nobili
1129 1651 1196 1715 viro
1212 1651 1348 1716 Iohanni
1366 1651 1552 1734 [triarchioni
1570 1652 1700 1717 Montis·

198 1750 336 1836 ferrati}

330 1941 360 1994 R.
387 1941 445 1996 Vat.
470 1947 520 1995 237
540 1942 585 1995 fol.
606 1949 656 2007 92¹,
683 1943 713 1996 R.
734 1944 794 1996 Vat.
814 1950 866 1997 244
884 1943 907 1995 E
926 1943 1059 2009 (Archet.)
1078 1960 1117 1997 nr.
1129 1949 1187 2007 355,
1208 1944 1253 1998 nbi
1263 1946 1289 1997 in
1301 1952 1392 2014 tergo:
1414 1962 1484 2011 ,non
1499 1946 1565 2000 Maii
1578 1963 1603 2000 a.
1616 1947 1701 2001 tercio

197 2027 230 2079 R.
250 2030 300 2081 30‘.
321 2058 354 2068 -
374 2031 398 2093 ἃ)
418 2029 559 2097 Sequitur:
586 2030 739 2094 ,buinion‘¹
767 2029 815 2084 sed
834 2031 1015 2085 cancellatum
1042 2033 1069 2084 in
1089 2032 1198 2085 Archet.
1219 2033 1244 2095 b)
1264 2032 1405 2100 Sequitur:
1426 2034 1504 2100 ,llll‘,
1526 2033 1574 2088 sed
1594 2033 1698 2087 cancel-

195 2111 285 2167 latum
304 2115 332 2169 in
351 2117 459 2188 drcbet.
480 2121 502 2183 c)
521 2117 597 2180 ,ltem
616 2117 643 2169 in
663 2133 684 2169 e
705 2124 748 2169 m.‘
768 2117 877 2172 Archet.
902 2149 926 2155 -
952 2120 969 2182 ¹)
990 2118 1066 2171 Conf.
1087 2118 1251 2188 Werunalry,
1272 2124 1405 2188 Excerpta
1424 2137 1463 2173 nr.
1483 2127 1533 2174 333
1552 2129 1579 2173 et
1598 2120 1702 2184 Haben,

197 2201 264 2269 Bag.
285 2204 351 2271 Imp.
373 2203 437 2256 VIII
456 2219 516 2272 pag.
537 2209 586 2258 784
606 2220 646 2257 ur.
666 2210 725 2258 272.

849 2401 1053 2410 *-

189 2571 290 2636 342.
318 2568 451 2635 Carolus
475 2573 688 2635 Romanorum
711 2576 739 2633 et
764 2571 935 2635 Belemina
957 2591 1014 2635 rec
1035 2572 1207 2654 supplicat,
1232 2578 1387 2655 quotenus
1407 2595 1497 2657 papa
1510 2579 1638 2657 partem
1652 2573 1701 2640 la·

182 2673 285 2754 pislis
308 2673 347 2737 cle
368 2675 497 2738 ecclesio
518 2698 538 2738 o
562 2696 586 2738 s.
612 2677 703 2739 Petro
723 2695 821 2756 prope
845 2678 941 2739 Pisas
958 2675 1105 2760 fundata
1120 2677 1266 2741 ecclesiae
1291 2678 1527 2758 Is'isscprorleasi
1542 2678 1581 2742 ab
1596 2680 1701 2744 eodem

189 2799 270 2858 repe
285 2779 437 2842 dormtum
452 2783 605 2842 mnsecrct
620 2779 835 2863 indulpenticrs
851 2781 980 2845 eandem
996 2782 1200 2846 visitantibus
1213 2782 1412 2846 concedendo.
1436 2784 1514 2846 Item
1530 2783 1701 2865 supplebat,

409 2887 562 2965 quotenus
585 2885 732 2948 ccclesiae
762 2885 1003 2965 vissepradeasi
1023 2891 1253 2951 conservatores
1276 2887 1494 2952 concedantur.

1233 3025 1391 3104 sannae,
1414 3027 1500 3091 ress
1523 3027 1607 3091 Mais·
1628 3030 1657 3092 a.

332 3211 495 3294 Significat
516 3211 556 3276 8¹¹
580 3213 634 3275 ΨΘ
657 3212 790 3276 devotus
814 3213 897 3278 tilius
921 3221 1027 3278 vester
1050 3215 1186 3278 Karolus
1212 3216 1420 3280 Rornanorum
1444 3218 1618 3281 etBoemie
1635 3234 1701 3297 rex,

183 3317 284 3396 qnod
309 3317 382 3379 dum
406 3318 475 3397 ipse
498 3334 600 3398 nuper
625 3317 706 3380 Pisis
737 3320 888 3388 existens,
920 3318 1087 3381 ecclesiam
1118 3337 1142 3382 s.
1169 3320 1253 3382 Petri
1278 3320 1318 3383 ad
1341 3321 1458 3401 gradus
1480 3339 1578 3401 prope
1601 3321 1701 3398 Pisas,

180 3421 239 3484 aad
264 3439 358 3500 qnam
393 3421 515 3502 magnis
538 3422 648 3501 eciam,
682 3422 765 3485 sicut
795 3421 920 3503 publice
943 3421 1053 3503 fertur,
1087 3423 1360 3505 indulgenciarum
1383 3425 1566 3489 muneribus
1589 3425 1700 3505 predo·

179 3530 301 3590 tatam
323 3527 459 3590 maxima
482 3545 543 3590 non
568 3526 667 3591 solum
690 3525 730 3588 de
754 3525 836 3588 Pisis
860 3526 917 3589 sed
941 3527 980 3591 de
1004 3526 1234 3591 circumvicinis
1258 3528 1401 3608 partibus
1425 3533 1459 3590 et
1481 3527 1650 3609 presertim
1670 3529 1700 3591 in

178 3628 301 3714 ipsius
326 3650 341 3696 s
374 3632 460 3696 Petri
483 3637 518 3696 et
540 3631 636 3694 certis
660 3630 731 3694 aliis
754 3628 983 3695 festivitatibus
1007 3631 1142 3711 aliisque
1164 3632 1264 3696 eciam
1287 3631 1482 3713 temporibus
1498 3630 1631 3695 confluit
1647 3650 1700 3713 po-

174 3736 266 3815 puli
289 3736 469 3810 multitudo,
504 3735 536 3798 in
567 3734 748 3799 devocionis
777 3734 891 3815 spiritu
915 3735 1069 3814 visitaret,
1091 3740 1156 3798 tam
1179 3753 1218 3798 ex
1242 3735 1381 3817 vulgaris
1404 3735 1593 3800 assercionis
1616 3733 1700 3798 fama
1765 3757 1768 3761 ·

175 3857 293 3921 (qnam
329 3858 388 3922 per
410 3840 566 3921 quoddam
589 3839 741 3920 scripturn
765 3838 822 3901 sub
846 3839 940 3902 titulo
964 3838 1085 3920 prologi
1109 3857 1134 3903 s.
1159 3838 1285 3902 Ysidori
1320 3838 1359 3902 de
1383 3856 1407 3901 s.
1432 3838 1526 3903 Petro
1557 3838 1700 3920 apostolo

172 3943 365 4027 sigillatim
387 3945 632 4016 denominatum,
656 3942 763 4023 ibique
779 3948 940 4023 repertum
956 3943 1109 4024 percepit,
1133 3943 1215 4023 quod
1232 3943 1301 4024 ipse
1318 3944 1430 4007 beatus
1446 3942 1559 4006 Petrus
1576 3939 1700 4023 apesto-

171 4038 302 4112 lorum
325 4047 473 4128 princcps
495 4053 568 4129 post
590 4044 753 4110 fundatam
777 4062 833 4126 per
856 4062 927 4108 eum
951 4046 1009 4109 sub
1033 4044 1165 4109 Claudio
1190 4063 1318 4109 caesare
1342 4045 1626 4121 Anchiocensem·)
1650 4062 1699 4107 ec-

169 4152 330 4216 clesiam
354 4151 483 4215 iubente
507 4151 566 4215 deo
591 4168 700 4214 versus
724 4167 845 4212 sacram
869 4152 976 4214 urbem
1000 4150 1173 4215 Romanam
1198 4168 1232 4212 se
1257 4147 1461 4230 transferens
1488 4149 1578 4213 Pisas
1602 4148 1700 4230 appli-

167 4257 264 4322 cuit
288 4262 324 4320 et
346 4256 390 4320 ibi
414 4256 496 4319 circa
519 4274 575 4320 sex
598 4255 751 4319 mensium
776 4255 916 4336 spacium
941 4273 1140 4336 permanens,
1165 4253 1321 4335 prefatam
1345 4254 1512 4317 ecclesiam
1529 4255 1567 4316 ad
1585 4253 1701 4334 gratim

164 4354 241 4426 ibi
267 4359 366 4424 vicini
396 4363 471 4423 tunc
500 4359 596 4424 marla
627 4366 661 4423 et
683 4377 781 4440 prope
813 4357 933 4422 llmnen
956 4359 1033 4422 Arni
1058 4358 1244 4433 construxit,
1280 4375 1316 4419 ac
1340 4358 1372 4419 in
1396 4358 1528 4437 quodam
1552 4357 1645 4420 altari
1670 4357 1701 4420 iu

163 4465 304 4530 Inedio
328 4463 430 4545 ipsius
452 4463 586 4528 ecclesie
610 4480 668 4544 per
690 4481 761 4526 eum
784 4461 916 4527 fundato
951 4462 1051 4544 primo
1075 4467 1147 4541 post
1170 4461 1239 4525 eius
1263 4460 1432 4524 transitum
1456 4461 1536 4524 citra
1558 4478 1644 4524 mare
1669 4467 1702 4524 et

163 4571 434 4648 &obsequenter
456 4567 563 4649 sepius
586 4566 751 4631 mIssarum
768 4567 912 4632 solennia
928 4567 1110 4648 celebravit,
1133 4566 1278 4646 quodque
1295 4566 1493 4647 postmodum
1510 4564 1550 4629 ad
1565 4565 1702 4630 martirii

162 4669 333 4756 gloriam
356 4671 388 4734 in
411 4672 482 4752 ipsa
504 4673 580 4736 urbe
604 4670 803 4753 perveniens,
828 4670 994 4735 ecclesiam
1018 4671 1128 4752 ipsam,
1163 4686 1257 4749 quarn
1280 4668 1362 4733 Pisis
1385 4668 1583 4747 fundaverat,
1608 4669 1700 4733 disci-

163 4777 347 4855 pinorum
371 4792 497 4839 suorum
521 4793 604 4856 cure,
637 4779 673 4838 ut
695 4794 763 4838 eam
787 4775 906 4839 crebris
930 4775 1099 4838 visitarent
1122 4773 1292 4856 obsequiis,
1327 4772 1465 4837 fideliter
1487 4772 1702 4852 comendavit3

160 4881 251 4962 qni
274 4899 347 4943 cum
371 4878 462 4960 regni
485 4876 630 4960 celestis
645 4878 738 4942 'cuius
761 4878 866 4943 claves
890 4878 1013 4959 accepit
1036 4897 1054 4940 a
1078 4876 1203 4941 domino
1227 4875 1352 4940 ianuam
1377 4875 1452 4939 felix
1475 4876 1593 4940 ianitor
1615 4882 1703 4940 esset

166 4974 374 5065 ingressus,
409 4983 522 5045 beatus
546 4981 692 5045 Clemens
716 5000 798 5062 papa
827 4982 858 5045 ei
880 4981 913 5045 in
937 4981 1117 5063 apostolatu
1149 4982 1322 5044 succedens
1357 4980 1523 5044 ecclesiam
1546 4980 1647 5061 ipsam
1671 4980 1702 5043 in

166 5078 302 5170 ipsius
333 5085 419 5150 beati
450 5085 536 5150 Petri
559 5085 678 5150 honore
702 5091 736 5149 et
759 5086 883 5149 nomine
915 5086 1083 5165 dedicavit,
1118 5085 1353 5165 propterquod
1376 5084 1481 5147 dictus
1504 5102 1559 5146 rex
1578 5088 1702 5154 ,certam

175 5198 325 5268 partem
360 5188 476 5271 lapidis
507 5207 564 5253 seu
599 5189 724 5270 lapidee
755 5189 874 5269 tabule,
908 5208 1000 5269 qnam
1030 5190 1114 5252 idem
1147 5189 1265 5269 primus
1297 5187 1412 5251 Christi
1440 5188 1575 5251 vicarius
1598 5187 1701 5250 eidem

178 5294 296 5358 alatri
319 5293 508 5377 imposuisse
532 5293 656 5376 dicitur,
678 5311 737 5377 per
760 5294 972 5357 verrerabilem
988 5292 1164 5356 lohannem
1184 5293 1330 5355 Pisanum
1354 5290 1624 5372 archiepiscopum
1642 5291 1703 5355 sibi
