3990 6052
762 416 828 468 ress
845 407 939 469 marti
957 419 991 469 ns
1012 446 1042 454 -
1061 413 1165 484 Aprilis
1187 420 1227 471 ro.
1688 417 1746 485 137

245 623 337 689 337.
362 621 603 706 Arobtepiscopo
635 625 792 706 l'rapensi
814 625 998 703 manaan,
1032 631 1186 709 quatenns
1223 627 1383 691 occasione
1415 627 1588 692 exactionis
1611 627 1749 692 decimae

244 723 355 789 Carolo
381 727 591 791 ltamanonnn
613 727 682 808 regi
704 748 865 794 concessae
886 729 992 794 monia
1013 729 1162 811 beneficia
1185 729 1401 794 ecclesiastico
1422 730 1603 814 significare
1626 735 1657 794 et
1668 751 1747 813 par·

243 835 312 910 tent,
334 830 466 911 qnaede
487 830 667 896 bninsmodi
681 832 804 898 decima
820 855 979 900 cameram
1006 835 1208 917 apostoticam
1235 834 1394 914 continuit,
1417 835 1561 902 Jobanni
1589 835 1743 899 Padnano

623 939 920 1019 apostolicaesedis
943 940 1051 1002 nuntio
1074 940 1201 1003 tradere
1222 938 1356 1001 studeat.

1211 1095 1373 1168 Aninionc,
1397 1097 1481 1158 1355
1505 1095 1628 1177 Aprilis
1652 1098 1701 1159 lb'.

375 1299 452 1363 Ven.
477 1299 513 1364 fr.
549 1302 841 1386 ..archiepiscopo
863 1303 1058 1385 Prageusiet
1081 1304 1131 1367 dd.
1155 1302 1186 1365 li.
1212 1303 1281 1366 eius
1315 1302 1347 1365 iu
1384 1301 1603 1383 spiritualibus
1631 1300 1747 1365 vicario

245 1421 281 1466 ac
299 1452 333 1485 ,.
357 1403 484 1469 officiali
508 1406 642 1472 saltitem
666 1413 727 1471 etc.
773 1407 817 1472 Ut
839 1407 967 1472 exaccio
996 1407 1117 1471 decime
1140 1425 1198 1489 per
1219 1424 1276 1472 nos
1310 1407 1342 1470 in
1366 1423 1464 1488 regno
1496 1404 1625 1470 Boemie
1649 1405 1745 1469 caris·

245 1507 378 1571 simoin
402 1507 530 1574 Christo
552 1508 618 1576 lilio
641 1517 749 1577 nostro
774 1511 887 1577 Carolo
909 1512 978 1593 regi
1001 1512 1212 1575 Romanorum
1242 1510 1361 1575 illustri
1383 1528 1441 1591 per
1464 1510 1572 1574 sedem
1595 1508 1747 1591 apostoli·

246 1629 313 1674 carn
336 1612 478 1694 graciose
503 1632 652 1681 concesse
676 1616 829 1698 procedat
851 1615 961 1698 purius
985 1621 1019 1680 et
1041 1615 1074 1679 in
1097 1633 1136 1679 ea
1159 1620 1271 1681 contra
1285 1615 1497 1679 intencionem
1521 1619 1661 1678 nostram
1677 1632 1745 1696 gra-

247 1715 313 1779 vari
336 1715 474 1797 aliquem
497 1738 560 1785 non
583 1721 757 1803 contingat,
796 1719 1022 1786 discrecionem
1052 1725 1192 1784 vestram
1225 1724 1349 1785 attente
1380 1721 1571 1801 requirimus
1595 1719 1748 1801 vobisque

247 1819 305 1883 snb
327 1825 665 1891 excommunicacionis
696 1843 779 1908 pena
809 1824 954 1890 districte
977 1824 1183 1906 precipiendo
1205 1824 1400 1906 mandamus,
1434 1831 1592 1906 quatenus
1614 1842 1670 1889 vos
1693 1824 1744 1888 vel

248 1921 308 1986 duo
331 1931 388 1989 ant
410 1944 491 1991 uuus
514 1935 655 1994 vestrum
686 1947 744 2012 per
766 1947 822 1995 vos
844 1929 895 1993 vel
919 1929 1016 1993 alium
1039 1947 1096 1993 seu
1120 1928 1199 1994 alios
1223 1929 1329 1994 omnia
1350 1926 1532 2012 et‘siugula
1554 1928 1750 1994 monasteria

247 2031 281 2090 et
302 2027 454 2094 ecclesias
477 2050 535 2096 nec
559 2052 619 2100 non
644 2034 827 2116 dignitates,
850 2039 1049 2114 personatus,
1073 2032 1178 2098 officia
1201 2039 1235 2098 et
1258 2033 1323 2097 alia
1344 2033 1565 2099 ecclesiastica
1592 2031 1746 2097 beneficia

248 2132 404 2197 secularia
426 2141 461 2200 et
482 2137 642 2218 regularia
665 2156 734 2201 cum
758 2156 834 2201 cura
856 2143 890 2202 et
913 2136 981 2201 sine
1005 2155 1081 2201 cura
1104 2137 1273 2220 Prsgensis
1296 2138 1436 2202 civitatis
1459 2144 1493 2202 et
1516 2137 1594 2203 dioc.
1617 2142 1652 2201 et
1666 2154 1748 2201 sum·

248 2254 338 2315 mam,
362 2237 394 2300 in
418 2256 480 2318 qua
503 2241 629 2322 singula
651 2260 769 2325 eornm,
794 2262 854 2323 que
879 2247 953 2306 sunt
975 2243 1007 2304 in
1031 2242 1152 2306 decime
1183 2242 1345 2307 solucione
1368 2247 1486 2323 taxata
1513 2242 1545 2305 in
1568 2240 1748 2305 huiusmodi

248 2341 408 2407 solucione
433 2350 542 2409 taxata
565 2352 648 2426 suut,
683 2364 720 2410 ac
750 2347 889 2411 valorem
921 2365 1057 2410 annuum
1089 2346 1260 2411 cuiuslibet
1282 2364 1401 2428 eorum,
1428 2365 1488 2427 que
1512 2347 1544 2410 iu
1567 2345 1747 2410 huiusmodi

249 2444 408 2510 solucione
432 2449 559 2513 minime
591 2457 665 2515 sunt
687 2457 806 2530 taxata,
840 2468 994 2530 necnon,
1029 2449 1178 2532 quicquid
1209 2451 1248 2515 de
1272 2450 1449 2515 redditibus
1484 2456 1518 2516 et
1540 2449 1747 2532 proventibus

249 2551 519 2626 monasteriorum,
542 2555 758 2636 ecclesiarum,
783 2555 984 2637 dignitatum,
1015 2561 1250 2637 personatuum,
1273 2552 1445 2619 officiorum
1470 2560 1504 2618 et
1526 2553 1748 2618 beneficiorum

249 2650 386 2733 ipsorum
416 2655 579 2738 hucusque
613 2665 757 2723 exatctum
789 2665 823 2723 et
856 2665 1017 2741 receptum
1042 2665 1101 2737 est,
1140 2677 1209 2722 cum
1232 2659 1412 2722 nominibus
1443 2663 1477 2720 et
1511 2656 1748 2740 cognominibus

249 2773 452 2837 personarum
483 2762 675 2827 solventium
709 2764 741 2827 in
765 2762 893 2845 scriptis
916 2782 1010 2827 mauu
1033 2761 1159 2844 publica
1183 2762 1345 2826 redactum
1376 2760 1518 2826 fideliter
1549 2763 1606 2825 sub
1630 2759 1745 2842 sigillis

251 2862 364 2926 vestris
398 2864 578 2947 significare
609 2868 700 2932 nobis
734 2868 803 2932 sine
827 2868 983 2932 dilacione
1015 2867 1121 2947 aliqua
1150 2866 1333 2930 nullatenus
1364 2865 1520 2929 omittatis
1551 2871 1585 2928 et
1619 2865 1749 2946 insuper

250 2972 380 3048 partem,
403 2987 464 3048 que
488 2970 527 3033 de
555 2970 734 3037 huiusmodi
765 2972 827 3035 iam
850 2978 963 3036 exacta
992 2978 1026 3036 et
1056 2971 1088 3035 iu
1112 2977 1207 3035 antea
1229 2969 1386 3052 exigenda
1409 2970 1545 3051 pecunia
1567 2968 1747 3033 huiusmodi

251 3068 369 3135 decime
386 3090 541 3138 cameram
557 3080 697 3140 nostram
713 3076 876 3159 contingit,
900 3077 929 3140 d.
953 3075 974 3139 i.
999 3075 1135 3141 iohanni
1159 3074 1308 3139 Paduano
1332 3074 1451 3139 decano
1470 3073 1605 3138 ecclesie
1630 3073 1748 3138 Wisce·

251 3173 415 3253 gradensis
449 3177 533 3242 diote
557 3178 648 3261 dioc,
672 3179 814 3244 eiusdem
845 3179 932 3245 sedis
965 3179 1088 3258 nuncio,
1123 3178 1210 3242 illius
1243 3177 1394 3242 videlicet
1426 3179 1569 3258 pecunie,
1603 3194 1664 3258 que
1687 3177 1749 3240 iam

251 3284 361 3342 sumta
383 3286 441 3360 est,
474 3280 556 3346 inira
585 3302 681 3347 unum
713 3301 854 3349 mensem
885 3303 904 3347 a
932 3284 1118 3366 recepcioue
1142 3282 1339 3364 presencium
1363 3286 1398 3345 et
1419 3280 1575 3363 exigende
1599 3283 1751 3346 inantea

251 3378 332 3445 inira
369 3402 464 3448 unum
491 3385 638 3452 similiter
675 3404 814 3452 mensem
850 3406 869 3451 a
899 3388 1085 3471 recepcione
1123 3385 1302 3451 huiusmodi
1340 3385 1476 3467 pecunie
1506 3383 1750 3466 computandum

252 3485 378 3551 tradere
402 3488 526 3571 integre
550 3509 586 3555 ac
609 3491 678 3555 sine
702 3491 914 3557 diminucione
938 3492 1045 3572 aliqua
1068 3491 1234 3556 studeatis.
1259 3489 1406 3569 Alioquin
1431 3507 1486 3553 eos
1510 3496 1661 3569 vestrum,
1697 3486 1750 3567 qui

252 3589 284 3652 in
306 3590 365 3654 bac
387 3600 479 3674 parte
502 3593 682 3660 huiusmodi
705 3595 853 3660 mandato
876 3602 984 3662 nostro
1001 3614 1113 3678 parere
1131 3593 1388 3674 contempserint,
1413 3591 1750 3657 erconrmunicacionis

253 3697 445 3761 sentenciam
477 3697 638 3763 incurrere
662 3699 805 3765 volumus
836 3717 873 3765 eo
896 3699 966 3782 ipso
1023 3699 1089 3765 Nos
1116 3699 1200 3763 enim
1223 3695 1347 3778 prelato
1370 3698 1486 3761 nuncio
1509 3695 1693 3762 absolvendi
1716 3700 1750 3758 et

253 3798 394 3879 quitandi
418 3819 473 3866 vos
503 3802 542 3866 de
565 3801 628 3866 hiis
651 3802 815 3883 duntaxat,
850 3819 911 3882 que
936 3803 997 3868 sibi
1020 3804 1060 3868 cle
1083 3800 1263 3866 huiusmodi
1294 3799 1430 3881 pecunia
1453 3799 1574 3864 decime
1599 3797 1751 3864 solvenda

254 3900 415 3980 ducentis,
448 3905 573 3986 plenam
608 3906 809 3971 concedimus
831 3910 941 3971 tenore
971 3907 1170 3988 presencium
1194 3909 1400 3986 patestatem.
1428 3903 1484 3967 ‘D.
1510 3903 1596 3985 apud
1619 3901 1750 3966 Villam·

253 4021 365 4070 nouam
388 4009 613 4074 Aninioaensis
637 4009 715 4074 dioc.
740 4009 815 4074 xv1
837 4009 898 4073 kal.
923 4010 1000 4074 Maii
1025 4031 1052 4074 a.
1077 4010 1187 4075 tercio.

383 4148 419 4211 ln
441 4166 468 4212 e.
492 4168 532 4213 m.
575 4199 607 4212 ..
654 4199 661 4212 .
685 4149 833 4230 episcopo
857 4147 1060 4214 Olomucensi
1084 4156 1194 4214 et...
1215 4198 1221 4211 .
1246 4147 1315 4212 eius
1340 4147 1371 4210 in
1396 4147 1614 4228 spiritualibus
1635 4142 1751 4210 vicario

255 4256 288 4314 et
313 4303 319 4315 .
339 4302 345 4315 .
364 4251 504 4318 officiali.

382 4392 462 4458 Item
486 4391 518 4455 in
541 4410 569 4456 e.
592 4411 623 4456 m
626 4440 740 4456 .....
765 4390 914 4473 episcopo
937 4390 1194 4456 Luthomuslensl
1219 4397 1276 4455 et.
1298 4441 1302 4450 .
1324 4440 1331 4455 .
1352 4442 1358 4453 .
1383 4391 1452 4454 eius
1477 4393 1508 4454 in
1531 4388 1752 4471 spiritualibus

255 4497 369 4561 vicano
393 4502 451 4561 et.
503 4494 640 4560 officiali.

381 4703 690 4767 ravacaules,
718 4705 749 4758 a.
768 4705 829 4758 Vnt.
847 4708 897 4757 242
917 4701 964 4756 iol.
987 4709 1042 4755 141.
1062 4732 1093 4741 -
1113 4702 1177 4770 Reg.
1197 4700 1271 4770 apud
1291 4699 1457 4767 Wernuslry,
1485 4695 1624 4764 Excerpta
1642 4712 1681 4748 ur.
1702 4699 1750 4749 3³1

255 4797 282 4842 et
300 4791 399 4857 liuber,
419 4791 482 4860 Reg.
503 4792 570 4860 Imp.
590 4790 653 4844 Vlll
673 4806 733 4861 pag.
754 4796 805 4846 784
822 4807 863 4843 nr.
882 4795 942 4845 270.

902 5000 1108 5012 ——-

253 5212 344 5278 338.
370 5212 566 5277 innocentius
584 5231 675 5295 papo
704 5211 751 5274 Vl
767 5228 871 5274 omnes
893 5205 1065 5285 libertates,
1089 5204 1314 5283 immanitates,
1339 5200 1557 5282 indndaentias
1580 5220 1601 5260 o
1620 5194 1753 5279 praede·

257 5317 427 5382 caesoribus
455 5317 522 5381 suis
544 5336 600 5381 nec
621 5334 684 5380 non
705 5335 728 5379 a
748 5313 884 5395 napibus,
912 5309 1110 5394 principibus
1132 5313 1162 5372 et
1189 5307 1303 5373 ceteris
1333 5305 1456 5370 b'bristi
1476 5301 1628 5386 fidelitas
1649 5318 1756 5362 mono·
