3944 6060
781 402 849 452 raso
870 397 948 454 suun
966 404 1000 454 re
1020 430 1051 440 -
1070 399 1148 454 suun
1166 405 1208 453 ar.
1682 407 1747 473 435

243 601 451 686 mannent)
472 607 581 687 generi
602 607 715 691 psius,
750 610 831 674 cives
860 609 1131 691 Vrntislocienses,
1160 612 1298 692 confessi
1319 615 1394 677 snnt
1415 634 1449 678 se
1469 613 1504 677 in
1526 613 1664 698 deposito
1690 614 1747 679 lsa-

237 711 356 776 beccel
378 713 530 795 recepisse
560 712 751 778 olbecaloo
779 716 923 798 episcopo
954 714 1195 781 Vrotislooiensi
1225 736 1264 781 oc
1285 715 1431 782 Arnoldo
1452 718 1491 783 de
1523 720 1746 798 Loccncina0)

238 818 349 882 nnncio
383 816 554 901 apostolico
583 816 670 882 ocelle
693 818 834 903 florenos
865 820 941 884 onri
973 818 1045 884 boni
1066 819 1105 885 de
1127 819 1290 886 Florentia
1320 843 1375 887 sen
1402 823 1557 908 Unpasica
1589 843 1666 908 qnos
1687 825 1744 890 snb

237 920 468 988 conditioncbne
500 925 536 985 nt
557 922 591 986 in
614 943 662 986 nr.
685 923 773 988 1089
801 923 917 987 eisdem
947 924 1091 1005 paeonis
1126 926 1161 990 in
1193 924 1272 990 vilio
1308 928 1465 1008 Brnpensi
1499 949 1519 992 a
1554 928 1669 994 XXVI
1697 929 1747 993 die

238 1026 331 1095 Jnooii
353 1025 396 1089 od
420 1027 460 1090 12
482 1045 603 1090 meonscs
624 1025 741 1092 solvere
759 1029 985 1110 promiserant.
1012 1027 1096 1105 „Sscb
1118 1037 1218 1094 enno*
1249 1028 1416 1111 „Actnrna
1419 1080 1534 1097 .....
1558 1028 1748 1108 MCCULX,

154 1199 159 1211 ,
240 1129 411 1197 omanem
433 1131 528 1214 rrrr,
560 1129 610 1194 aa
632 1129 743 1195 arm
757 1132 874 1197 menas
895 1132 998 1211 conss,
1022 1133 1104 1198 aaa
1135 1135 1229 1217 aas
1250 1154 1335 1200 nona
1367 1135 1568 1201 mauzaca
1596 1121 1631 1202 b
1653 1136 1742 1200 amo

379 1232 517 1319 episcopi
552 1234 752 1314 Lnbneenosis,
783 1235 988 1318 pontificatus
1010 1287 1017 1302 .
1043 1288 1050 1302 .
1074 1285 1082 1301 .
1109 1289 1116 1304 .
1149 1232 1328 1304 innocencii
1355 1259 1443 1323 pape
1483 1240 1528 1303 Vl
1557 1261 1586 1304 o.
1623 1243 1739 1305 octono.

243 1338 442 1404 Presentibns
466 1389 473 1404 .
497 1387 505 1404 .
529 1389 536 1404 .
559 1387 567 1403 .
585 1338 698 1424 srotre
720 1340 893 1405 blanciseo
915 1341 1057 1424 episcopo
1082 1341 1275 1408 Contieiensi
1297 1362 1335 1406 oc
1358 1395 1365 1408 .
1390 1394 1396 1406 .
1422 1393 1429 1405 .
1456 1395 1462 1407 .
1489 1341 1669 1410 Coomborio
1695 1364 1746 1409 ca-

240 1443 345 1507 nonico
376 1441 657 1524 Wratisloniensis,
692 1444 826 1510 Henrico
861 1444 898 1508 de
922 1444 1114 1510 Dombroroo
1147 1445 1434 1512 oimcrcbidiocono
1471 1445 1656 1529 opoliensis,
1681 1448 1741 1512 Ni·

238 1546 322 1612 coloo
344 1547 552 1613 lbancoconis
574 1547 790 1614 mansionario
812 1548 898 1614 Nove
919 1547 1039 1632 capelle
1060 1549 1153 1614 insto
1185 1549 1426 1615 Wrotisloniom
1448 1549 1661 1635 ecclesiaram,
1687 1551 1744 1615 Ni·
1791 1629 1799 1646 ·

238 1650 321 1718 coloo
343 1652 381 1717 de
402 1651 567 1718 Poenonia
584 1650 720 1736 plebano
741 1651 780 1718 de
801 1655 959 1719 Proceono
981 1659 1011 1718 et
1033 1652 1160 1720 eilberto
1191 1655 1229 1718 de
1251 1653 1379 1735 Zotlror,
1399 1657 1524 1720 notorio
1549 1707 1556 1721 .
1581 1704 1588 1720 .
1614 1707 1621 1721 .
1647 1708 1654 1724 .
1679 1658 1743 1738 cpi·

502 1755 588 1840 scopi
620 1756 897 1838 Wratieloniensis‚
926 1756 1055 1825 testibus
1078 1757 1123 1824 od
1138 1759 1302 1842 premisso
1322 1759 1468 1824 cocciis.“

1179 1897 1399 1984 eremana,
1423 1899 1510 1967 raso
1530 1847 1626 1969 eoas
1647 1902 1699 1968 as.

367 2084 410 2139 Ex
428 2084 551 2141 insnum.
570 2084 684 2140 miscell.
703 2100 778 2155 caps.
797 2090 848 2140 225
870 2102 910 2141 ur.
929 2092 972 2142 ³0.
992 2117 1025 2128 —
1050 2086 1101 2142 Ed.
1122 2088 1196 2156 apud
1213 2087 1340 2155 Tbeiuer,
1357 2089 1432 2143 Mon.
1451 2089 1505 2145 Pol.
1523 2088 1537 2143 1
1555 2106 1616 2160 pag.
1635 2094 1695 2145 bob.
1714 2120 1747 2130 -

243 2176 267 2241 ⁸)
284 2172 409 2242 ,Zethyn‘
430 2173 517 2239 mab)
535 2172 712 2240 ‚Wlmbruch‘
731 2188 781 2227 ms.
795 2175 819 2240 θ)
836 2172 974 2239 ,Cauciua‘
991 2190 1041 2230 ms.

243 2522 366 2592 1091.
390 2523 455 2587 Pro
478 2522 700 2607 infrascriptis
718 2524 865 2607 personis
886 2522 1097 2608 supplicatur,
1120 2528 1274 2610 quatenns
1297 2528 1343 2593 eis
1364 2528 1508 2594 dicerene
1527 2527 1654 2610 gratioe
1676 2549 1745 2595 con·

911 2627 1073 2693 cedentem.

1034 2768 1132 2853 Apnd
1164 2768 1404 2848 Veliomnooam,
1428 2772 1513 2838 1360
1534 2771 1628 2838 Jnnii
1648 2771 1701 2838 2⁷.

362 3080 445 3146 Item
482 3079 735 3163 acceptacionem
768 3083 803 3145 at
835 3079 1049 3163 provisionem
1082 3081 1273 3148 auctoritate
1306 3080 1488 3148 litterarum
1529 3081 1584 3149 8¹¹¹
1599 3083 1743 3149 eiusdem

237 3183 333 3251 iactas
372 3184 547 3250 Wernhero
577 3183 717 3249 Timonis
751 3184 791 3249 de
828 3184 1046 3250 Ertmarsdorf
1078 3186 1117 3250 de
1152 3186 1340 3251 canonicatu
1362 3192 1397 3250 et
1418 3186 1581 3269 prebenda
1603 3188 1740 3253 ecclesie

237 3289 417 3368 thenensis,
441 3293 574 3353 vacante
590 3305 648 3369 per
663 3287 783 3353 obitum
798 3289 954 3369 quondam
977 3289 1109 3355 Heurici
1132 3291 1171 3355 de
1184 3290 1367 3372 Ysemberg
1384 3291 1484 3355 eciam
1501 3290 1528 3354 si
1545 3291 1624 3356 alias
1646 3290 1744 3356 fuerit

236 3398 407 3475 mseruata,
421 3393 594 3476 dignemini
617 3391 801 3457 confirmare
826 3397 882 3457 aut
904 3393 983 3457 aliae
1007 3393 1046 3457 de
1080 3412 1161 3459 novo
1198 3394 1376 3477 providere,
1399 3412 1461 3458 nou
1485 3397 1641 3476 obstante,
1657 3396 1740 3476 quod

236 3515 330 3581 super
352 3497 543 3580 parrochiali
565 3496 704 3562 ecclesia
724 3496 758 3561 iu
781 3496 903 3560 Maliua
918 3497 1088 3580 pragensis
1111 3498 1190 3563 dioc.
1215 3498 1248 3562 iu
1272 3497 1394 3579 palacio
1407 3498 1581 3580 apostolico
1598 3498 1740 3563 noscitur

237 3601 372 3686 litigare,
394 3620 464 3666 cum
489 3602 561 3666 aliis
583 3620 646 3667 nou
669 3601 869 3667 obstantibus
885 3606 921 3665 et
943 3601 1094 3666 clausulis
1117 3602 1282 3685 oportunis
1293 3608 1330 3677 ⁸).

363 3828 446 3894 Item
468 3827 723 3912 acceptationem
755 3845 791 3892 ac
814 3827 1019 3893 collaciouem
1050 3834 1084 3893 et
1106 3827 1318 3911 provisionem
1349 3827 1539 3894 auctoritate
1563 3829 1742 3895 litterarum

233 3931 288 3999 8¹1³
304 3931 360 3997 V¹⁶
393 3931 427 3997 in
450 3931 607 3997 communi
629 3930 730 3996 forma
744 3949 918 4014 pauperum
941 3929 1024 3996 facte
1041 3931 1191 3997 Michaeli
1212 3938 1287 3998 nato
1297 3933 1453 4014 quondam
1477 3933 1679 4000 Milhostonis
1702 3934 1742 3999 de

234 4036 425 4103 Welethwin
446 4035 615 4118 Pragensis
641 4035 721 4100 dioc.
746 4035 786 4100 de
808 4028 907 4099 missa
930 4041 1087 4118 perpetua
1120 4035 1199 4101 alias
1222 4036 1324 4102 altare
1347 4036 1380 4102 in
1403 4038 1540 4103 ecclesia
1564 4038 1738 4122 wissegra-

233 4141 325 4206 densi
347 4159 447 4224 propa
469 4125 603 4222 Pragaui
625 4144 815 4221 nuncupata,
838 4144 971 4203 vacante
994 4156 1053 4222 per
1073 4146 1207 4205 mortem
1238 4142 1394 4222 quondam
1417 4141 1573 4207 iohannis
1596 4138 1741 4207 Paduaui

235 4244 346 4311 decani
369 4244 526 4326 quondam
549 4242 823 4325 wissegradensis
859 4242 996 4308 ecclesie
1023 4249 1058 4308 et
1094 4244 1200 4309 omnia
1233 4245 1307 4312 iude
1340 4251 1451 4311 secuta
1474 4245 1646 4329 dignemini
1669 4264 1739 4329 pre·

232 4349 339 4416 missis
361 4366 424 4415 non
446 4348 646 4416 obstantibus
661 4346 844 4413 confirmare
867 4348 919 4414 vel
935 4348 996 4415 sibi
1018 4350 1058 4415 de
1081 4349 1151 4433 ipsa
1174 4351 1213 4415 de
1229 4369 1309 4416 novo
1325 4349 1500 4433 providere,
1516 4349 1616 4414 eciam
1640 4349 1668 4413 si
1691 4369 1741 4414 ra·

231 4454 322 4520 aione
344 4454 527 4533 decanatus,
552 4470 645 4534 quem
667 4451 832 4519 obtinebat
854 4453 959 4518 dictus
974 4451 1145 4536 lohannes,
1168 4454 1218 4518 vel
1243 4453 1322 4518 alias
1345 4453 1443 4519 fuerit
1470 4459 1644 4536 reservata,
1670 4471 1740 4518 cum

233 4558 383 4624 clausulis
405 4563 440 4623 et
461 4575 525 4624 non
548 4557 748 4623 obstantibus
763 4555 967 4640 oportunius)

360 4783 443 4849 Item
465 4802 535 4848 cum
566 4784 700 4849 devotus
734 4789 843 4849 voster
875 4783 1026 4849 Nicolaus
1060 4783 1192 4850 Henrici
1215 4783 1255 4849 de
1278 4782 1408 4865 Hoberg
1441 4783 1481 4849 ad
1503 4783 1736 4866 parrochialem

234 4890 398 4956 ecclesiam
421 4888 481 4976 [iu]
505 4889 629 4955 Ostraw
653 4890 821 4972 Pragensis
845 4889 924 4954 dioc.
948 4894 1024 4954 tuuc
1047 4894 1211 4953 vacantem
1224 4892 1461 4971 perpatronum
1484 4886 1735 4953 ecclesiasticum

237 4993 297 5061 loci
319 4993 479 5060 ordinario
497 4998 705 5076 presentatus
728 4999 762 5057 et
784 4993 817 5057 in
840 5010 880 5056 aa
902 4992 1069 5059 institutus
1091 4991 1190 5056 inerit
1212 4993 1361 5058 canonice
1385 5010 1442 5075 per
1468 4991 1587 5058 dictum
1611 4992 1737 5058 ordina·

233 5098 321 5183 rium,
348 5098 511 5182 ipsamque
538 5097 705 5163 ecclesiam
742 5115 938 5180 perannum
961 5103 996 5162 et
1017 5097 1102 5162 ultra
1132 5097 1283 5175 tenuerit,
1306 5102 1401 5179 prout
1422 5101 1514 5162 tenet
1536 5101 1570 5161 at
1592 5096 1737 5179 possidet

232 5202 363 5286 pacifice
387 5203 561 5286 coquere,
595 5202 718 5267 fructus
754 5201 958 5285 percipiendo
991 5219 1032 5266 ex
1065 5220 1105 5266 ea
1128 5203 1166 5265 ad
1203 5218 1310 5265 sacros
1324 5201 1452 5266 ordines
1475 5218 1537 5265 uon
1560 5205 1732 5282 promotus,

233 5308 399 5394 supplicat,
429 5313 586 5391 quatenus
619 5306 895 5391 presentacionem
928 5310 962 5372 et
994 5305 1232 5372 institucionem
1266 5304 1427 5389 predictas
1464 5309 1499 5368 et
1532 5303 1637 5369 omnia
1657 5303 1733 5369 iude

1581 5442 1632 5497 28*
