3944 6060
231 442 297 509 264
832 440 902 492 Acts
923 420 1075 493 innocentii
1094 434 1142 490 VI.

230 649 321 716 672.
344 648 509 715 Jonannes
531 649 695 730 episcopas
722 645 989 712 Lntbomnslensis
1010 644 1180 730 supplicat,
1203 650 1356 730 amicans
1386 644 1531 715 Jobanni
1553 648 1584 709 et
1606 642 1737 710 Beata

516 752 554 818 ae
576 751 808 817 Frankenstein
829 751 1063 834 infrascriptae
1082 752 1211 832 cratiae
1233 749 1453 816 manian

1160 891 1325 968 Aeinione,
1347 890 1435 961 1357
1462 887 1641 954 Decembris
1661 892 1692 955 2.

362 1100 526 1184 Supplicat
549 1100 590 1167 8¹*
615 1101 669 1167 Vre
689 1101 824 1166 devotus
848 1099 932 1164 filius
948 1106 1057 1165 vester
1079 1099 1244 1166 lohannes
1266 1100 1437 1183 episcopus
1452 1099 1741 1183 Lutbomuslensis,

233 1207 408 1287 imperialis
432 1207 503 1271 aule
527 1205 746 1287 cancellarius,
770 1212 928 1285 quatenus
951 1204 983 1270 in
1000 1222 1167 1287 personam
1190 1204 1301 1270 dilecti
1317 1206 1364 1269 sui
1381 1204 1537 1271 lobannis
1560 1205 1742 1286 Berroici·)

235 1312 274 1376 de
298 1311 535 1394 Frankinsteyn
569 1309 715 1375 officialis
750 1308 836 1374 curie
870 1310 1062 1392 episcopalis
1096 1309 1383 1392 liutbomuslensis,
1418 1310 1599 1392 pressanti
1625 1309 1744 1375 Wrati·

202 1430 204 1434 ’
235 1414 405 1479 sianiensis
429 1414 519 1497 dioc,
542 1414 680 1495 graciam
705 1413 876 1496 specialem
899 1411 1064 1493 faciendae,
1087 1414 1191 1478 eidem
1214 1412 1352 1479 iohanni
1377 1413 1417 1479 de
1441 1413 1609 1495 dignitate,
1633 1430 1744 1495 perso·

235 1524 312 1583 natu
336 1519 386 1582 vel
409 1517 512 1584 officio
535 1537 606 1583 cum
630 1535 705 1582 curn
729 1518 779 1581 vel
803 1517 873 1581 sine
899 1537 983 1597 cura,
1006 1519 1045 1581 nd
1070 1517 1383 1583 senecionem...
1407 1517 1551 1601 episcopi
1574 1518 1744 1584 Wratisla·

236 1622 355 1688 vicusis
378 1623 410 1687 in
434 1623 571 1688 ecclesia
601 1623 653 1686 vel
676 1628 769 1688 extra
791 1627 967 1704 spectante,
1001 1623 1028 1686 si
1052 1626 1144 1687 vacat
1174 1621 1213 1685 ad
1236 1639 1380 1704 presens,
1402 1621 1455 1686 vel
1477 1639 1547 1685 cum
1572 1621 1745 1705 vacaverit,

238 1727 412 1808 dignemini
434 1727 600 1810 providere
624 1734 657 1791 et
680 1726 847 1793 donnationi
871 1726 1045 1809 apostolice
1069 1744 1235 1791 reservare
1266 1743 1336 1791 cum
1367 1726 1600 1809 acceptatione,
1629 1726 1745 1793 inbibi-

238 1832 338 1913 cione,
362 1833 493 1897 decreta
516 1838 551 1896 et
573 1831 718 1897 clausula
739 1830 909 1914 anteferri3
933 1850 996 1897 non
1019 1832 1177 1914 obstante,
1201 1831 1285 1912 quod
1308 1830 1392 1895 idem
1415 1830 1579 1897 lohannes
1609 1831 1746 1913 simplex

239 1935 434 2015 beneficium,
478 1934 579 2000 altare
621 1935 829 2001 communiter
869 1943 1093 2018 nuncupatum,
1125 1936 1157 1999 in
1193 1935 1279 2000 dicta
1312 1935 1572 2006 Wratislauiensi
1609 1934 1747 2000 ecclesia

240 2038 382 2104 noscitur
414 2039 568 2119 obtinere,
603 2059 672 2104 curm
708 2041 780 2105 aliis
815 2059 877 2105 non
911 2040 1111 2105 obstantibus
1145 2047 1179 2104 et
1202 2038 1356 2104 clausulis
1379 2040 1551 2140 'oportunis
1574 2045 1608 2104 et
1632 2055 1746 2105 execu-

241 2144 373 2208 toribus.

372 2274 444 2340 Fiat
468 2275 505 2340 G.

371 2404 451 2469 Item
476 2406 643 2489 supplicat,
678 2414 836 2487 quatenus
859 2403 1048 2486 Berroicob)
1072 2406 1259 2488 presbytero
1293 2406 1333 2470 de
1357 2404 1603 2488 Frankensteyn
1629 2405 1746 2471 Wrati·

242 2508 413 2574 slauiensis
437 2509 517 2576 dioc.
541 2511 581 2576 de
605 2510 759 2577 beneficio
783 2511 1003 2577 ecclesiastico
1023 2529 1093 2576 cum
1117 2529 1193 2575 cura
1216 2511 1267 2576 vel
1283 2509 1352 2575 sine
1369 2528 1454 2588 cura,
1478 2510 1520 2574 ad
1542 2509 1749 2576 collacionem

242 2662 330 2678 ....
371 2613 496 2680 abbatis
519 2621 553 2681 et
576 2622 751 2682 conventus
776 2615 996 2681 canonicorum
1025 2614 1219 2697 regularium
1249 2614 1383 2680 ecclesie
1407 2632 1431 2680 s.
1454 2614 1556 2680 Maria
1587 2615 1620 2680 in
1642 2615 1750 2681 Arena

242 2736 340 2801 prope
373 2717 610 2785 Wratislaniam
645 2725 822 2804 spectante,
859 2721 887 2785 si
917 2720 1001 2801 quod
1035 2720 1075 2784 ad
1098 2738 1231 2803 presens
1264 2725 1356 2785 vacat
1389 2719 1440 2784 vel
1475 2738 1545 2785 cnm
1578 2720 1750 2803 vacaverit,

244 2823 419 2905 dignemini
453 2824 631 2908 providere,
666 2844 736 2890 cum
760 2825 992 2909 acceptatione,
1027 2823 1221 2890 inbibicione
1252 2831 1287 2890 et
1309 2825 1455 2908 decret03
1494 2844 1556 2892 non
1590 2826 1749 2911 obstante,

244 2927 329 3006 quod
362 2926 446 2992 idem
478 2929 685 3013 Berroicus0)
720 2930 889 2995 ecclesiam
937 2928 1152 3012 parochialem
1187 2931 1330 2997 noscitur
1359 2930 1515 3009 obtinere,
1549 2949 1643 3012 qnam
1677 2934 1750 3014 pos‘t

245 3031 481 3097 assecucionem
506 3033 640 3099 alterius
663 3033 810 3099 beneficii
833 3035 935 3098 curati
959 3035 1122 3100 dimittere
1154 3042 1206 3101 est
1227 3042 1371 3118 pmatus.
1403 3035 1481 3102 Cum
1513 3036 1586 3101 aliis
1609 3055 1673 3102 non
1696 3038 1750 3102 ob-

245 3135 406 3201 stantibus
429 3144 463 3201 et
486 3138 637 3204 clausulis
661 3139 835 3222 oportunis.

378 3267 452 3332 Fiat
474 3268 511 3333 G.

374 3387 418 3461 Et
441 3396 509 3462 sine
533 3397 597 3463 alia
619 3399 771 3465 leccione.
794 3400 867 3466 Fiat
890 3402 926 3466 G.
953 3403 989 3466 n.
1013 3403 1168 3469 Avinione
1192 3402 1256 3468 llll
1279 3421 1351 3468 non.
1375 3403 1561 3470 Decembris
1584 3422 1612 3470 a.
1629 3404 1752 3485 quinto,

248 3688 270 3741 Β
374 3602 407 3657 R.
426 3601 522 3673 Suppl.
549 3609 580 3658 nt
601 3604 647 3659 lol.
681 3603 751 3662 295⁴.
778 3639 810 3648 -
832 3611 857 3674 a)
876 3607 1003 3677 corrige:
1034 3608 1174 3673 ,Bernicit
1194 3609 1219 3677 b)
1245 3609 1368 3679 Corripe:
1394 3609 1542 3675 ,Bernico‘.
1571 3614 1596 3678 ο)
1621 3610 1751 3681 Corripe:

279 3689 409 3745 ernicns‘.

900 3907 1103 3919 ———

249 4073 338 4140 673.
361 4073 505 4140 Jobanni
530 4078 689 4159 Bereici·)
712 4078 751 4142 de
774 4079 1037 4163 Franaencteiab)
1058 4084 1208 4165 perpetuo
1231 4079 1410 4162 beneficiato
1433 4081 1468 4147 in
1490 4080 1621 4147 eoelaeia
1651 4081 1753 4146 Vrati·

250 4175 401 4242 claviensi
423 4183 603 4244 reserantur
625 4181 776 4263 danitas,
795 4189 987 4267 personatus
1008 4183 1056 4249 cel
1079 4183 1219 4267 officinm
1248 4205 1319 4249 cnm
1341 4206 1417 4250 cara
1439 4185 1487 4249 nel
1508 4185 1577 4252 nne
1597 4205 1687 4266 cnra,
1710 4186 1755 4251 ad

250 4277 449 4346 collationem
480 4285 618 4367 epismpi
648 4286 907 4354 Vratislaniensis
934 4290 1110 4372 pertinens,
1142 4289 1172 4353 si
1203 4294 1299 4354 cacat
1331 4289 1378 4356 cel
1399 4311 1469 4356 aem
1497 4291 1670 4370 vacaverit,
1691 4308 1756 4355 aaa

250 4382 457 4462 obstantibus,
489 4393 523 4452 nt
555 4390 590 4453 in
610 4390 840 4474 supplicatione
861 4393 918 4458 snb
940 4415 989 4458 nr.
1012 4392 1086 4457 672.
1135 4394 1227 4474 ,Vite
1257 4415 1295 4459 ac
1316 4398 1455 4459 mornm“
1483 4393 1660 4478 „Aniniane
1680 4396 1761 4460 IIII

251 4507 322 4553 non.
345 4491 527 4558 Decembris
560 4516 590 4560 a.
613 4495 752 4578 quinto.“
793 4535 834 4544 -
869 4499 909 4562 In
937 4520 962 4564 e.
992 4518 1033 4565 m.
1058 4497 1168 4562 abbati
1199 4500 1384 4564 anonasterii
1411 4520 1437 4566 s.
1476 4499 1631 4565 Vincentii
1656 4520 1756 4584 prope

260 4589 488 4660 Vratislacrane
511 4617 549 4663 aa
571 4598 687 4666 decano
706 4621 731 4667 s.
755 4601 898 4684 Acricoli
920 4602 1143 4667 Asinianensis
1171 4607 1201 4667 at
1230 4603 1421 4670 scholastico
1458 4624 1486 4669 s.
1511 4603 1621 4671 &aneia
1652 4603 1755 4670 Vroti·

802 4706 973 4773 sianiensis
995 4705 1207 4773 ecclesiarann.

308 4784 404 4940 ,ἑὲ
1185 4845 1345 4929 Aaronom,
1368 4847 1454 4912 aaa
1477 4847 1658 4913 meamea
1679 4851 1711 4915 a.

386 5044 418 5098 R.
437 5048 486 5100 Ar.
508 5055 555 5102 137
575 5049 623 5104 fol.
641 5056 700 5103 593.
720 5080 752 5089 -
772 5051 836 5120 ch.
855 5051 883 5105 in
903 5053 1001 5106 zvda
1020 5052 1176 5107 Schlesiens
1195 5052 1272 5106 XXV
1291 5069 1351 5122 pag.
1373 5058 1431 5106 290.
1457 5083 1489 5092 -
1509 5058 1536 5122 α)
1556 5052 1688 5119 ,Bcrwici‘
1706 5057 1757 5109 Aa·

254 5120 279 5187 a,
298 5128 515 5205 ‚Frankirsteyn‘
534 5140 583 5190 Av.

905 5332 1106 5342 ——--——
