3944 6060
236 449 298 525 168
806 447 877 511 Acta
894 444 1048 510 innocentii
1066 446 1112 508 vt.

232 668 312 729 rnost
332 664 508 748 culpariter
530 669 708 749 nuncupato
730 685 847 731 necnon
865 664 1100 749 parrochialem
1122 664 1285 730 ecclesium
1308 665 1344 728 in
1367 662 1537 746 Nostnpcw
1562 660 1739 744 Prapensis

232 769 308 835 dioc.
343 771 483 837 noscitur
515 771 681 836 obtinere“.
730 771 891 855 „Dianam
925 768 1139 834 arbitramnr“
1180 769 1355 848 ‚Aninione
1392 767 1490 834 Vsa.
1525 765 1684 835 tannarii
1705 789 1738 833 a.

912 878 1054 956 quarto“.

298 963 365 1084 ἑ.
1189 1012 1352 1089 Arinione,
1375 1011 1462 1079 1356
1483 1009 1640 1078 Jannarii
1662 1016 1692 1079 9.

365 1201 1036 1269 mmmmmnmmmmn

230 1589 322 1656 412.
347 1589 474 1652 Decano
497 1587 733 1669 l'issepradensi
748 1586 930 1663 mandatur,
953 1591 1106 1667 qnatenus
1122 1585 1265 1653 dobunni
1279 1591 1354 1650 nodo
1376 1584 1488 1651 nobilis
1504 1586 1566 1650 oiri
1582 1583 1737 1650 Bucconis

230 1693 268 1757 de
298 1692 504 1768 Vilbarticr·)
533 1691 655 1770 rnilitis,
684 1690 794 1756 clerico
822 1691 992 1769 Propensis
1017 1689 1104 1768 dioc,
1128 1690 1171 1754 ad
1196 1690 1455 1773 supplicationem
1483 1687 1592 1755 baroli
1617 1690 1737 1754 Roma·

233 1817 344 1861 norum
368 1797 580 1878 imperatoris,
604 1796 693 1860 onius
715 1815 861 1861 cancerae
881 1795 1034 1875 nroyister
1057 1794 1174 1878 existit,
1197 1794 1235 1860 de
1249 1795 1436 1860 canonicatu
1449 1794 1598 1860 ecclcsiae
1615 1793 1741 1860 otono-

233 1901 334 1965 oensis
348 1900 405 1964 sub
421 1899 634 1982 expectatione
650 1897 853 1982 praebendae
871 1899 1034 1982 provideri
1042 1903 1201 1981 procuret.
1227 1900 1386 1982 „Dipnnm
1403 1899 1619 1964 arbitramur“
1641 1895 1740 1981 ,Ani-

707 2004 797 2067 nione
818 2003 860 2067 id.
884 2004 1041 2069 Januarii
1063 2024 1093 2067 a.
1118 2006 1262 2085 qnart0“.

299 2093 368 2214 ..b
1167 2140 1331 2223 Arinione,
1354 2143 1440 2205 1356
1462 2141 1619 2208 lanuarii
1640 2140 1694 2205 13.

365 2331 686 2388 3111311333.-
701 2336 726 2400 τι)
744 2331 925 2400 ,Wilhnrticn‘
943 2334 992 2384 Ar.
1013 2361 1042 2371 —
1064 2330 1226 2386 Οοῃ1.Μοιι.
1239 2331 1302 2387 Vnt.
1314 2331 1326 2384 1
1339 2347 1380 2386 nr.
1398 2336 1459 2396 904,
1475 2335 1534 2386 903.

883 2542 1087 2555 ——-

232 2718 323 2784 413.
347 2718 476 2782 Decano
497 2715 645 2783 ecclesiae
667 2716 694 2783 b.
719 2716 847 2782 Mariae
871 2714 1021 2783 Civitatis
1043 2715 1232 2800 Austriae⁸)
1259 2713 1479 2801 Aquilonensis
1501 2714 1580 2781 dioc.
1603 2715 1740 2781 manda·

234 2828 296 2904 tur,
321 2826 475 2904 quotenus
500 2820 645 2887 Matlriae
678 2826 753 2886 nato
783 2821 940 2905 qnondam
971 2821 1137 2902 ll’olsrami
1165 2821 1203 2885 de
1235 2818 1448 2900 Pannwitn,¹³)
1484 2819 1594 2886 ciuica
1627 2817 1739 2886 Caroli

236 2928 448 2991 Romanorum
471 2925 673 3009 imperatoris
696 2932 724 2991 et
749 2926 918 2992 Bobemiae
938 2926 1030 3007 repis,
1062 2927 1105 2990 ad
1126 2926 1387 3009 supplicationem
1409 2925 1512 3008 ipsius
1534 2924 1739 3008 imperatoris

234 3031 272 3096 de
293 3032 481 3096 canonicatu
503 3030 652 3096 ecclesiae
682 3029 940 3096 l⁷ratislaoiensis
961 3031 1018 3095 snb
1041 3032 1254 3114 expectatione
1272 3029 1472 3114 praebendae
1488 3028 1653 3112 prouideri
1665 3048 1740 3113 pro·

234 3139 330 3210 curet,
365 3134 653 3217 nonobstantibus,
688 3135 769 3217 qnod
801 3137 836 3201 in
859 3135 986 3201 ecelesia
1020 3156 1045 3200 s.
1076 3133 1243 3218 Sepulchri
1266 3134 1449 3218 Lepnicensi
1479 3132 1741 3202 Vratislariensic

234 3240 310 3305 dico.
333 3238 552 3306 canonimtum
575 3236 688 3305 obtinet
721 3245 750 3304 et
779 3241 1002 3323 praebendam.
1040 3241 1201 3322 „Dianam
1236 3239 1451 3304 arbitramur“
1489 3237 1668 3322 „Aninione
1694 3240 1738 3305 id.

793 3346 950 3412 danuorii
972 3367 1002 3410 a.
1027 3346 1171 3426 quarto“.

300 3429 368 3552 ἑ.
1168 3481 1328 3562 Aniniane,
1355 3482 1439 3547 1356
1460 3483 1618 3551 Janncrii
1645 3484 1694 3550 13.

364 3669 397 3728 R.
417 3674 467 3725 Ar.
487 3669 690 3725 attonsos.
711 3701 741 3710 -
767 3669 1006 3741 ¹¹)‚Aust1ic‘Am
1030 3671 1055 3736 b)
1074 3670 1227 3738 ‚Pnnowitn‘
1246 3672 1296 3726 An.

233 4018 324 4084 414.
348 4018 504 4100 Episcopo
528 4015 782 4083 Lutbomuslensi
803 4018 984 4098 connitatur,
1019 4023 1172 4099 qnatenus
1207 4021 1297 4083 Petro
1321 4019 1444 4087 Elblini
1457 4021 1484 4104 ⁸)
1521 4020 1632 4088 clerico
1655 4024 1746 4102 Praq

232 4122 322 4202 pensi
344 4121 387 4185 ad
409 4120 670 4203 supplicationem
694 4120 801 4187 Caroli
827 4124 1038 4188 Ilorrranorum
1061 4125 1264 4207 imperatoris
1287 4124 1467 4207 beneficium
1490 4125 1739 4195 ecclesiastt'cnm

235 4227 303 4290 sine
324 4246 412 4302 cura,
426 4226 515 4289 ouius
532 4229 667 4306 fructus
689 4228 731 4290 18
753 4247 936 4292 marcarum
960 4229 1084 4310 arpenti
1107 4229 1279 4293 seeundum
1303 4229 1498 4294 tanationem
1520 4229 1661 4295 decimae
1682 4254 1740 4298 ra·

234 4329 331 4394 torem
354 4349 494 4394 annuum
516 4349 579 4393 non
607 4329 768 4410 excedant,
802 4331 845 4394 ad
868 4329 1062 4396 collationem
1082 4335 1269 4417 praepositi,
1304 4332 1415 4398 decani
1436 4337 1467 4398 et
1488 4334 1624 4416 capituli
1645 4336 1740 4402 accle-

234 4434 303 4498 siae
321 4435 492 4515 Prapensis
503 4435 674 4518 pertinens,
690 4435 721 4498 si
734 4440 829 4500 cacat
843 4436 891 4500 ael
907 4456 976 4500 cum
992 4439 1159 4521 accerserit,
1176 4440 1320 4502 reservet.
1339 4439 1502 4520 „Dianam
1516 4439 1736 4506 arbitramnr“

328 4625 351 4674 Y
674 4536 848 4619 „Aninione
869 4540 912 4606 id.
935 4542 1092 4606 Jannorii
1115 4557 1144 4605 a.
1168 4546 1312 4624 quarto“.

300 4696 369 4747 t.
1169 4680 1331 4765 Aciniono,
1358 4683 1440 4747 1356
1463 4683 1619 4748 lanuarii
1642 4685 1695 4748 13.

366 4867 396 4920 R.
416 4871 465 4920 Ar.
487 4872 533 4920 132
554 4867 600 4922 sol.
620 4869 689 4922 368'.
710 4898 741 4907 -
762 4878 786 4935 ἃ)
805 4867 933 4934 ,Entnini‘
953 4873 1001 4922 Av.

885 5065 1087 5074 -——-—

234 5251 327 5318 415.
350 5249 531 5316 Bertrando
554 5250 695 5335 episcopa
706 5249 840 5334 Aptensi
850 5253 1034 5333 mandatur,
1058 5258 1211 5336 qnatenus
1234 5253 1272 5318 de
1285 5253 1512 5320 conditionibus
1521 5258 1737 5337 permutatio·

233 5355 285 5420 nis
313 5355 413 5420 castri
441 5355 653 5435 Dormnstnns
676 5374 738 5438 pro
766 5354 842 5422 aliis
863 5356 951 5421 bonis
984 5357 1027 5420 ad
1056 5377 1186 5439 repnum
1217 5355 1386 5424 Bobemiae
1408 5359 1624 5443 spectantibus
1645 5359 1734 5427 inter
