3990 6052
787 439 853 488 mcc
872 432 940 488 Maii
960 441 983 490 t.

261 642 333 707 l'iat
356 642 393 706 G.

259 771 342 836 Item
376 776 533 852 quatenus
556 770 687 835 Nicoloo
721 771 878 852 quondam
902 772 1054 836 ludovici
1090 771 1129 835 de
1164 773 1256 837 Noua
1278 773 1409 837 civitate
1444 777 1632 857 presbytero

134 875 351 942 Olomucensis
385 876 475 954 dioc,
511 875 611 958 ipsius
641 875 782 958 episcopi
817 877 989 958 capellano,
1020 877 1059 942 de
1094 877 1279 942 canonicatu
1315 879 1373 942 sub
1407 879 1632 960 expectacione

133 980 292 1062 prebende
315 981 347 1045 iu
371 980 508 1045 ecclesio
531 997 554 1044 s.
579 980 664 1044 Petu
698 979 731 1043 in
754 980 884 1045 Brunca
918 979 1137 1046 Olomucensis
1168 981 1248 1046 dioc.
1279 988 1315 1047 ut
1338 1000 1435 1064 supra
1458 983 1630 1066 dignemini

134 1085 300 1168 providere
324 1091 383 1151 etc.

261 1197 335 1262 Fiat
357 1198 395 1263 G.

261 1311 342 1376 Item
367 1316 523 1391 quatenus
547 1310 716 1375 Pardussio
741 1311 896 1392 quondam
921 1312 1047 1376 Andree
1071 1312 1110 1375 de
1135 1311 1379 1393 Ochaslauicz·)
1402 1313 1534 1376 diacono
1559 1311 1632 1377 Olo-

134 1416 289 1480 mucensis
313 1416 402 1497 dioc,
435 1414 536 1497 ipsius
560 1416 699 1498 episcopi
736 1416 884 1481 continuo
920 1416 1133 1498 commensali‚
1169 1417 1208 1480 do
1231 1416 1384 1481 beneficio
1415 1416 1633 1480 ecclesiastico

135 1540 201 1585 cum
225 1539 301 1586 cura
324 1521 376 1584 vel
409 1521 478 1585 sine
502 1538 587 1601 cura,
613 1525 778 1604 spectante
814 1520 1021 1586 communiter
1043 1521 1095 1584 vel
1129 1521 1255 1585 divisim
1279 1521 1319 1584 od
1342 1521 1546 1585 collacionem
1571 1526 1632 1584 etc.

135 1625 489 1690 abbatisetconventuo
509 1625 695 1690 uacuosterii
716 1625 748 1689 iu
762 1624 892 1689 Trebicz
916 1625 1037 1690 ordinis
1060 1643 1084 1689 s.
1110 1625 1276 1689 Benedicti
1300 1623 1519 1690 Olomucensis
1543 1625 1634 1699 dioc..

138 1729 308 1811 dignemini
331 1729 499 1812 providere
523 1734 583 1794 etc.
1201 1740 1203 1746 ·

263 1860 336 1924 liat
359 1859 395 1925 G.

261 1990 341 2055 Item
376 1997 531 2072 quatenus
554 1988 691 2054 iohanni
726 1989 790 2055 filio
812 1989 957 2054 Jesconis
992 1991 1031 2054 de
1056 1989 1180 2055 Sossios
1211 1991 1332 2071 militis,
1368 1990 1483 2055 clen'co
1507 1990 1632 2055 Olomu-

135 2095 236 2180 censis
270 2095 350 2159 dioc.
386 2096 425 2159 de
457 2093 610 2179 beneficio
634 2094 850 2159 ecclesiastico
885 2115 954 2160 oum
985 2115 1061 2159 cura
1097 2096 1148 2159 vel
1183 2096 1251 2159 sine
1286 2114 1372 2178 cuno,
1404 2100 1570 2177 spectante
1594 2093 1634 2157 ad

135 2198 336 2264 collacionem
380 2205 439 2263 etc.
484 2197 626 2281 episcopi
661 2197 891 2283 OlomuoeusiS,
937 2199 1110 2281 dignemini
1156 2200 1322 2280 providere
1368 2219 1438 2265 cum
1483 2199 1634 2264 clausulis

135 2304 306 2385 oportunis.

260 2416 333 2481 Fiat
356 2417 392 2481 G.

262 2520 336 2586 Siue
361 2522 424 2586 alio
446 2523 597 2587 leccioue.

261 2636 305 2700 Et
326 2635 418 2716 quod,
449 2641 541 2719 pater
571 2636 780 2715 sanctissime,
811 2656 880 2701 cum
910 2644 1041 2719 propter
1072 2637 1254 2702 discrimino
1284 2637 1404 2701 viarum
1435 2642 1469 2699 et
1491 2635 1630 2701 locorum

132 2738 318 2805 disteuciam
350 2741 511 2805 commode
542 2741 649 2805 venire
683 2759 745 2806 non
774 2742 907 2825 possint,
941 2742 1122 2807 absencium
1153 2760 1285 2807 examen
1316 2725 1516 2825 inpartibus
1552 2759 1632 2805 com·

132 2844 285 2909 mittatur.

263 2958 334 3022 liat
358 2958 394 3023 G.

260 3089 376 3152 Datum
399 3088 556 3153 Auinione
580 3108 651 3154 non.
678 3090 755 3155 Maii
778 3110 861 3156 acino
884 3091 1029 3173 septimo.

261 3275 293 3330 R.
312 3274 387 3345 Supl.
406 3281 440 3331 30
459 3275 507 3329 iol.
526 3281 567 3331 56.
590 3308 618 3317 -
635 3284 659 3343 a)
679 3279 802 3350 Corrige:
823 3278 1023 3348 ,Othaslauiczt

782 3494 793 3500 -
800 3493 866 3500 -—-
873 3494 885 3499 ..
893 3494 913 3498 ...
923 3491 984 3498 .....-

133 3660 221 3730 918.
243 3663 387 3729 Joloaooi
415 3665 455 3730 de
486 3664 685 3747 „Wucow“⁸)
704 3669 855 3748 perpetuo
888 3664 1011 3729 vicario
1040 3665 1075 3728 in
1096 3663 1225 3730 ecclesia
1249 3663 1433 3730 Zeerinensi
1454 3668 1634 3729 reservatur

129 3765 310 3850 beneficiam
331 3767 577 3833 ecclesiasticum
600 3789 670 3834 cum
692 3790 769 3834 cara
790 3768 838 3833 vel
859 3770 927 3834 siae
948 3789 1036 3851 cura,
1052 3770 1141 3834 caius
1156 3772 1291 3848 fructus
1313 3772 1356 3835 25
1378 3779 1460 3853 r'esp.
1483 3772 1527 3836 18
1548 3789 1632 3833 mar·

129 3889 240 3936 caram
261 3872 386 3954 arpenti
408 3871 545 3937 calmem
568 3895 709 3938 octauam
737 3892 799 3937 aon
821 3874 984 3957 excedant,
1009 3874 1052 3938 ad
1074 3873 1270 3939 collationem
1296 3874 1485 3957 praepositi,
1517 3873 1629 3938 decani

135 3976 314 4060 deapituii
333 3976 480 4041 eeclesiae
505 3978 673 4060 Prapeosis
691 3980 864 4062 pertinens,
887 3980 916 4043 si
936 3984 1039 4058 occat,
1061 3978 1109 4043 cel
1135 3998 1205 4044 cuin
1219 3980 1389 4056 oacaoerit
1413 3998 1475 4042 nco
1498 3977 1628 4043 obstan·

135 4078 213 4145 iiiuc
234 4087 270 4144 at
291 4083 325 4144 io
354 4080 583 4163 supplicatione
611 4081 668 4145 sub
701 4104 748 4147 or.
772 4086 846 4149 917.
895 4082 1108 4159 „laudabilia
1135 4081 1323 4162 prodeatis
1361 4081 1536 4162 „Aniciana
1564 4100 1634 4145 non.

140 4184 214 4250 Maii
236 4207 266 4249 a.
290 4186 449 4268 septimo.“
479 4223 516 4232 —
543 4189 579 4250 ln
600 4208 624 4252 e.
649 4207 690 4252 m.
715 4187 908 4254 Zwerioensi
938 4194 968 4253 et
994 4187 1191 4253 Odomacensi
1214 4185 1370 4270 episcopis
1392 4190 1423 4250 et
1445 4186 1563 4250 decano
1585 4206 1633 4250 ec·

597 4291 710 4357 clesiac
731 4314 758 4359 s.
782 4292 922 4374 Apricoli
946 4292 1175 4357 Aoioioneosis.

258 4309 264 4366 ι

181 4483 186 4494 .
246 4398 292 4496 Ξ.
1158 4431 1319 4513 cainone,
1342 4431 1429 4494 1359
1453 4429 1536 4493 occo
1560 4430 1589 4493 a.

262 4617 291 4670 R.
313 4618 361 4672 liv.
380 4624 428 4673 141
448 4620 496 4673 iol.
516 4626 585 4673 427¹.
606 4649 637 4660 -
670 4625 695 4688 ⁸)
714 4622 844 4688 ‚Wueow‘
864 4624 911 4673 Ac.

782 4817 883 4826 ι--.-
886 4821 983 4828 --..

138 5024 220 5094 919.
245 5026 399 5110 Episcopo
423 5030 602 5096 Zeerineosi
624 5031 808 5113 dicacatur,
832 5035 984 5111 quotenos
1003 5030 1177 5094 Pardassio
1201 5028 1348 5094 Andreae
1370 5027 1408 5091 de
1421 5026 1632 5102 Otaslocice·)

136 5126 311 5214 beneficium
325 5133 564 5199 ecclesiasticam
576 5155 645 5198 cano
658 5135 785 5200 celeiae
801 5156 889 5211 cara,
902 5139 1078 5199 consuetam
1095 5132 1217 5199 clericis
1231 5131 1446 5196 saecularibus
1463 5132 1632 5210 assipmri,

137 5235 219 5300 cuius
234 5235 367 5321 fluctos
396 5239 439 5301 25
461 5259 541 5322 resp.
572 5240 614 5302 18
643 5261 828 5306 marcarum
849 5240 974 5321 arpenti
996 5239 1165 5304 secondum
1195 5237 1392 5302 taxationem
1415 5235 1554 5298 decimae
1577 5256 1630 5298 oa·

136 5333 227 5404 Ιοαααι
268 5360 410 5406 amcam
449 5362 510 5406 oon
551 5345 711 5430 excedant,
757 5345 801 5410 ad
836 5343 1034 5410 collationem
1087 5343 1211 5407 addatis
1255 5348 1283 5405 et
1320 5344 1484 5405 conuentus
1521 5356 1629 5403 mona·
