3944 6060
239 468 281 530 12
838 467 907 516 Arta
929 459 1081 517 innocentii
1103 460 1148 513 l'l.

232 673 404 755 probitatis
442 679 476 738 et
515 673 667 738 virtutum
712 673 836 753 merita,
882 673 995 752 quibus
1034 690 1199 754 personam
1239 670 1266 733 d.
1306 671 1325 733 f.
1367 670 1526 734 Wilhelmi
1565 671 1744 735 Buschonis

237 778 276 840 de
302 777 450 842 Vilartitz
473 770 608 842 rectoris
632 777 838 859 parrochialis
862 777 997 840 ecclesie
1020 777 1053 840 in
1077 776 1196 840 Olatovv
1219 775 1388 855 Pragensis
1412 775 1490 839 dioc.
1515 775 1742 856 hdedignormn

233 882 416 946 testimonio
439 881 541 945 iuvari
564 881 773 963 percepimus,
797 899 854 946 nos
877 880 1041 957 inducunt,
1068 888 1103 943 ut
1125 880 1229 961 ipsum
1254 879 1439 962 apostolicis
1463 880 1578 960 graciis
1602 886 1636 943 et
1657 878 1743 943 lavo·

230 987 317 1051 ribus
341 1004 583 1068 prosequamur.
609 986 736 1051 Dudum
752 986 912 1066 siquidem
928 984 1030 1049 felicis
1047 983 1280 1048 recordacionis
1303 983 1452 1048 Clemens
1468 1002 1551 1064 papa
1568 983 1620 1064 Vl,
1644 983 1743 1065 prede

232 1108 339 1155 cessor
353 1096 471 1171 noster,
493 1091 661 1155 intendens
678 1090 718 1153 de
734 1089 896 1154 beneficiis
912 1088 1149 1166 ecclesiasticis,
1166 1106 1227 1168 que
1241 1088 1397 1168 quondam
1415 1086 1540 1151 Bohute
1557 1088 1596 1151 de
1614 1086 1736 1152 Cladna

232 1195 400 1258 canonicus
423 1194 593 1277 Pragensis
616 1214 652 1258 ac
676 1194 915 1258 archidiaconus
939 1192 1159 1271 Curinensis⁸l
1191 1191 1358 1255 incudem
1390 1190 1525 1255 ecclesia
1556 1197 1632 1254 tunc
1655 1197 1737 1255 tem·

232 1297 317 1378 poris
341 1298 513 1381 obtinebat,
544 1318 613 1363 cum
636 1299 708 1363 illos
732 1317 845 1362 vacare
869 1298 1076 1381 contingeret,
1107 1315 1164 1378 per
1186 1296 1360 1378 apostolice
1388 1295 1474 1359 sedis
1497 1295 1733 1377 providenciam

233 1400 380 1482 ordinari,
404 1401 557 1466 beneficia
579 1403 658 1484 ipsa,
683 1403 756 1466 dmn
779 1401 881 1466 adhuc
904 1401 989 1466 idem
1012 1400 1137 1465 Bohuta
1161 1407 1271 1481 ageret
1293 1400 1325 1463 in
1348 1398 1503 1481 burnonis,
1527 1400 1680 1464 videlicet
1702 1399 1734 1464 11

231 1524 302 1570 non.
325 1505 421 1587 lunii,
436 1506 638 1588 pontificatus
654 1507 702 1570 sui
720 1525 800 1570 arum
818 1503 1022 1582 rvrrdecimo'l
1045 1504 1210 1569 collacioni
1233 1509 1267 1567 et
1290 1503 1494 1585 disposicioni
1522 1522 1578 1568 sue
1602 1522 1640 1567 ea
1664 1504 1733 1568 vice

233 1609 416 1691 specialiter
438 1611 623 1692 reservavit,
656 1611 855 1675 decernendo
879 1616 995 1673 extrmc
1018 1609 1141 1673 irritum
1166 1613 1199 1672 et
1231 1608 1335 1683 inane,
1373 1607 1400 1669 si
1432 1626 1523 1671 secus
1554 1626 1650 1690 super
1673 1607 1753 1673 hiis-

233 1733 251 1776 a
273 1732 429 1794 quoquam
453 1714 564 1795 quavis
588 1716 777 1779 auctoritate
802 1715 941 1778 scienter
962 1714 1011 1777 vel
1027 1714 1211 1794 ignoranter
1227 1712 1429 1794 contingeret
1445 1712 1639 1796 attemptari.
1664 1712 1743 1778 Cum

233 1817 350 1898 itaque,
376 1818 459 1883 sicut
482 1819 670 1900 accepimus,
702 1819 906 1884 carronicatus
930 1825 964 1881 et
986 1818 1149 1899 prebenda
1179 1817 1313 1881 ecclesie
1348 1816 1621 1898 wissegradensis
1643 1804 1742 1901 prope

232 1922 373 2004 Pragam
389 1923 429 1986 ad
446 1923 617 1986 Romanam
633 1924 800 1987 ecclesiam
817 1924 903 1987 nullo
934 1922 1042 1986 medio
1066 1922 1257 2004 pertinentis
1267 1919 1304 1998 l),
1330 1939 1408 2001 quos
1434 1922 1538 1986 dictus
1562 1922 1688 1987 Bohute
1709 1922 1742 1986 iu

233 2026 344 2090 eadem
368 2027 504 2092 ecclesia
528 2027 782 2109 wissegradensi
812 2028 896 2092 dicte
921 2027 1149 2090 reservationis
1180 2031 1322 2107 tempore
1355 2026 1527 2106 obtinebat,
1563 2044 1620 2108 per
1641 2025 1743 2108 ipsius

239 2129 364 2194 Bohute
389 2130 518 2206 obitum,
543 2130 597 2210 qui
620 2130 704 2195 dicto
727 2132 953 2213 predecessore
977 2133 1010 2195 in
1025 2131 1171 2194 haurianis
1195 2135 1310 2212 agente
1326 2135 1418 2193 extra
1433 2131 1606 2194 Romanam
1626 2131 1744 2195 curiam

238 2232 322 2297 diem
333 2233 451 2298 clausit
466 2239 652 2314 extremum,
667 2235 851 2299 vacaverint
867 2242 900 2298 et
913 2253 1025 2298 vacere
1041 2241 1213 2298 noscantur
1228 2233 1268 2298 ad
1285 2252 1426 2317 presens,
1450 2233 1489 2297 de
1510 2234 1624 2314 quibus
1640 2234 1744 2298 dictus

235 2336 453 2418 predecessor,
478 2338 550 2402 dum
568 2337 657 2419 vixit,
679 2339 807 2403 minime
832 2339 999 2417 ordinavit,
1027 2356 1084 2403 nos
1103 2338 1245 2403 volentes
1267 2339 1384 2403 dictum
1402 2337 1595 2401 Willehnum
1610 2338 1740 2420 premis·

235 2459 340 2506 sorum
363 2441 548 2506 meritorum
563 2462 690 2507 suorum
716 2443 834 2507 intuitu
850 2461 909 2508 nec
925 2462 985 2508 rron
1010 2443 1349 2509 consideracione...
1371 2493 1377 2505 .
1402 2441 1507 2506 Caroli
1530 2443 1741 2506 Romanorum

234 2550 268 2609 et
301 2545 429 2609 Boemie
463 2546 546 2628 regis
577 2546 722 2629 illustris,
757 2567 814 2630 pro
846 2547 930 2612 dicto
966 2547 1125 2613 Willelmo
1155 2548 1246 2613 nobis
1277 2565 1373 2630 super
1402 2546 1461 2612 hoc
1483 2546 1647 2612 humiliter
1669 2565 1742 2629 sup·

233 2648 418 2733 plicantis,²)
440 2648 547 2714 lavore
570 2652 871 2736 prosequigracioso,
896 2652 1083 2718 discrecioni
1113 2658 1220 2716 vestre
1236 2672 1294 2734 per
1317 2651 1491 2734 apostolica
1514 2651 1633 2734 scripta
1656 2669 1741 2716 man·

235 2754 355 2829 dumne,
389 2760 546 2835 quatenus
565 2806 573 2821 .
592 2808 598 2820 .
620 2807 653 2820 ..
689 2758 849 2839 predictos
880 2757 1099 2822 canonicatum
1131 2765 1165 2821 et
1200 2757 1505 2841 prebendam
1535 2757 1639 2820 eidem
1663 2755 1741 2820 Wil-

233 2858 328 2922 lelmo
349 2907 355 2922 .
376 2911 382 2924 .
403 2911 409 2923 .
430 2909 436 2921 .
461 2859 604 2924 conferre
621 2867 655 2924 et
671 2862 835 2944 assignare
852 2863 979 2944 curetis,
1005 2915 1010 2927 .
1032 2915 1038 2925 .
1058 2913 1090 2926 ..
1131 2863 1411 2927 nonobstantibus
1435 2912 1441 2925 .
1463 2912 1494 2926 ..
1520 2913 1536 2941 .,
1559 2861 1642 2942 quod
1657 2861 1742 2924 idem

236 2962 411 3026 Willelmus
434 2964 609 3045 predictam
625 2966 854 3047 parrochialem
873 2966 1043 3031 ecclesiam
1069 2967 1101 3030 in
1119 2966 1237 3030 Clatou
1261 2967 1404 3031 noscitur
1419 2966 1571 3031 obtiner'e.
1596 3018 1602 3030 .
1623 3017 1629 3028 .
1649 3014 1656 3027 .
1676 3015 1683 3030 .
1704 2966 1741 3030 D.

235 3065 392 3131 Auiniune
416 3067 459 3130 VI
483 3087 554 3133 riou.
578 3069 690 3134 Marcii
715 3070 875 3152 aprime..

365 3254 398 3309 R.
417 3255 478 3309 Vnt.
496 3263 546 3310 244
564 3256 611 3310 lol.
630 3261 700 3326 403',
725 3259 756 3312 R.
777 3260 836 3312 Vat.
855 3266 906 3312 219
925 3258 971 3313 lcl.
984 3265 1044 3313 253.
1063 3291 1095 3298 -
1116 3263 1140 3325 ἢ)
1161 3259 1283 3327 Corrige:
1302 3258 1495 3326 ‚Curimensis‘.
1516 3259 1541 3325 b)
1558 3258 1647 3339 ,niodo
1661 3258 1742 3328 perti·

235 3345 341 3394 nentes‘
362 3343 424 3396 l‘at.
445 3373 476 3382 —
499 3343 517 3410 ¹)
540 3350 606 3397 lata
624 3345 701 3400 Junii
720 3353 745 3400 4.
764 3350 783 3413 ²)
802 3346 970 3415 Supplicatio
990 3346 1040 3400 sub
1059 3363 1099 3400 nr.
1118 3352 1159 3399 33.

236 3727 296 3793 26.
329 3727 425 3793 Aaou
448 3730 559 3809 recino
584 3730 795 3795 Ronronorum
817 3730 986 3815 supplicat,
1011 3737 1167 3811 quotenus
1192 3733 1415 3818 infrascriptis
1437 3735 1475 3798 de
1496 3732 1742 3813 corionicatibas,

231 3832 430 3916 praebemlis,
454 3835 663 3914 captatoribus
679 3838 712 3900 in
728 3836 858 3901 ecclesia
875 3838 1037 3918 Propensa,
1064 3837 1310 3918 lisseprodensr',
1332 3836 1583 3920 Vrotislaoiensi,
1597 3838 1743 3922 Spirensi

737 3944 766 4003 et
798 3941 1015 4005 libroiotiensi
1032 3942 1249 4021 provideatur.

1139 4070 1302 4175 Αιιιιιιε,
1327 4101 1410 4162 13:33
1434 4100 1550 4163 ιιιιιιι
1572 4101 1592 4160 2
1615 4103 1645 4164 a
1666 4102 1697 4164 a.

366 4282 530 4366 Supplicat
563 4283 603 4348 Sti
632 4285 685 4349 Vre
720 4287 918 4351 ....Anna
936 4338 942 4350 .
963 4337 969 4349 .
992 4339 1024 4350 ..
1061 4289 1271 4353 Romanorum
1292 4343 1297 4353 .
1319 4343 1324 4353 .
1346 4340 1378 4354 ..
1409 4296 1443 4354 et
1465 4290 1595 4360 Boemie
1622 4292 1742 4373 regina,

237 4395 393 4469 qrratenns
417 4391 477 4453 sibi
510 4391 542 4453 in
565 4409 701 4472 persona
731 4391 884 4454 carissimi
919 4390 1026 4454 fratris
1058 4393 1106 4455 sui
1129 4392 1291 4475 lobannis,
1323 4395 1390 4458 irati
1414 4394 1540 4460 lludolti
1568 4396 1658 4459 ducis
1680 4397 1740 4460 Ba-

238 4495 324 4556 narie.
348 4502 381 4556 et
404 4495 527 4560 comitis
544 4497 676 4577 palatini
693 4497 783 4571 lieni,
808 4497 961 4577 genituris
978 4497 1077 4578 ipsius
1094 4499 1212 4580 regine,
1236 4498 1406 4580 specialem
1421 4500 1558 4580 graciam
1574 4500 1742 4582 facientes

237 4598 276 4660 de
300 4599 465 4678 dignitate,
497 4608 669 4681 personatu
693 4602 742 4664 vel
766 4601 868 4665 ol'ticio
893 4621 974 4664 rruuc
997 4603 1182 4665 vacantibus
1206 4604 1255 4666 vel
1280 4604 1420 4684 proxime
1452 4605 1611 4668 vacaturis
1635 4604 1667 4668 in
1691 4622 1742 4668 ec-

237 4701 334 4764 clesia
361 4703 509 4784 Progensi
533 4704 706 4785 dignemini
730 4707 904 4787 graciosius
928 4708 1104 4788 providere.

367 4825 439 4889 Fiat
468 4825 567 4889 eciam
599 4846 668 4890 cum
692 4828 847 4905 dignitate
872 4834 932 4893 etc.
965 4829 1001 4891 G.
1026 4830 1064 4892 D.
1091 4829 1245 4893 huinione
1271 4830 1312 4892 l'l
1344 4849 1415 4894 ιιιιιι.
1443 4829 1554 4895 llarcii
1578 4851 1604 4896 a.
1627 4833 1741 4915 primo.

369 4946 446 5008 ltem
472 4949 629 5029 srrltplicat
652 4951 736 5013 dicta
761 4952 877 5032 regina,
908 4958 1064 5030 aliatenus
1088 4952 1221 5015 similem
1245 4955 1381 5033 graciam
1405 4954 1570 5035 farcientes,
1601 4954 1740 5021 Johanni

238 5054 312 5111 mdo
336 5050 449 5112 nobilis
482 5051 538 5114 viri
563 5052 719 5117 Harbordi
751 5055 789 5117 de
813 5055 1008 5122 canori-imm
1043 5056 1187 5133 viragistri
1222 5058 1308 5120 curie
1340 5058 1424 5120 dicte
1459 5059 1578 5140 regine,
1613 5061 1742 5125 baronis

239 5154 327 5235 regni
352 5154 489 5234 lloemie,
520 5157 634 5221 clerico
658 5145 827 5233 Pragonsis
851 5161 942 5240 dioc,
976 5163 1014 5223 de
1039 5163 1223 5225 carronicatu
1248 5165 1306 5225 sub
1330 5167 1556 5244 expectatione
1578 5166 1741 5247 prebende

238 5257 372 5321 ecclesie
395 5259 564 5339 Pragensis
587 5281 657 5325 cum
680 5263 832 5327 anteferri
855 5283 891 5327 ac
915 5265 985 5328 aliis
1008 5266 1158 5329 clausulis
1182 5267 1346 5348 oportunis
1384 5273 1419 5330 ut
1453 5268 1485 5330 in
1508 5268 1608 5333 forma
1630 5268 1741 5351 digne-

238 5362 315 5427 mini
337 5364 513 5446 providere.
