3944 6060
234 395 299 458 414
840 389 907 444 Acta
925 388 1076 444 Innocentii
1094 387 1139 444 Vl.

231 600 302 664 illas
326 603 524 665 corinnittere
548 600 731 681 dignemini,
755 602 807 680 qui
832 600 916 664 dicta
940 601 1104 665 Thornlino
1128 599 1167 663 de
1191 598 1402 663 absolucionis
1426 597 1580 663 beneficio
1604 604 1639 662 et
1664 597 1739 663 aliis

232 705 425 769 salutaribus
459 703 609 768 remediis
644 704 750 767 valeat
771 705 948 785 providere,
985 724 1053 770 curra
1077 704 1147 785 ipso
1182 709 1313 785 propter
1346 703 1467 767 riarum
1490 702 1679 768 discrimina
1710 708 1745 767 et

234 809 388 891 capitales
411 808 597 872 inimicicias
621 807 832 889 personaliter
855 815 993 888 nequeat
1016 809 1123 872 sedem
1147 808 1352 890 apostolicam
1376 807 1516 872 visitare.

362 945 434 1011 Fiat
456 948 488 1011 in
512 946 611 1011 forma
635 946 671 1010 G.
697 946 771 1010 Sine
796 947 859 1010 alia
882 946 1031 1010 leccione.
1064 945 1136 1009 Fiat
1160 947 1196 1010 G.
1221 947 1259 1010 D.
1284 947 1440 1013 Auinione
1475 947 1502 1012 V
1527 946 1590 1011 kal.
1616 946 1740 1011 Febru-

233 1052 292 1116 arii
316 1072 342 1115 a.
367 1059 489 1116 octavo.

366 1240 395 1293 ll.
414 1241 509 1309 Suppl.
530 1248 560 1294 :ll
582 1239 628 1291 iol.
649 1246 689 1291 ll.
712 1271 742 1278 -
778 1243 801 1306 ³)
821 1238 946 1306 (instiget
966 1239 1108 1301 ,Clrutnis‘¹

235 1629 350 1693 1038.
386 1627 520 1690 Tussoni
542 1625 579 1689 de
604 1625 734 1704 Pereo)
764 1621 846 1686 luico
870 1622 1043 1703 l'ropensis
1067 1622 1143 1689 dioc.
1167 1623 1355 1704 inclametur,
1379 1629 1414 1687 at
1436 1627 1597 1704 consessor
1620 1623 1690 1689 cius
1713 1625 1751 1689 in

235 1733 345 1796 intortis
379 1730 513 1794 articulo
545 1729 677 1812 plenum
711 1728 849 1791 omnium
885 1731 1087 1809 peccatoram
1127 1728 1340 1793 remissionem
1373 1728 1402 1791 ei
1435 1727 1600 1793 concedere
1627 1727 1748 1811 possit.

494 1835 682 1916 ,Prot-enit“
712 1833 886 1911 ,Aninione
913 1832 986 1895 IIII
1004 1831 1068 1897 nal.
1093 1832 1264 1896 Ibbruorii
1286 1854 1315 1896 a.
1340 1835 1476 1896 oelav0.“

1171 1970 1332 2052 Asoinione,
1357 1973 1442 2034 1360
1464 1968 1622 2037 Jonnorn'i
1645 1972 1701 2036 29.

366 2160 396 2214 R.
419 2164 465 2212 Ar.
487 2165 535 2212 142
555 2159 601 2212 sol.
621 2166 679 2212 520.
701 2190 732 2197 —
766 2163 790 2223 11)
809 2159 929 2226 ,l'erucz‘
947 2160 996 2210 Aa.

886 2376 923 2384 ,-.
938 2374 1006 2381 ----
1017 2371 1089 2378 ---·-⁴·

238 2564 355 2630 1039.
379 2562 609 2626 Arcbidiucono
645 2561 837 2626 (laodicensi
868 2560 1050 2639 ascendatur,
1084 2565 1238 2642 quatenns
1272 2581 1403 2625 consum
1440 2559 1528 2625 Petri
1560 2561 1746 2626 Hermonni

233 2667 364 2749 plebani
387 2668 532 2732 ccclesiae
554 2667 591 2731 de
614 2666 801 2749 Pebede'tica,
825 2667 875 2730 cai
903 2667 1028 2732 Sasima
1050 2664 1139 2729 aniles
1174 2664 1211 2728 de
1233 2664 1337 2728 eodem
1358 2663 1424 2730 loco
1454 2664 1594 2729 decimos
1617 2669 1748 2730 contra·

498 2771 576 2835 dicit
597 2775 627 2835 et
649 2792 739 2854 quem
760 2771 920 2835 verberari
941 2769 1118 2852 enunciavit,
1140 2768 1240 2833 debito
1254 2767 1323 2849 fine
1345 2769 1481 2834 decidat.

288 2928 356 2978 .Χ.
1172 2909 1334 2990 Aninione,
1360 2912 1448 2975 1360
1469 2911 1626 2976 Jonuorii
1649 2913 1704 2979 31.

369 3102 406 3164 ll.
430 3099 449 3163 f.
470 3150 502 3163 ..
526 3100 745 3166 archidiacono
776 3102 962 3167 Graclicensi
986 3103 1019 3166 in
1042 3102 1178 3167 ecclesia
1201 3101 1353 3183 Pragensi
1377 3101 1512 3166 salutem
1537 3108 1598 3167 etc.
1646 3101 1749 3168 Exhi-

240 3205 306 3268 bita
328 3205 417 3269 uobis
452 3224 508 3286 pro
532 3213 623 3286 parte
647 3206 675 3269 d.
698 3206 719 3268 f.
752 3207 837 3271 Petri
869 3206 1040 3270 llermanni
1071 3206 1198 3286 plebani
1221 3206 1429 3288 parrochialis
1460 3205 1595 3271 ecclesie
1630 3206 1665 3271 in
1688 3205 1748 3272 Po-

241 3309 391 3373 caiedlicz
415 3310 584 3391 Pragensis
615 3310 694 3374 cliuo.
719 3311 834 3392 peticio
865 3312 1056 3389 coratinebat,
1080 3311 1162 3390 quod
1186 3310 1263 3375 lieet
1291 3310 1457 3392 percepcio
1488 3311 1626 3375 omnium
1661 3311 1750 3377 deci-

240 3433 360 3477 marum
383 3413 627 3496 possessionum,
651 3420 805 3478 terrannn
829 3422 862 3480 et
885 3416 1017 3480 aliorum
1040 3417 1192 3479 bonorum
1208 3413 1296 3478 infra
1329 3414 1447 3478 limites
1469 3414 1636 3496 parrochie
1661 3416 1750 3480 dicte

239 3518 374 3582 ecclesie
398 3518 641 3583 consistencium
665 3521 704 3583 ad
720 3520 889 3601 plebanum
913 3520 996 3585 dicte
1020 3519 1155 3584 ecclesie
1179 3537 1236 3600 pro
1261 3525 1403 3600 tempore
1427 3519 1619 3583 existentem
1643 3520 1748 3584 eriam

241 3625 280 3688 de
304 3624 434 3705 antiqua
457 3629 490 3686 et
514 3625 688 3706 approbata
718 3631 751 3688 et
774 3625 926 3689 hactenus
958 3623 1087 3706 pacifice
1119 3624 1288 3687 observata
1319 3623 1548 3688 consuetudine
1579 3625 1749 3704 pertinere

240 3735 398 3812 noscatur,
421 3735 455 3794 et
486 3735 550 3792 tam
575 3729 658 3793 idem
681 3729 835 3811 plebanus
866 3748 958 3809 quam
989 3729 1234 3810 predecessores
1258 3728 1307 3791 sui
1330 3727 1457 3809 plebani
1490 3727 1573 3792 dicte
1596 3727 1750 3808 ecclesie,

242 3834 295 3913 nui
318 3832 446 3897 fuerunt
468 3852 524 3914 pro
549 3839 701 3916 tempore,
732 3833 851 3898 fuerint
873 3834 905 3896 in
929 3832 1059 3914 pacifica
1082 3833 1283 3914 possessione
1315 3832 1365 3897 rel
1390 3831 1479 3913 quasi
1502 3831 1581 3896 iuris
1605 3833 1747 3916 percipi-

241 3938 315 4000 endi
339 3937 517 4001 huiusmodi
549 3938 695 4017 decimas,
720 3958 738 4001 a
761 3944 902 4019 tempure
934 3938 1023 4001 ouius
1047 3937 1197 4001 contrarii
1227 3937 1379 4000 nicanoris
1401 3956 1463 4001 nou
1494 3936 1614 4018 existit,
1638 3943 1750 4002 tamen

242 4041 356 4106 nobilis
379 4042 427 4105 vir
450 4043 584 4104 Zezama
615 4044 653 4105 de
678 4042 762 4106 dicto
786 4044 854 4107 loco
886 4042 924 4105 de
949 4043 1144 4106 Pocziedlicn
1176 4041 1267 4105 miles
1291 4042 1374 4105 dicte
1398 4042 1478 4107 cliuo.
1511 4041 1652 4106 decimas
1676 4062 1749 4125 pro-

241 4151 399 4226 ventuum,
423 4152 588 4224 terrarum,
612 4147 847 4227 possessionum
863 4154 896 4210 et
912 4147 1043 4211 aliorum
1067 4147 1217 4210 botrorum
1241 4163 1368 4210 snorum
1392 4144 1474 4209 infra
1501 4146 1602 4210 dictos
1625 4145 1751 4211 limites

241 4249 483 4313 consistencium
514 4269 572 4331 per
595 4256 665 4314 octo
689 4269 787 4314 anicios
818 4256 852 4313 et
874 4251 959 4314 ultra
989 4251 1092 4313 eidem
1125 4250 1260 4330 plebanae
1292 4249 1415 4313 soluere
1448 4249 1589 4314 indebite
1620 4256 1750 4315 contra-

241 4352 321 4415 dixit
344 4359 378 4416 ct
400 4353 597 4434 contradicit,
621 4372 808 4434 qrramqunm
831 4373 927 4435 snper
950 4354 1007 4418 ltoc
1032 4355 1150 4434 pluries
1174 4373 1230 4435 pro
1263 4360 1352 4435 parte
1377 4354 1455 4417 dicti
1478 4354 1606 4435 plebani
1631 4356 1750 4420 carita-

241 4456 305 4519 tive
329 4457 467 4520 triunitas
490 4462 524 4519 et
546 4457 719 4537 requisitus
751 4459 904 4540 extiterit,
934 4459 1009 4538 quin
1032 4478 1103 4538 pnno
1126 4459 1236 4539 peiora
1259 4458 1350 4520 ritulis
1376 4458 1585 4540 atccunnulunS,
1609 4460 1751 4524 eundem

242 4560 370 4623 Petrum
399 4561 567 4642 plebanum
599 4580 656 4642 per
686 4563 857 4627 Martinum
888 4563 1108 4627 molendinarii
1140 4563 1298 4644 clericum,
1339 4562 1596 4642 Belnnrconem·)
1627 4564 1752 4628 dictum

242 4665 353 4744 llonpn
377 4671 612 4743 procuratorem
636 4667 713 4730 dicti
737 4668 847 4730 rnilitis
863 4674 897 4731 ot
911 4667 1089 4732 Juliannem
1113 4667 1231 4730 ‹lietum
1257 4664 1375 4749 Conlik,
1399 4667 1610 4731 llarniconem
1628 4667 1751 4733 dictum

241 4769 383 4848 l‘mssye,
415 4768 627 4832 Blalrucuumn
659 4771 758 4851 ipsius
783 4771 971 4836 llarnicnuis
1003 4771 1109 4850 filimn,
1135 4771 1250 4833 laicmn
1274 4770 1358 4834 dicte
1392 4771 1482 4850 dioc,
1514 4776 1549 4835 et
1578 4772 1753 4838 nonnullos

241 4872 320 4936 alios
341 4871 440 4933 eciam
463 4872 688 4952 pamachiauus
705 4875 789 4938 dicte
813 4875 957 4953 ecclesie,
974 4874 1156 4952 familiares
1182 4875 1349 4956 satellites
1367 4875 1535 4956 complices
1557 4881 1592 4939 et
1606 4874 1753 4942 lautores

240 4976 317 5039 dicti
348 4975 458 5038 militis
489 4977 624 5040 eundem
662 4979 789 5043 Petrum
825 4980 994 5060 plebanum
1029 4980 1082 5043 dei
1116 4980 1228 5043 timore
1264 4980 1442 5061 postposito
1475 4997 1554 5043 ausu
1592 4981 1752 5062 sacrilego

241 5079 402 5143 verberari
426 5080 520 5143 etita
537 5082 653 5144 acriter
677 5083 836 5146 vnrlnermi
860 5084 1022 5147 nramlavit
1045 5089 1079 5146 et
1101 5083 1185 5163 lecit,
1209 5084 1291 5163 quod
1316 5101 1373 5164 per
1396 5084 1564 5148 nonnullos
1588 5084 1629 5148 de
1647 5084 1749 5167 ipsius

241 5184 329 5247 Petri
353 5185 440 5248 obitu
472 5184 688 5248 verisimiliter
719 5187 900 5250 timebatur.
932 5190 975 5251 Et
998 5189 1139 5267 ‹prummis
1164 5188 1247 5251 idem
1271 5188 1386 5252 Petrus
1417 5187 1579 5269 predictos
1601 5188 1751 5270 militem,

242 5288 348 5372 larices,
378 5288 560 5373 furniliarea,
592 5290 759 5374 satellites,
791 5292 961 5374 coirrprlices
992 5299 1026 5356 et
1048 5292 1189 5358 lautores
1220 5310 1316 5373 super
1345 5292 1510 5375 premissis
1540 5291 1741 5359 curandi
