<?xml version="1.0" encoding="UTF-8"?>
<!DOCTYPE html PUBLIC "-//W3C//DTD XHTML 1.0 Transitional//EN"
    "http://www.w3.org/TR/xhtml1/DTD/xhtml1-transitional.dtd">
<html xmlns="http://www.w3.org/1999/xhtml" xml:lang="en" lang="en">
 <head>
  <title>
</title>
<meta http-equiv="Content-Type" content="text/html;charset=utf-8" />
  <meta name='ocr-system' content='tesseract 3.04.00' />
  <meta name='ocr-capabilities' content='ocr_page ocr_carea ocr_par ocr_line ocrx_word'/>
</head>
<body>
  <div class='ocr_page' id='page_1' title='image "./monumentavatica00vatigoog_0454.png"; bbox 0 0 3944 6060; ppageno 0'>
   <div class='ocr_carea' id='block_1_1' title="bbox 720 378 1741 464">
    <p class='ocr_par' dir='ltr' id='par_1_1' title="bbox 720 378 1741 464">
     <span class='ocr_line' id='line_1_1' title="bbox 720 378 1741 464; baseline 0.012 -28"><span class='ocrx_word' id='word_1_1' title='bbox 720 386 785 440; x_wconf 73' lang='lat'><strong>1859</strong></span> <span class='ocrx_word' id='word_1_2' title='bbox 804 378 923 456; x_wconf 76' lang='lat' dir='ltr'><strong>Augusti</strong></span> <span class='ocrx_word' id='word_1_3' title='bbox 940 391 975 440; x_wconf 76' lang='lat'><strong>25</strong></span> <span class='ocrx_word' id='word_1_4' title='bbox 993 380 1197 444; x_wconf 82' lang='lat' dir='ltr'><strong>—Norembris</strong></span> <span class='ocrx_word' id='word_1_5' title='bbox 1218 392 1257 444; x_wconf 81' lang='lat'><strong>18.</strong></span> <span class='ocrx_word' id='word_1_6' title='bbox 1678 394 1741 464; x_wconf 79' lang='lat'><strong>401</strong></span> 
     </span>
    </p>
   </div>
   <div class='ocr_carea' id='block_1_2' title="bbox 233 589 1795 4021">
    <p class='ocr_par' dir='ltr' id='par_1_2' title="bbox 233 589 1795 4021">
     <span class='ocr_line' id='line_1_2' title="bbox 236 589 1742 680; baseline 0.008 -24"><span class='ocrx_word' id='word_1_7' title='bbox 236 608 326 657; x_wconf 90' lang='lat' dir='ltr'><strong>secus</strong></span> <span class='ocrx_word' id='word_1_8' title='bbox 349 609 446 673; x_wconf 89' lang='lat' dir='ltr'><strong>super</strong></span> <span class='ocrx_word' id='word_1_9' title='bbox 467 589 530 656; x_wconf 92' lang='lat' dir='ltr'><strong>hiis</strong></span> <span class='ocrx_word' id='word_1_10' title='bbox 549 641 556 658; x_wconf 94' lang='lat'><strong>.</strong></span> <span class='ocrx_word' id='word_1_11' title='bbox 576 641 583 655; x_wconf 91' lang='lat'><strong>.</strong></span> <span class='ocrx_word' id='word_1_12' title='bbox 602 640 636 657; x_wconf 92' lang='lat'><strong>..</strong></span> <span class='ocrx_word' id='word_1_13' title='bbox 661 594 861 676; x_wconf 83' lang='lat' dir='ltr'><strong>corrtingeret</strong></span> <span class='ocrx_word' id='word_1_14' title='bbox 876 598 1071 680; x_wconf 80' lang='lat' dir='ltr'><strong>attemptari.</strong></span> <span class='ocrx_word' id='word_1_15' title='bbox 1095 598 1309 664; x_wconf 82' lang='lat' dir='ltr'><strong>Postmodum</strong></span> <span class='ocrx_word' id='word_1_16' title='bbox 1326 621 1400 666; x_wconf 89' lang='lat' dir='ltr'><strong>vero</strong></span> <span class='ocrx_word' id='word_1_17' title='bbox 1416 604 1527 669; x_wconf 88' lang='lat' dir='ltr'><strong>eodem</strong></span> <span class='ocrx_word' id='word_1_18' title='bbox 1550 604 1742 669; x_wconf 88' lang='lat' dir='ltr'><strong>monasterio</strong></span> 
     </span>
     <span class='ocr_line' id='line_1_3' title="bbox 233 695 1743 783; baseline 0.007 -22"><span class='ocrx_word' id='word_1_19' title='bbox 233 715 289 780; x_wconf 90' lang='lat' dir='ltr'><strong>per</strong></span> <span class='ocrx_word' id='word_1_20' title='bbox 310 696 411 779; x_wconf 78' lang='lat' dir='ltr'><strong>ipsius</strong></span> <span class='ocrx_word' id='word_1_21' title='bbox 434 695 581 762; x_wconf 87' lang='lat' dir='ltr'><strong>Mrakote</strong></span> <span class='ocrx_word' id='word_1_22' title='bbox 617 698 742 762; x_wconf 87' lang='lat' dir='ltr'><strong>abbatis</strong></span> <span class='ocrx_word' id='word_1_23' title='bbox 780 700 911 783; x_wconf 89' lang='lat' dir='ltr'><strong>obitum,</strong></span> <span class='ocrx_word' id='word_1_24' title='bbox 946 702 999 782; x_wconf 92' lang='lat' dir='ltr'><strong>qui</strong></span> <span class='ocrx_word' id='word_1_25' title='bbox 1023 707 1116 767; x_wconf 89' lang='lat' dir='ltr'><strong>extra</strong></span> <span class='ocrx_word' id='word_1_26' title='bbox 1152 703 1270 768; x_wconf 88' lang='lat' dir='ltr'><strong>curiam</strong></span> <span class='ocrx_word' id='word_1_27' title='bbox 1304 706 1479 771; x_wconf 86' lang='lat' dir='ltr'><strong>Romanam</strong></span> <span class='ocrx_word' id='word_1_28' title='bbox 1514 707 1598 772; x_wconf 88' lang='lat' dir='ltr'><strong>diem</strong></span> <span class='ocrx_word' id='word_1_29' title='bbox 1627 708 1743 772; x_wconf 88' lang='lat' dir='ltr'><strong>clausit</strong></span> 
     </span>
     <span class='ocr_line' id='line_1_4' title="bbox 238 801 1740 892; baseline 0.008 -28"><span class='ocrx_word' id='word_1_30' title='bbox 238 806 421 884; x_wconf 90' lang='lat' dir='ltr'><strong>extremum,</strong></span> <span class='ocrx_word' id='word_1_31' title='bbox 457 807 600 884; x_wconf 87' lang='lat' dir='ltr'><strong>vacante,</strong></span> <span class='ocrx_word' id='word_1_32' title='bbox 635 802 686 866; x_wconf 90' lang='lat' dir='ltr'><strong>dd.</strong></span> <span class='ocrx_word' id='word_1_33' title='bbox 710 801 744 866; x_wconf 80' lang='lat' dir='ltr'><strong>ff.</strong></span> <span class='ocrx_word' id='word_1_34' title='bbox 770 810 944 870; x_wconf 92' lang='lat' dir='ltr'><strong>conventus</strong></span> <span class='ocrx_word' id='word_1_35' title='bbox 979 805 1122 871; x_wconf 91' lang='lat' dir='ltr'><strong>eiusdem</strong></span> <span class='ocrx_word' id='word_1_36' title='bbox 1146 810 1343 892; x_wconf 90' lang='lat' dir='ltr'><strong>monasterii,</strong></span> <span class='ocrx_word' id='word_1_37' title='bbox 1376 811 1606 876; x_wconf 78' lang='lat' dir='ltr'><strong>reservationis</strong></span> <span class='ocrx_word' id='word_1_38' title='bbox 1629 818 1662 876; x_wconf 92' lang='lat' dir='ltr'><strong>et</strong></span> <span class='ocrx_word' id='word_1_39' title='bbox 1686 812 1740 876; x_wconf 89' lang='lat' dir='ltr'><strong>de·</strong></span> 
     </span>
     <span class='ocr_line' id='line_1_5' title="bbox 238 907 1742 994; baseline 0.007 -24"><span class='ocrx_word' id='word_1_40' title='bbox 238 907 314 971; x_wconf 91' lang='lat' dir='ltr'><strong>creti</strong></span> <span class='ocrx_word' id='word_1_41' title='bbox 337 907 563 989; x_wconf 90' lang='lat' dir='ltr'><strong>predictorum,</strong></span> <span class='ocrx_word' id='word_1_42' title='bbox 586 913 623 971; x_wconf 92' lang='lat' dir='ltr'><strong>ut</strong></span> <span class='ocrx_word' id='word_1_43' title='bbox 646 908 811 987; x_wconf 85' lang='lat' dir='ltr'><strong>asseritur,</strong></span> <span class='ocrx_word' id='word_1_44' title='bbox 835 910 948 992; x_wconf 82' lang='lat' dir='ltr'><strong>ignari,</strong></span> <span class='ocrx_word' id='word_1_45' title='bbox 980 918 1013 974; x_wconf 91' lang='lat' dir='ltr'><strong>te</strong></span> <span class='ocrx_word' id='word_1_46' title='bbox 1038 911 1224 976; x_wconf 88' lang='lat' dir='ltr'><strong>canonicum</strong></span> <span class='ocrx_word' id='word_1_47' title='bbox 1246 913 1347 994; x_wconf 90' lang='lat' dir='ltr'><strong>ipsius</strong></span> <span class='ocrx_word' id='word_1_48' title='bbox 1370 917 1567 991; x_wconf 85' lang='lat' dir='ltr'><strong>monasterii,</strong></span> <span class='ocrx_word' id='word_1_49' title='bbox 1600 916 1742 981; x_wconf 87' lang='lat' dir='ltr'><strong>ordinem</strong></span> 
     </span>
     <span class='ocr_line' id='line_1_6' title="bbox 238 1010 1741 1100; baseline 0.007 -26"><span class='ocrx_word' id='word_1_50' title='bbox 238 1010 338 1093; x_wconf 92' lang='lat' dir='ltr'><strong>ipsum</strong></span> <span class='ocrx_word' id='word_1_51' title='bbox 372 1029 524 1094; x_wconf 86' lang='lat' dir='ltr'><strong>expresse</strong></span> <span class='ocrx_word' id='word_1_52' title='bbox 559 1010 736 1093; x_wconf 86' lang='lat' dir='ltr'><strong>professum</strong></span> <span class='ocrx_word' id='word_1_53' title='bbox 761 1014 850 1077; x_wconf 90' lang='lat' dir='ltr'><strong>etin</strong></span> <span class='ocrx_word' id='word_1_54' title='bbox 875 1014 1058 1080; x_wconf 89' lang='lat' dir='ltr'><strong>sacerdocio</strong></span> <span class='ocrx_word' id='word_1_55' title='bbox 1093 1017 1309 1100; x_wconf 89' lang='lat' dir='ltr'><strong>constitutum,</strong></span> <span class='ocrx_word' id='word_1_56' title='bbox 1332 1017 1363 1081; x_wconf 93' lang='lat' dir='ltr'><strong>in</strong></span> <span class='ocrx_word' id='word_1_57' title='bbox 1387 1038 1495 1083; x_wconf 90' lang='lat' dir='ltr'><strong>eorum</strong></span> <span class='ocrx_word' id='word_1_58' title='bbox 1519 1026 1553 1084; x_wconf 90' lang='lat' dir='ltr'><strong>et</strong></span> <span class='ocrx_word' id='word_1_59' title='bbox 1576 1020 1654 1084; x_wconf 89' lang='lat' dir='ltr'><strong>dicti</strong></span> <span class='ocrx_word' id='word_1_60' title='bbox 1677 1040 1741 1085; x_wconf 91' lang='lat' dir='ltr'><strong>rno-</strong></span> 
     </span>
     <span class='ocr_line' id='line_1_7' title="bbox 238 1115 1740 1203; baseline 0.007 -24"><span class='ocrx_word' id='word_1_61' title='bbox 238 1117 368 1181; x_wconf 89' lang='lat' dir='ltr'><strong>nasterii</strong></span> <span class='ocrx_word' id='word_1_62' title='bbox 392 1116 538 1180; x_wconf 87' lang='lat' dir='ltr'><strong>abbatem</strong></span> <span class='ocrx_word' id='word_1_63' title='bbox 562 1115 639 1180; x_wconf 91' lang='lat' dir='ltr'><strong>litet</strong></span> <span class='ocrx_word' id='word_1_64' title='bbox 663 1117 702 1180; x_wconf 93' lang='lat' dir='ltr'><strong>de</strong></span> <span class='ocrx_word' id='word_1_65' title='bbox 726 1117 809 1182; x_wconf 87' lang='lat' dir='ltr'><strong>facto</strong></span> <span class='ocrx_word' id='word_1_66' title='bbox 833 1119 1033 1184; x_wconf 91' lang='lat' dir='ltr'><strong>concorditer</strong></span> <span class='ocrx_word' id='word_1_67' title='bbox 1054 1119 1231 1203; x_wconf 83' lang='lat' dir='ltr'><strong>elegerunt,</strong></span> <span class='ocrx_word' id='word_1_68' title='bbox 1253 1127 1350 1202; x_wconf 89' lang='lat' dir='ltr'><strong>tuque</strong></span> <span class='ocrx_word' id='word_1_69' title='bbox 1374 1123 1606 1188; x_wconf 78' lang='lat' dir='ltr'><strong>reservationis</strong></span> <span class='ocrx_word' id='word_1_70' title='bbox 1629 1129 1663 1188; x_wconf 92' lang='lat' dir='ltr'><strong>et</strong></span> <span class='ocrx_word' id='word_1_71' title='bbox 1686 1124 1740 1188; x_wconf 90' lang='lat' dir='ltr'><strong>de-</strong></span> 
     </span>
     <span class='ocr_line' id='line_1_8' title="bbox 238 1221 1742 1309; baseline 0.004 -24"><span class='ocrx_word' id='word_1_72' title='bbox 238 1221 314 1286; x_wconf 88' lang='lat' dir='ltr'><strong>creti</strong></span> <span class='ocrx_word' id='word_1_73' title='bbox 337 1221 562 1303; x_wconf 78' lang='lat' dir='ltr'><strong>predictorum,</strong></span> <span class='ocrx_word' id='word_1_74' title='bbox 587 1226 623 1284; x_wconf 92' lang='lat' dir='ltr'><strong>ut</strong></span> <span class='ocrx_word' id='word_1_75' title='bbox 646 1221 810 1304; x_wconf 89' lang='lat' dir='ltr'><strong>asseritur,</strong></span> <span class='ocrx_word' id='word_1_76' title='bbox 846 1223 996 1288; x_wconf 88' lang='lat' dir='ltr'><strong>similiter</strong></span> <span class='ocrx_word' id='word_1_77' title='bbox 1019 1224 1145 1302; x_wconf 87' lang='lat' dir='ltr'><strong>inscius,</strong></span> <span class='ocrx_word' id='word_1_78' title='bbox 1178 1224 1329 1289; x_wconf 82' lang='lat' dir='ltr'><strong>eleccioni</strong></span> <span class='ocrx_word' id='word_1_79' title='bbox 1354 1225 1544 1309; x_wconf 89' lang='lat' dir='ltr'><strong>huiusmodi,</strong></span> <span class='ocrx_word' id='word_1_80' title='bbox 1573 1227 1660 1290; x_wconf 93' lang='lat' dir='ltr'><strong>illius</strong></span> <span class='ocrx_word' id='word_1_81' title='bbox 1684 1228 1742 1291; x_wconf 90' lang='lat' dir='ltr'><strong>tibi</strong></span> 
     </span>
     <span class='ocr_line' id='line_1_9' title="bbox 237 1326 1740 1412; baseline 0.004 -23"><span class='ocrx_word' id='word_1_82' title='bbox 237 1330 420 1407; x_wconf 89' lang='lat' dir='ltr'><strong>presentato</strong></span> <span class='ocrx_word' id='word_1_83' title='bbox 444 1326 582 1406; x_wconf 90' lang='lat' dir='ltr'><strong>decreto,</strong></span> <span class='ocrx_word' id='word_1_84' title='bbox 606 1327 822 1407; x_wconf 73' lang='lat' dir='ltr'><strong>consenciens</strong></span> <span class='ocrx_word' id='word_1_85' title='bbox 849 1346 918 1391; x_wconf 88' lang='lat' dir='ltr'><strong>earn</strong></span> <span class='ocrx_word' id='word_1_86' title='bbox 942 1347 1000 1411; x_wconf 89' lang='lat' dir='ltr'><strong>per</strong></span> <span class='ocrx_word' id='word_1_87' title='bbox 1023 1329 1052 1393; x_wconf 92' lang='lat' dir='ltr'><strong>d.</strong></span> <span class='ocrx_word' id='word_1_88' title='bbox 1077 1328 1098 1394; x_wconf 87' lang='lat' dir='ltr'><strong>f.</strong></span> <span class='ocrx_word' id='word_1_89' title='bbox 1122 1329 1320 1393; x_wconf 88' lang='lat' dir='ltr'><strong>Bernardum</strong></span> <span class='ocrx_word' id='word_1_90' title='bbox 1345 1330 1491 1394; x_wconf 87' lang='lat' dir='ltr'><strong>abbatem</strong></span> <span class='ocrx_word' id='word_1_91' title='bbox 1515 1329 1699 1412; x_wconf 87' lang='lat' dir='ltr'><strong>Syoleusem</strong></span> <span class='ocrx_word' id='word_1_92' title='bbox 1713 1336 1740 1412; x_wconf 79' lang='lat'><strong>²)</strong></span> 
     </span>
     <span class='ocr_line' id='line_1_10' title="bbox 238 1430 1738 1515; baseline 0.003 -20"><span class='ocrx_word' id='word_1_93' title='bbox 238 1430 356 1495; x_wconf 86' lang='lat' dir='ltr'><strong>ordinis</strong></span> <span class='ocrx_word' id='word_1_94' title='bbox 378 1436 412 1494; x_wconf 91' lang='lat' dir='ltr'><strong>et</strong></span> <span class='ocrx_word' id='word_1_95' title='bbox 435 1430 513 1494; x_wconf 91' lang='lat' dir='ltr'><strong>dioc.</strong></span> <span class='ocrx_word' id='word_1_96' title='bbox 536 1430 762 1511; x_wconf 89' lang='lat' dir='ltr'><strong>predictorum,</strong></span> <span class='ocrx_word' id='word_1_97' title='bbox 794 1437 917 1514; x_wconf 89' lang='lat' dir='ltr'><strong>patrem</strong></span> <span class='ocrx_word' id='word_1_98' title='bbox 948 1435 1095 1497; x_wconf 85' lang='lat' dir='ltr'><strong>abbatem</strong></span> <span class='ocrx_word' id='word_1_99' title='bbox 1124 1432 1203 1497; x_wconf 92' lang='lat' dir='ltr'><strong>dicti</strong></span> <span class='ocrx_word' id='word_1_100' title='bbox 1226 1433 1410 1499; x_wconf 87' lang='lat' dir='ltr'><strong>blilotensis</strong></span> <span class='ocrx_word' id='word_1_101' title='bbox 1441 1435 1673 1515; x_wconf 72' lang='lat' dir='ltr'><strong>procrasteriib),</strong></span> <span class='ocrx_word' id='word_1_102' title='bbox 1698 1437 1738 1499; x_wconf 85' lang='lat' dir='ltr'><strong>acl</strong></span> 
     </span>
     <span class='ocr_line' id='line_1_11' title="bbox 238 1534 1741 1615; baseline 0.002 -16"><span class='ocrx_word' id='word_1_103' title='bbox 238 1553 327 1615; x_wconf 91' lang='lat' dir='ltr'><strong>quem</strong></span> <span class='ocrx_word' id='word_1_104' title='bbox 352 1534 477 1615; x_wconf 87' lang='lat' dir='ltr'><strong>quidem</strong></span> <span class='ocrx_word' id='word_1_105' title='bbox 502 1540 625 1615; x_wconf 89' lang='lat' dir='ltr'><strong>patrem</strong></span> <span class='ocrx_word' id='word_1_106' title='bbox 649 1536 795 1600; x_wconf 86' lang='lat' dir='ltr'><strong>abbatem</strong></span> <span class='ocrx_word' id='word_1_107' title='bbox 818 1536 1017 1601; x_wconf 86' lang='lat' dir='ltr'><strong>confirmatio</strong></span> <span class='ocrx_word' id='word_1_108' title='bbox 1042 1537 1213 1601; x_wconf 89' lang='lat' dir='ltr'><strong>eleccionis</strong></span> <span class='ocrx_word' id='word_1_109' title='bbox 1227 1538 1350 1602; x_wconf 89' lang='lat' dir='ltr'><strong>abbatis</strong></span> <span class='ocrx_word' id='word_1_110' title='bbox 1374 1540 1450 1603; x_wconf 91' lang='lat' dir='ltr'><strong>dicti</strong></span> <span class='ocrx_word' id='word_1_111' title='bbox 1474 1540 1657 1604; x_wconf 87' lang='lat' dir='ltr'><strong>rnonnsterii</strong></span> <span class='ocrx_word' id='word_1_112' title='bbox 1682 1540 1741 1603; x_wconf 89' lang='lat' dir='ltr'><strong>lli-</strong></span> 
     </span>
     <span class='ocr_line' id='line_1_12' title="bbox 239 1639 1741 1724; baseline 0.002 -20"><span class='ocrx_word' id='word_1_113' title='bbox 239 1640 372 1704; x_wconf 89' lang='lat' dir='ltr'><strong>locensis</strong></span> <span class='ocrx_word' id='word_1_114' title='bbox 395 1646 459 1703; x_wconf 88' lang='lat' dir='ltr'><strong>tam</strong></span> <span class='ocrx_word' id='word_1_115' title='bbox 484 1657 523 1702; x_wconf 93' lang='lat' dir='ltr'><strong>ex</strong></span> <span class='ocrx_word' id='word_1_116' title='bbox 546 1639 704 1703; x_wconf 90' lang='lat' dir='ltr'><strong>institutis</strong></span> <span class='ocrx_word' id='word_1_117' title='bbox 728 1640 805 1704; x_wconf 90' lang='lat' dir='ltr'><strong>dicti</strong></span> <span class='ocrx_word' id='word_1_118' title='bbox 829 1641 958 1724; x_wconf 84' lang='lat' dir='ltr'><strong>ordinis,</strong></span> <span class='ocrx_word' id='word_1_119' title='bbox 981 1661 1039 1723; x_wconf 91' lang='lat' dir='ltr'><strong>per</strong></span> <span class='ocrx_word' id='word_1_120' title='bbox 1062 1643 1172 1706; x_wconf 90' lang='lat' dir='ltr'><strong>sedem</strong></span> <span class='ocrx_word' id='word_1_121' title='bbox 1196 1641 1403 1723; x_wconf 86' lang='lat' dir='ltr'><strong>apostolicam</strong></span> <span class='ocrx_word' id='word_1_122' title='bbox 1426 1662 1464 1706; x_wconf 88' lang='lat' dir='ltr'><strong>ex</strong></span> <span class='ocrx_word' id='word_1_123' title='bbox 1481 1649 1570 1708; x_wconf 89' lang='lat' dir='ltr'><strong>certa</strong></span> <span class='ocrx_word' id='word_1_124' title='bbox 1593 1642 1741 1724; x_wconf 85' lang='lat' dir='ltr'><strong>sciencia,</strong></span> 
     </span>
     <span class='ocr_line' id='line_1_13' title="bbox 239 1741 1741 1830; baseline 0.002 -22"><span class='ocrx_word' id='word_1_125' title='bbox 239 1750 273 1808; x_wconf 88' lang='lat' dir='ltr'><strong>ut</strong></span> <span class='ocrx_word' id='word_1_126' title='bbox 296 1744 460 1822; x_wconf 86' lang='lat' dir='ltr'><strong>asseritur,</strong></span> <span class='ocrx_word' id='word_1_127' title='bbox 484 1741 687 1826; x_wconf 71' lang='lat' dir='ltr'><strong>confirmatis</strong></span> <span class='ocrx_word' id='word_1_128' title='bbox 723 1763 815 1824; x_wconf 89' lang='lat' dir='ltr'><strong>quam</strong></span> <span class='ocrx_word' id='word_1_129' title='bbox 840 1746 939 1809; x_wconf 90' lang='lat' dir='ltr'><strong>eciam</strong></span> <span class='ocrx_word' id='word_1_130' title='bbox 975 1746 1014 1810; x_wconf 92' lang='lat' dir='ltr'><strong>de</strong></span> <span class='ocrx_word' id='word_1_131' title='bbox 1038 1746 1170 1826; x_wconf 88' lang='lat' dir='ltr'><strong>antiqua</strong></span> <span class='ocrx_word' id='word_1_132' title='bbox 1200 1752 1233 1810; x_wconf 90' lang='lat' dir='ltr'><strong>et</strong></span> <span class='ocrx_word' id='word_1_133' title='bbox 1256 1748 1430 1828; x_wconf 90' lang='lat' dir='ltr'><strong>approbata</strong></span> <span class='ocrx_word' id='word_1_134' title='bbox 1453 1753 1487 1811; x_wconf 92' lang='lat' dir='ltr'><strong>et</strong></span> <span class='ocrx_word' id='word_1_135' title='bbox 1509 1747 1663 1811; x_wconf 86' lang='lat' dir='ltr'><strong>hactenus</strong></span> <span class='ocrx_word' id='word_1_136' title='bbox 1685 1767 1741 1830; x_wconf 93' lang='lat' dir='ltr'><strong>pa-</strong></span> 
     </span>
     <span class='ocr_line' id='line_1_14' title="bbox 238 1848 1741 1933; baseline 0.002 -20"><span class='ocrx_word' id='word_1_137' title='bbox 238 1848 322 1913; x_wconf 84' lang='lat' dir='ltr'><strong>cifice</strong></span> <span class='ocrx_word' id='word_1_138' title='bbox 357 1850 526 1913; x_wconf 88' lang='lat' dir='ltr'><strong>observata</strong></span> <span class='ocrx_word' id='word_1_139' title='bbox 563 1849 793 1912; x_wconf 89' lang='lat' dir='ltr'><strong>cousuetudine</strong></span> <span class='ocrx_word' id='word_1_140' title='bbox 824 1850 987 1931; x_wconf 89' lang='lat' dir='ltr'><strong>pertinere</strong></span> <span class='ocrx_word' id='word_1_141' title='bbox 1022 1850 1147 1933; x_wconf 88' lang='lat' dir='ltr'><strong>dicitur,</strong></span> <span class='ocrx_word' id='word_1_142' title='bbox 1177 1850 1252 1915; x_wconf 88' lang='lat' dir='ltr'><strong>licet</strong></span> <span class='ocrx_word' id='word_1_143' title='bbox 1276 1851 1315 1915; x_wconf 92' lang='lat' dir='ltr'><strong>de</strong></span> <span class='ocrx_word' id='word_1_144' title='bbox 1337 1849 1421 1916; x_wconf 88' lang='lat' dir='ltr'><strong>fatto</strong></span> <span class='ocrx_word' id='word_1_145' title='bbox 1452 1851 1618 1916; x_wconf 88' lang='lat' dir='ltr'><strong>obtinuisti</strong></span> <span class='ocrx_word' id='word_1_146' title='bbox 1642 1852 1741 1917; x_wconf 87' lang='lat' dir='ltr'><strong>etiam</strong></span> 
     </span>
     <span class='ocr_line' id='line_1_15' title="bbox 239 1951 1743 2037; baseline 0.003 -21"><span class='ocrx_word' id='word_1_147' title='bbox 239 1951 422 2028; x_wconf 76' lang='lat' dir='ltr'><strong>concinnari,</strong></span> <span class='ocrx_word' id='word_1_148' title='bbox 458 1958 492 2016; x_wconf 88' lang='lat' dir='ltr'><strong>et</strong></span> <span class='ocrx_word' id='word_1_149' title='bbox 519 1952 636 2016; x_wconf 92' lang='lat' dir='ltr'><strong>deinde</strong></span> <span class='ocrx_word' id='word_1_150' title='bbox 667 1952 815 2016; x_wconf 90' lang='lat' dir='ltr'><strong>dubitans</strong></span> <span class='ocrx_word' id='word_1_151' title='bbox 850 1953 889 2016; x_wconf 92' lang='lat' dir='ltr'><strong>de</strong></span> <span class='ocrx_word' id='word_1_152' title='bbox 913 1953 1133 2019; x_wconf 89' lang='lat' dir='ltr'><strong>reservatione</strong></span> <span class='ocrx_word' id='word_1_153' title='bbox 1167 1960 1201 2018; x_wconf 88' lang='lat' dir='ltr'><strong>et</strong></span> <span class='ocrx_word' id='word_1_154' title='bbox 1224 1955 1352 2019; x_wconf 89' lang='lat' dir='ltr'><strong>decreto</strong></span> <span class='ocrx_word' id='word_1_155' title='bbox 1375 1955 1537 2037; x_wconf 71' lang='lat' dir='ltr'><strong>predictis</strong></span> <span class='ocrx_word' id='word_1_156' title='bbox 1562 1955 1743 2021; x_wconf 90' lang='lat' dir='ltr'><strong>huiusmodi</strong></span> 
     </span>
     <span class='ocr_line' id='line_1_16' title="bbox 239 2057 1740 2140; baseline 0.001 -17"><span class='ocrx_word' id='word_1_157' title='bbox 239 2058 406 2123; x_wconf 89' lang='lat' dir='ltr'><strong>eleccionis</strong></span> <span class='ocrx_word' id='word_1_158' title='bbox 441 2063 474 2121; x_wconf 90' lang='lat' dir='ltr'><strong>et</strong></span> <span class='ocrx_word' id='word_1_159' title='bbox 502 2057 752 2122; x_wconf 89' lang='lat' dir='ltr'><strong>confirmacionis</strong></span> <span class='ocrx_word' id='word_1_160' title='bbox 774 2057 939 2139; x_wconf 82' lang='lat' dir='ltr'><strong>negocium</strong></span> <span class='ocrx_word' id='word_1_161' title='bbox 963 2059 1095 2140; x_wconf 92' lang='lat' dir='ltr'><strong>proponi</strong></span> <span class='ocrx_word' id='word_1_162' title='bbox 1119 2057 1223 2123; x_wconf 88' lang='lat' dir='ltr'><strong>iecisti</strong></span> <span class='ocrx_word' id='word_1_163' title='bbox 1247 2059 1278 2122; x_wconf 92' lang='lat' dir='ltr'><strong>in</strong></span> <span class='ocrx_word' id='word_1_164' title='bbox 1302 2059 1490 2124; x_wconf 86' lang='lat' dir='ltr'><strong>corrsistorio</strong></span> <span class='ocrx_word' id='word_1_165' title='bbox 1513 2078 1616 2124; x_wconf 89' lang='lat' dir='ltr'><strong>coram</strong></span> <span class='ocrx_word' id='word_1_166' title='bbox 1639 2060 1740 2125; x_wconf 89' lang='lat' dir='ltr'><strong>nubis.</strong></span> 
     </span>
     <span class='ocr_line' id='line_1_17' title="bbox 240 2161 1741 2246; baseline 0.001 -18"><span class='ocrx_word' id='word_1_167' title='bbox 240 2163 303 2228; x_wconf 86' lang='lat' dir='ltr'><strong>Nos</strong></span> <span class='ocrx_word' id='word_1_168' title='bbox 339 2161 437 2244; x_wconf 85' lang='lat' dir='ltr'><strong>igitur</strong></span> <span class='ocrx_word' id='word_1_169' title='bbox 466 2162 659 2226; x_wconf 90' lang='lat' dir='ltr'><strong>eleccionem</strong></span> <span class='ocrx_word' id='word_1_170' title='bbox 694 2167 728 2225; x_wconf 91' lang='lat' dir='ltr'><strong>et</strong></span> <span class='ocrx_word' id='word_1_171' title='bbox 750 2161 1021 2227; x_wconf 78' lang='lat' dir='ltr'><strong>conmutationem</strong></span> <span class='ocrx_word' id='word_1_172' title='bbox 1055 2163 1225 2245; x_wconf 90' lang='lat' dir='ltr'><strong>predictas,</strong></span> <span class='ocrx_word' id='word_1_173' title='bbox 1259 2169 1370 2245; x_wconf 86' lang='lat' dir='ltr'><strong>utpote</strong></span> <span class='ocrx_word' id='word_1_174' title='bbox 1393 2170 1466 2246; x_wconf 93' lang='lat' dir='ltr'><strong>post</strong></span> <span class='ocrx_word' id='word_1_175' title='bbox 1499 2168 1533 2228; x_wconf 93' lang='lat' dir='ltr'><strong>et</strong></span> <span class='ocrx_word' id='word_1_176' title='bbox 1561 2170 1671 2229; x_wconf 86' lang='lat' dir='ltr'><strong>contra</strong></span> <span class='ocrx_word' id='word_1_177' title='bbox 1693 2184 1741 2230; x_wconf 92' lang='lat' dir='ltr'><strong>re-</strong></span> 
     </span>
     <span class='ocr_line' id='line_1_18' title="bbox 239 2267 1741 2350; baseline 0 -18"><span class='ocrx_word' id='word_1_178' title='bbox 239 2267 450 2333; x_wconf 89' lang='lat' dir='ltr'><strong>servationem</strong></span> <span class='ocrx_word' id='word_1_179' title='bbox 485 2272 519 2331; x_wconf 90' lang='lat' dir='ltr'><strong>et</strong></span> <span class='ocrx_word' id='word_1_180' title='bbox 541 2267 703 2330; x_wconf 88' lang='lat' dir='ltr'><strong>decretum</strong></span> <span class='ocrx_word' id='word_1_181' title='bbox 738 2267 883 2349; x_wconf 89' lang='lat' dir='ltr'><strong>predicta</strong></span> <span class='ocrx_word' id='word_1_182' title='bbox 915 2272 1132 2350; x_wconf 76' lang='lat' dir='ltr'><strong>attemptataS,</strong></span> <span class='ocrx_word' id='word_1_183' title='bbox 1163 2272 1257 2349; x_wconf 91' lang='lat' dir='ltr'><strong>prout</strong></span> <span class='ocrx_word' id='word_1_184' title='bbox 1287 2272 1388 2346; x_wconf 70' lang='lat' dir='ltr'><strong>crant</strong></span> <span class='ocrx_word' id='word_1_185' title='bbox 1419 2274 1606 2350; x_wconf 85' lang='lat' dir='ltr'><strong>reputantes</strong></span> <span class='ocrx_word' id='word_1_186' title='bbox 1633 2269 1741 2333; x_wconf 85' lang='lat' dir='ltr'><strong>initas</strong></span> 
     </span>
     <span class='ocr_line' id='line_1_19' title="bbox 241 2371 1740 2454; baseline 0 -18"><span class='ocrx_word' id='word_1_187' title='bbox 241 2379 273 2436; x_wconf 91' lang='lat' dir='ltr'><strong>et</strong></span> <span class='ocrx_word' id='word_1_188' title='bbox 296 2372 418 2454; x_wconf 90' lang='lat' dir='ltr'><strong>inanes,</strong></span> <span class='ocrx_word' id='word_1_189' title='bbox 442 2376 476 2434; x_wconf 92' lang='lat' dir='ltr'><strong>et</strong></span> <span class='ocrx_word' id='word_1_190' title='bbox 499 2371 539 2435; x_wconf 89' lang='lat' dir='ltr'><strong>ad</strong></span> <span class='ocrx_word' id='word_1_191' title='bbox 562 2371 775 2453; x_wconf 86' lang='lat' dir='ltr'><strong>provisionem</strong></span> <span class='ocrx_word' id='word_1_192' title='bbox 798 2371 900 2454; x_wconf 90' lang='lat' dir='ltr'><strong>ipsius</strong></span> <span class='ocrx_word' id='word_1_193' title='bbox 922 2372 1107 2437; x_wconf 87' lang='lat' dir='ltr'><strong>monasterii</strong></span> <span class='ocrx_word' id='word_1_194' title='bbox 1130 2371 1325 2454; x_wconf 88' lang='lat' dir='ltr'><strong>llilotensis,</strong></span> <span class='ocrx_word' id='word_1_195' title='bbox 1349 2372 1388 2436; x_wconf 92' lang='lat' dir='ltr'><strong>de</strong></span> <span class='ocrx_word' id='word_1_196' title='bbox 1417 2390 1479 2453; x_wconf 87' lang='lat' dir='ltr'><strong>quo</strong></span> <span class='ocrx_word' id='word_1_197' title='bbox 1502 2372 1608 2437; x_wconf 91' lang='lat' dir='ltr'><strong>nullus</strong></span> <span class='ocrx_word' id='word_1_198' title='bbox 1631 2379 1740 2454; x_wconf 91' lang='lat' dir='ltr'><strong>preter</strong></span> 
     </span>
     <span class='ocr_line' id='line_1_20' title="bbox 239 2476 1741 2559; baseline 0.001 -19"><span class='ocrx_word' id='word_1_199' title='bbox 239 2496 294 2542; x_wconf 89' lang='lat' dir='ltr'><strong>uos</strong></span> <span class='ocrx_word' id='word_1_200' title='bbox 316 2476 376 2540; x_wconf 86' lang='lat' dir='ltr'><strong>hae</strong></span> <span class='ocrx_word' id='word_1_201' title='bbox 399 2476 467 2540; x_wconf 90' lang='lat' dir='ltr'><strong>vite</strong></span> <span class='ocrx_word' id='word_1_202' title='bbox 491 2476 660 2557; x_wconf 86' lang='lat' dir='ltr'><strong>disponere</strong></span> <span class='ocrx_word' id='word_1_203' title='bbox 684 2476 789 2559; x_wconf 88' lang='lat' dir='ltr'><strong>potuit</strong></span> <span class='ocrx_word' id='word_1_204' title='bbox 804 2494 907 2557; x_wconf 81' lang='lat' dir='ltr'><strong>ireque</strong></span> <span class='ocrx_word' id='word_1_205' title='bbox 923 2483 1032 2558; x_wconf 92' lang='lat' dir='ltr'><strong>potest</strong></span> <span class='ocrx_word' id='word_1_206' title='bbox 1054 2476 1278 2542; x_wconf 76' lang='lat' dir='ltr'><strong>reservatione</strong></span> <span class='ocrx_word' id='word_1_207' title='bbox 1302 2483 1336 2542; x_wconf 90' lang='lat' dir='ltr'><strong>et</strong></span> <span class='ocrx_word' id='word_1_208' title='bbox 1359 2476 1488 2541; x_wconf 90' lang='lat' dir='ltr'><strong>decreto</strong></span> <span class='ocrx_word' id='word_1_209' title='bbox 1511 2476 1741 2542; x_wconf 90' lang='lat' dir='ltr'><strong>obsistentibus</strong></span> 
     </span>
     <span class='ocr_line' id='line_1_21' title="bbox 237 2578 1739 2665; baseline -0.001 -19"><span class='ocrx_word' id='word_1_210' title='bbox 237 2581 435 2665; x_wconf 90' lang='lat' dir='ltr'><strong>supradictis,</strong></span> <span class='ocrx_word' id='word_1_211' title='bbox 469 2598 510 2643; x_wconf 90' lang='lat' dir='ltr'><strong>ne</strong></span> <span class='ocrx_word' id='word_1_212' title='bbox 533 2581 636 2662; x_wconf 90' lang='lat' dir='ltr'><strong>ipsum</strong></span> <span class='ocrx_word' id='word_1_213' title='bbox 660 2581 887 2646; x_wconf 90' lang='lat' dir='ltr'><strong>monasterium</strong></span> <span class='ocrx_word' id='word_1_214' title='bbox 911 2581 1087 2646; x_wconf 89' lang='lat' dir='ltr'><strong>Milocense</strong></span> <span class='ocrx_word' id='word_1_215' title='bbox 1121 2581 1216 2662; x_wconf 80' lang='lat' dir='ltr'><strong>longe</strong></span> <span class='ocrx_word' id='word_1_216' title='bbox 1242 2578 1424 2645; x_wconf 85' lang='lat' dir='ltr'><strong>vacationis</strong></span> <span class='ocrx_word' id='word_1_217' title='bbox 1456 2587 1671 2661; x_wconf 85' lang='lat' dir='ltr'><strong>exponeretur</strong></span> <span class='ocrx_word' id='word_1_218' title='bbox 1693 2580 1739 2644; x_wconf 92' lang='lat' dir='ltr'><strong>in·</strong></span> 
     </span>
     <span class='ocr_line' id='line_1_22' title="bbox 239 2683 1740 2769; baseline -0.001 -19"><span class='ocrx_word' id='word_1_219' title='bbox 239 2686 417 2769; x_wconf 89' lang='lat' dir='ltr'><strong>commodis,</strong></span> <span class='ocrx_word' id='word_1_220' title='bbox 451 2686 594 2767; x_wconf 90' lang='lat' dir='ltr'><strong>paternis</strong></span> <span class='ocrx_word' id='word_1_221' title='bbox 625 2690 659 2750; x_wconf 91' lang='lat' dir='ltr'><strong>et</strong></span> <span class='ocrx_word' id='word_1_222' title='bbox 682 2686 817 2750; x_wconf 90' lang='lat' dir='ltr'><strong>solicitis</strong></span> <span class='ocrx_word' id='word_1_223' title='bbox 851 2686 967 2750; x_wconf 88' lang='lat' dir='ltr'><strong>studiis</strong></span> <span class='ocrx_word' id='word_1_224' title='bbox 989 2686 1210 2767; x_wconf 90' lang='lat' dir='ltr'><strong>intendentes,</strong></span> <span class='ocrx_word' id='word_1_225' title='bbox 1245 2690 1318 2766; x_wconf 90' lang='lat' dir='ltr'><strong>post</strong></span> <span class='ocrx_word' id='word_1_226' title='bbox 1340 2683 1615 2766; x_wconf 89' lang='lat' dir='ltr'><strong>deliberacionem,</strong></span> <span class='ocrx_word' id='word_1_227' title='bbox 1647 2703 1740 2765; x_wconf 88' lang='lat' dir='ltr'><strong>quam</strong></span> 
     </span>
     <span class='ocr_line' id='line_1_23' title="bbox 239 2788 1795 2872; baseline -0.001 -17"><span class='ocrx_word' id='word_1_228' title='bbox 239 2810 332 2872; x_wconf 90' lang='lat' dir='ltr'><strong>super</strong></span> <span class='ocrx_word' id='word_1_229' title='bbox 355 2790 418 2854; x_wconf 86' lang='lat' dir='ltr'><strong>biis</strong></span> <span class='ocrx_word' id='word_1_230' title='bbox 441 2808 510 2854; x_wconf 93' lang='lat' dir='ltr'><strong>tum</strong></span> <span class='ocrx_word' id='word_1_231' title='bbox 534 2789 686 2855; x_wconf 84' lang='lat' dir='ltr'><strong>iratribus</strong></span> <span class='ocrx_word' id='word_1_232' title='bbox 710 2790 827 2855; x_wconf 91' lang='lat' dir='ltr'><strong>nostris</strong></span> <span class='ocrx_word' id='word_1_233' title='bbox 851 2789 1017 2855; x_wconf 88' lang='lat' dir='ltr'><strong>habuimus</strong></span> <span class='ocrx_word' id='word_1_234' title='bbox 1042 2790 1238 2872; x_wconf 84' lang='lat' dir='ltr'><strong>diligentem,</strong></span> <span class='ocrx_word' id='word_1_235' title='bbox 1262 2789 1387 2852; x_wconf 89' lang='lat' dir='ltr'><strong>demum</strong></span> <span class='ocrx_word' id='word_1_236' title='bbox 1410 2788 1451 2852; x_wconf 87' lang='lat' dir='ltr'><strong>ad</strong></span> <span class='ocrx_word' id='word_1_237' title='bbox 1484 2792 1526 2867; x_wconf 86' lang='lat' dir='ltr'><strong>te,</strong></span> <span class='ocrx_word' id='word_1_238' title='bbox 1552 2788 1602 2852; x_wconf 90' lang='lat' dir='ltr'><strong>cui</strong></span> <span class='ocrx_word' id='word_1_239' title='bbox 1626 2788 1665 2852; x_wconf 92' lang='lat' dir='ltr'><strong>de</strong></span> <span class='ocrx_word' id='word_1_240' title='bbox 1688 2807 1739 2854; x_wconf 91' lang='lat' dir='ltr'><strong>re·</strong></span> <span class='ocrx_word' id='word_1_241' title='bbox 1792 2863 1795 2866; x_wconf 43' lang='grc'>,</span> 
     </span>
     <span class='ocr_line' id='line_1_24' title="bbox 239 2892 1741 2978; baseline -0.002 -18"><span class='ocrx_word' id='word_1_242' title='bbox 239 2896 362 2978; x_wconf 85' lang='lat' dir='ltr'><strong>ligionis</strong></span> <span class='ocrx_word' id='word_1_243' title='bbox 384 2896 464 2974; x_wconf 83' lang='lat' dir='ltr'><strong>zelo,</strong></span> <span class='ocrx_word' id='word_1_244' title='bbox 498 2895 678 2959; x_wconf 90' lang='lat' dir='ltr'><strong>litterarum</strong></span> <span class='ocrx_word' id='word_1_245' title='bbox 702 2895 848 2976; x_wconf 86' lang='lat' dir='ltr'><strong>sciencia,</strong></span> <span class='ocrx_word' id='word_1_246' title='bbox 879 2895 944 2958; x_wconf 92' lang='lat' dir='ltr'><strong>vite</strong></span> <span class='ocrx_word' id='word_1_247' title='bbox 976 2913 1012 2958; x_wconf 91' lang='lat' dir='ltr'><strong>ac</strong></span> <span class='ocrx_word' id='word_1_248' title='bbox 1035 2913 1156 2959; x_wconf 90' lang='lat' dir='ltr'><strong>morum</strong></span> <span class='ocrx_word' id='word_1_249' title='bbox 1196 2893 1377 2970; x_wconf 88' lang='lat' dir='ltr'><strong>honestate,</strong></span> <span class='ocrx_word' id='word_1_250' title='bbox 1401 2892 1615 2974; x_wconf 88' lang='lat' dir='ltr'><strong>spiritualium</strong></span> <span class='ocrx_word' id='word_1_251' title='bbox 1638 2893 1741 2975; x_wconf 93' lang='lat' dir='ltr'><strong>provi·</strong></span> 
     </span>
     <span class='ocr_line' id='line_1_25' title="bbox 239 2997 1739 3081; baseline -0.001 -18"><span class='ocrx_word' id='word_1_252' title='bbox 239 3001 350 3063; x_wconf 87' lang='lat' dir='ltr'><strong>dencia</strong></span> <span class='ocrx_word' id='word_1_253' title='bbox 384 3007 418 3064; x_wconf 88' lang='lat' dir='ltr'><strong>et</strong></span> <span class='ocrx_word' id='word_1_254' title='bbox 440 2999 661 3081; x_wconf 87' lang='lat' dir='ltr'><strong>temporalium</strong></span> <span class='ocrx_word' id='word_1_255' title='bbox 697 2999 984 3080; x_wconf 86' lang='lat' dir='ltr'><strong>circumspectione</strong></span> <span class='ocrx_word' id='word_1_256' title='bbox 1018 3003 1053 3062; x_wconf 89' lang='lat' dir='ltr'><strong>et</strong></span> <span class='ocrx_word' id='word_1_257' title='bbox 1081 2999 1152 3062; x_wconf 89' lang='lat' dir='ltr'><strong>aliis</strong></span> <span class='ocrx_word' id='word_1_258' title='bbox 1185 2997 1407 3081; x_wconf 91' lang='lat' dir='ltr'><strong>multiplicium</strong></span> <span class='ocrx_word' id='word_1_259' title='bbox 1441 2997 1593 3061; x_wconf 91' lang='lat' dir='ltr'><strong>virtutum</strong></span> <span class='ocrx_word' id='word_1_260' title='bbox 1616 2997 1739 3062; x_wconf 88' lang='lat' dir='ltr'><strong>meritis</strong></span> 
     </span>
     <span class='ocr_line' id='line_1_26' title="bbox 239 3101 1740 3187; baseline -0.002 -19"><span class='ocrx_word' id='word_1_261' title='bbox 239 3106 320 3187; x_wconf 90' lang='lat' dir='ltr'><strong>apud</strong></span> <span class='ocrx_word' id='word_1_262' title='bbox 353 3124 411 3168; x_wconf 92' lang='lat' dir='ltr'><strong>nos</strong></span> <span class='ocrx_word' id='word_1_263' title='bbox 444 3103 619 3168; x_wconf 86' lang='lat' dir='ltr'><strong>laudabilia</strong></span> <span class='ocrx_word' id='word_1_264' title='bbox 653 3103 838 3168; x_wconf 88' lang='lat' dir='ltr'><strong>testimonia</strong></span> <span class='ocrx_word' id='word_1_265' title='bbox 868 3102 1086 3186; x_wconf 85' lang='lat' dir='ltr'><strong>perhibentur,</strong></span> <span class='ocrx_word' id='word_1_266' title='bbox 1126 3102 1299 3166; x_wconf 89' lang='lat' dir='ltr'><strong>direximus</strong></span> <span class='ocrx_word' id='word_1_267' title='bbox 1332 3101 1439 3167; x_wconf 91' lang='lat' dir='ltr'><strong>oculos</strong></span> <span class='ocrx_word' id='word_1_268' title='bbox 1474 3107 1582 3165; x_wconf 91' lang='lat' dir='ltr'><strong>nostre</strong></span> <span class='ocrx_word' id='word_1_269' title='bbox 1612 3101 1740 3176; x_wconf 91' lang='lat' dir='ltr'><strong>mentis,</strong></span> 
     </span>
     <span class='ocr_line' id='line_1_27' title="bbox 239 3206 1739 3289; baseline -0.002 -16"><span class='ocrx_word' id='word_1_270' title='bbox 239 3210 349 3289; x_wconf 90' lang='lat' dir='ltr'><strong>quibus</strong></span> <span class='ocrx_word' id='word_1_271' title='bbox 372 3209 517 3274; x_wconf 90' lang='lat' dir='ltr'><strong>omnibus</strong></span> <span class='ocrx_word' id='word_1_272' title='bbox 540 3226 598 3271; x_wconf 91' lang='lat' dir='ltr'><strong>net</strong></span> <span class='ocrx_word' id='word_1_273' title='bbox 630 3227 692 3272; x_wconf 90' lang='lat' dir='ltr'><strong>non</strong></span> <span class='ocrx_word' id='word_1_274' title='bbox 717 3207 871 3272; x_wconf 88' lang='lat' dir='ltr'><strong>dittomm</strong></span> <span class='ocrx_word' id='word_1_275' title='bbox 907 3213 1082 3272; x_wconf 91' lang='lat' dir='ltr'><strong>conventus</strong></span> <span class='ocrx_word' id='word_1_276' title='bbox 1106 3213 1139 3271; x_wconf 91' lang='lat' dir='ltr'><strong>te</strong></span> <span class='ocrx_word' id='word_1_277' title='bbox 1174 3207 1366 3288; x_wconf 81' lang='lat' dir='ltr'><strong>eligentium</strong></span> <span class='ocrx_word' id='word_1_278' title='bbox 1401 3206 1541 3270; x_wconf 82' lang='lat' dir='ltr'><strong>cunanirni</strong></span> <span class='ocrx_word' id='word_1_279' title='bbox 1575 3206 1739 3271; x_wconf 89' lang='lat' dir='ltr'><strong>voluntate</strong></span> 
     </span>
     <span class='ocr_line' id='line_1_28' title="bbox 238 3310 1738 3394; baseline -0.002 -17"><span class='ocrx_word' id='word_1_280' title='bbox 238 3319 360 3378; x_wconf 90' lang='lat' dir='ltr'><strong>attenta</strong></span> <span class='ocrx_word' id='word_1_281' title='bbox 392 3313 602 3379; x_wconf 88' lang='lat' dir='ltr'><strong>meditatione</strong></span> <span class='ocrx_word' id='word_1_282' title='bbox 636 3312 789 3394; x_wconf 88' lang='lat' dir='ltr'><strong>pensatis,</strong></span> <span class='ocrx_word' id='word_1_283' title='bbox 824 3313 863 3375; x_wconf 91' lang='lat' dir='ltr'><strong>de</strong></span> <span class='ocrx_word' id='word_1_284' title='bbox 887 3330 1023 3392; x_wconf 88' lang='lat' dir='ltr'><strong>persona</strong></span> <span class='ocrx_word' id='word_1_285' title='bbox 1058 3318 1112 3376; x_wconf 90' lang='lat' dir='ltr'><strong>tua</strong></span> <span class='ocrx_word' id='word_1_286' title='bbox 1147 3310 1270 3393; x_wconf 88' lang='lat' dir='ltr'><strong>prelato</strong></span> <span class='ocrx_word' id='word_1_287' title='bbox 1293 3310 1486 3375; x_wconf 85' lang='lat' dir='ltr'><strong>morrasterio</strong></span> <span class='ocrx_word' id='word_1_288' title='bbox 1510 3310 1675 3374; x_wconf 87' lang='lat' dir='ltr'><strong>blilotcnsi</strong></span> <span class='ocrx_word' id='word_1_289' title='bbox 1699 3311 1738 3375; x_wconf 90' lang='lat' dir='ltr'><strong>de</strong></span> 
     </span>
     <span class='ocr_line' id='line_1_29' title="bbox 239 3412 1738 3497; baseline -0.001 -17"><span class='ocrx_word' id='word_1_290' title='bbox 239 3417 391 3482; x_wconf 92' lang='lat' dir='ltr'><strong>dictorum</strong></span> <span class='ocrx_word' id='word_1_291' title='bbox 414 3416 548 3481; x_wconf 85' lang='lat' dir='ltr'><strong>fratrum</strong></span> <span class='ocrx_word' id='word_1_292' title='bbox 571 3416 703 3480; x_wconf 89' lang='lat' dir='ltr'><strong>consilio</strong></span> <span class='ocrx_word' id='word_1_293' title='bbox 728 3414 920 3479; x_wconf 89' lang='lat' dir='ltr'><strong>auctoritate</strong></span> <span class='ocrx_word' id='word_1_294' title='bbox 944 3415 1120 3497; x_wconf 89' lang='lat' dir='ltr'><strong>apostolica</strong></span> <span class='ocrx_word' id='word_1_295' title='bbox 1143 3416 1345 3495; x_wconf 90' lang='lat' dir='ltr'><strong>providemus</strong></span> <span class='ocrx_word' id='word_1_296' title='bbox 1369 3420 1465 3494; x_wconf 86' lang='lat' dir='ltr'><strong>teque</strong></span> <span class='ocrx_word' id='word_1_297' title='bbox 1488 3413 1535 3477; x_wconf 94' lang='lat' dir='ltr'><strong>illi</strong></span> <span class='ocrx_word' id='word_1_298' title='bbox 1559 3412 1738 3495; x_wconf 86' lang='lat' dir='ltr'><strong>preficimus</strong></span> 
     </span>
     <span class='ocr_line' id='line_1_30' title="bbox 238 3516 1738 3601; baseline -0.002 -17"><span class='ocrx_word' id='word_1_299' title='bbox 238 3521 269 3584; x_wconf 93' lang='lat' dir='ltr'><strong>in</strong></span> <span class='ocrx_word' id='word_1_300' title='bbox 291 3523 448 3601; x_wconf 89' lang='lat' dir='ltr'><strong>abbatem,</strong></span> <span class='ocrx_word' id='word_1_301' title='bbox 472 3540 579 3586; x_wconf 88' lang='lat' dir='ltr'><strong>euram</strong></span> <span class='ocrx_word' id='word_1_302' title='bbox 603 3525 637 3584; x_wconf 92' lang='lat' dir='ltr'><strong>et</strong></span> <span class='ocrx_word' id='word_1_303' title='bbox 660 3518 970 3583; x_wconf 88' lang='lat' dir='ltr'><strong>administrationem</strong></span> <span class='ocrx_word' id='word_1_304' title='bbox 994 3519 1095 3601; x_wconf 91' lang='lat' dir='ltr'><strong>ipsius</strong></span> <span class='ocrx_word' id='word_1_305' title='bbox 1119 3519 1302 3583; x_wconf 86' lang='lat' dir='ltr'><strong>rnnnasterii</strong></span> <span class='ocrx_word' id='word_1_306' title='bbox 1325 3517 1509 3581; x_wconf 87' lang='lat' dir='ltr'><strong>llliltoensis</strong></span> <span class='ocrx_word' id='word_1_307' title='bbox 1536 3516 1594 3579; x_wconf 91' lang='lat' dir='ltr'><strong>tibi</strong></span> <span class='ocrx_word' id='word_1_308' title='bbox 1618 3517 1650 3579; x_wconf 92' lang='lat' dir='ltr'><strong>in</strong></span> <span class='ocrx_word' id='word_1_309' title='bbox 1674 3517 1738 3598; x_wconf 92' lang='lat' dir='ltr'><strong>spi·</strong></span> 
     </span>
     <span class='ocr_line' id='line_1_31' title="bbox 238 3620 1740 3708; baseline -0.004 -18"><span class='ocrx_word' id='word_1_310' title='bbox 238 3626 404 3690; x_wconf 89' lang='lat' dir='ltr'><strong>ritualibus</strong></span> <span class='ocrx_word' id='word_1_311' title='bbox 427 3632 461 3690; x_wconf 88' lang='lat' dir='ltr'><strong>et</strong></span> <span class='ocrx_word' id='word_1_312' title='bbox 483 3625 712 3708; x_wconf 88' lang='lat' dir='ltr'><strong>temporalibus</strong></span> <span class='ocrx_word' id='word_1_313' title='bbox 734 3624 878 3705; x_wconf 91' lang='lat' dir='ltr'><strong>plenarie</strong></span> <span class='ocrx_word' id='word_1_314' title='bbox 902 3624 1154 3690; x_wconf 90' lang='lat' dir='ltr'><strong>committendo.</strong></span> <span class='ocrx_word' id='word_1_315' title='bbox 1174 3670 1180 3683; x_wconf 93' lang='lat'>.</span> <span class='ocrx_word' id='word_1_316' title='bbox 1201 3672 1235 3686; x_wconf 89' lang='lat'><strong>..</strong></span> <span class='ocrx_word' id='word_1_317' title='bbox 1272 3624 1310 3685; x_wconf 85' lang='lat' dir='ltr'><strong>D.</strong></span> <span class='ocrx_word' id='word_1_318' title='bbox 1334 3621 1491 3685; x_wconf 82' lang='lat' dir='ltr'><strong>Aninione</strong></span> <span class='ocrx_word' id='word_1_319' title='bbox 1518 3620 1565 3683; x_wconf 93' lang='lat' dir='ltr'><strong>lll</strong></span> <span class='ocrx_word' id='word_1_320' title='bbox 1588 3620 1653 3687; x_wconf 87' lang='lat' dir='ltr'><strong>kal.</strong></span> <span class='ocrx_word' id='word_1_321' title='bbox 1676 3620 1740 3684; x_wconf 91' lang='lat' dir='ltr'><strong>No·</strong></span> 
     </span>
     <span class='ocr_line' id='line_1_32' title="bbox 239 3732 598 3814; baseline 0.003 -18"><span class='ocrx_word' id='word_1_322' title='bbox 239 3734 373 3797; x_wconf 86' lang='lat' dir='ltr'><strong>vernbris</strong></span> <span class='ocrx_word' id='word_1_323' title='bbox 397 3751 424 3795; x_wconf 90' lang='lat' dir='ltr'><strong>a.</strong></span> <span class='ocrx_word' id='word_1_324' title='bbox 449 3732 598 3814; x_wconf 89' lang='lat' dir='ltr'><strong>septimo.</strong></span> 
     </span>
     <span class='ocr_line' id='line_1_33' title="bbox 365 3831 1275 3902; baseline -0.007 -1"><span class='ocrx_word' id='word_1_325' title='bbox 365 3838 401 3902; x_wconf 94' lang='lat' dir='ltr'><strong>In</strong></span> <span class='ocrx_word' id='word_1_326' title='bbox 425 3855 453 3901; x_wconf 93' lang='lat' dir='ltr'><strong>e.</strong></span> <span class='ocrx_word' id='word_1_327' title='bbox 477 3856 517 3900; x_wconf 91' lang='lat' dir='ltr'><strong>m.</strong></span> <span class='ocrx_word' id='word_1_328' title='bbox 542 3836 592 3900; x_wconf 94' lang='lat' dir='ltr'><strong>dd.</strong></span> <span class='ocrx_word' id='word_1_329' title='bbox 617 3834 650 3900; x_wconf 85' lang='lat' dir='ltr'><strong>ll.</strong></span> <span class='ocrx_word' id='word_1_330' title='bbox 676 3835 847 3901; x_wconf 91' lang='lat' dir='ltr'><strong>conventui</strong></span> <span class='ocrx_word' id='word_1_331' title='bbox 869 3833 1056 3898; x_wconf 91' lang='lat' dir='ltr'><strong>monasterii</strong></span> <span class='ocrx_word' id='word_1_332' title='bbox 1079 3831 1275 3898; x_wconf 85' lang='lat' dir='ltr'><strong>blilocensie.</strong></span> 
     </span>
     <span class='ocr_line' id='line_1_34' title="bbox 364 3937 1114 4021; baseline -0.007 -17"><span class='ocrx_word' id='word_1_333' title='bbox 364 3941 401 4004; x_wconf 95' lang='lat' dir='ltr'><strong>ln</strong></span> <span class='ocrx_word' id='word_1_334' title='bbox 424 3959 451 4006; x_wconf 86' lang='lat' dir='ltr'><strong>e.</strong></span> <span class='ocrx_word' id='word_1_335' title='bbox 475 3960 515 4004; x_wconf 92' lang='lat' dir='ltr'><strong>m.</strong></span> <span class='ocrx_word' id='word_1_336' title='bbox 540 3959 610 4004; x_wconf 91' lang='lat' dir='ltr'><strong>ven.</strong></span> <span class='ocrx_word' id='word_1_337' title='bbox 634 3939 671 4003; x_wconf 86' lang='lat' dir='ltr'><strong>ir.</strong></span> <span class='ocrx_word' id='word_1_338' title='bbox 689 3939 929 4021; x_wconf 89' lang='lat' dir='ltr'><strong>archiepiscopo</strong></span> <span class='ocrx_word' id='word_1_339' title='bbox 953 3937 1114 4019; x_wconf 83' lang='lat' dir='ltr'><strong>Pragensi.</strong></span> 
     </span>
    </p>
   </div>
   <div class='ocr_carea' id='block_1_3' title="bbox 364 4124 1498 4196">
    <p class='ocr_par' dir='ltr' id='par_1_3' title="bbox 364 4124 1498 4196">
     <span class='ocr_line' id='line_1_35' title="bbox 364 4124 1498 4196; baseline -0.004 -13"><span class='ocrx_word' id='word_1_340' title='bbox 364 4130 396 4183; x_wconf 87' lang='lat' dir='ltr'><strong>R.</strong></span> <span class='ocrx_word' id='word_1_341' title='bbox 415 4131 464 4182; x_wconf 74' lang='lat' dir='ltr'><strong>Ar.</strong></span> <span class='ocrx_word' id='word_1_342' title='bbox 485 4136 533 4183; x_wconf 82' lang='lat'><strong>141</strong></span> <span class='ocrx_word' id='word_1_343' title='bbox 554 4129 599 4182; x_wconf 87' lang='lat' dir='ltr'><strong>iol.</strong></span> <span class='ocrx_word' id='word_1_344' title='bbox 620 4134 661 4183; x_wconf 82' lang='lat'><strong>68.</strong></span> <span class='ocrx_word' id='word_1_345' title='bbox 681 4159 713 4168; x_wconf 91' lang='lat'><strong>—-</strong></span> <span class='ocrx_word' id='word_1_346' title='bbox 738 4134 762 4194; x_wconf 76' lang='lat'><strong>⁸)</strong></span> <span class='ocrx_word' id='word_1_347' title='bbox 780 4128 905 4195; x_wconf 76' lang='lat' dir='ltr'><strong>Corripe:</strong></span> <span class='ocrx_word' id='word_1_348' title='bbox 933 4126 1117 4196; x_wconf 82' lang='lat' dir='ltr'><strong>,Syloensexn‘.</strong></span> <span class='ocrx_word' id='word_1_349' title='bbox 1141 4127 1167 4193; x_wconf 87' lang='lat' dir='ltr'><strong>b)</strong></span> <span class='ocrx_word' id='word_1_350' title='bbox 1185 4124 1429 4192; x_wconf 84' lang='lat' dir='ltr'><strong>,monasteriorum‘</strong></span> <span class='ocrx_word' id='word_1_351' title='bbox 1448 4126 1498 4178; x_wconf 82' lang='lat' dir='ltr'><strong>Ar.</strong></span> 
     </span>
    </p>
   </div>
   <div class='ocr_carea' id='block_1_4' title="bbox 884 4287 1088 4296">
    <p class='ocr_par' dir='ltr' id='par_1_4' title="bbox 884 4287 1088 4296">
     <span class='ocr_line' id='line_1_36' title="bbox 884 4287 1088 4296; baseline -0.01 0"><span class='ocrx_word' id='word_1_352' title='bbox 884 4287 1088 4296; x_wconf 71' lang='grc'><strong>-.-----</strong></span> 
     </span>
    </p>
   </div>
   <div class='ocr_carea' id='block_1_5' title="bbox 236 4404 1743 5222">
    <p class='ocr_par' dir='ltr' id='par_1_5' title="bbox 236 4404 1743 5222">
     <span class='ocr_line' id='line_1_37' title="bbox 238 4404 1736 4492; baseline -0.007 -14"><span class='ocrx_word' id='word_1_353' title='bbox 238 4412 353 4478; x_wconf 84' lang='grc'><strong><em>1009.</em></strong></span> <span class='ocrx_word' id='word_1_354' title='bbox 377 4410 541 4478; x_wconf 64' lang='lat' dir='ltr'><strong>„lohannes</strong></span> <span class='ocrx_word' id='word_1_355' title='bbox 563 4408 721 4492; x_wconf 78' lang='lat' dir='ltr'><strong>quondam</strong></span> <span class='ocrx_word' id='word_1_356' title='bbox 751 4411 898 4473; x_wconf 67' lang='lat' dir='ltr'><strong>Mutiliae</strong></span> <span class='ocrx_word' id='word_1_357' title='bbox 927 4408 964 4471; x_wconf 83' lang='lat' dir='ltr'><strong>de</strong></span> <span class='ocrx_word' id='word_1_358' title='bbox 995 4407 1170 4488; x_wconf 78' lang='lat' dir='ltr'><strong>Kojetc&#39;caa)</strong></span> <span class='ocrx_word' id='word_1_359' title='bbox 1200 4404 1370 4487; x_wconf 77' lang='lat' dir='ltr'><strong>supplicet,</strong></span> <span class='ocrx_word' id='word_1_360' title='bbox 1416 4409 1569 4485; x_wconf 73' lang='lat' dir='ltr'><strong>praetereas</strong></span> <span class='ocrx_word' id='word_1_361' title='bbox 1594 4404 1736 4486; x_wconf 81' lang='lat' dir='ltr'><strong>provisio</strong></span> 
     </span>
     <span class='ocr_line' id='line_1_38' title="bbox 237 4508 1738 4596; baseline -0.005 -17"><span class='ocrx_word' id='word_1_362' title='bbox 237 4516 295 4579; x_wconf 81' lang='lat' dir='ltr'><strong>sibi</strong></span> <span class='ocrx_word' id='word_1_363' title='bbox 310 4518 411 4596; x_wconf 84' lang='lat' dir='ltr'><strong>facia</strong></span> <span class='ocrx_word' id='word_1_364' title='bbox 435 4513 472 4579; x_wconf 82' lang='lat' dir='ltr'><strong>de</strong></span> <span class='ocrx_word' id='word_1_365' title='bbox 496 4513 598 4577; x_wconf 84' lang='lat' dir='ltr'><strong>altori</strong></span> <span class='ocrx_word' id='word_1_366' title='bbox 619 4534 643 4578; x_wconf 87' lang='lat' dir='ltr'><strong>s.</strong></span> <span class='ocrx_word' id='word_1_367' title='bbox 669 4514 815 4595; x_wconf 75' lang='lat' dir='ltr'><strong>Procopii</strong></span> <span class='ocrx_word' id='word_1_368' title='bbox 836 4513 870 4575; x_wconf 84' lang='lat' dir='ltr'><strong>in</strong></span> <span class='ocrx_word' id='word_1_369' title='bbox 893 4512 1022 4576; x_wconf 85' lang='lat' dir='ltr'><strong>ecclesia</strong></span> <span class='ocrx_word' id='word_1_370' title='bbox 1038 4510 1194 4591; x_wconf 76' lang='lat' dir='ltr'><strong>Properti</strong></span> <span class='ocrx_word' id='word_1_371' title='bbox 1215 4509 1421 4587; x_wconf 67' lang='lat' dir='ltr'><strong>confirmetur,</strong></span> <span class='ocrx_word' id='word_1_372' title='bbox 1444 4509 1492 4572; x_wconf 84' lang='lat' dir='ltr'><strong>vel</strong></span> <span class='ocrx_word' id='word_1_373' title='bbox 1506 4508 1568 4571; x_wconf 85' lang='lat' dir='ltr'><strong>sibi</strong></span> <span class='ocrx_word' id='word_1_374' title='bbox 1583 4508 1620 4570; x_wconf 86' lang='lat' dir='ltr'><strong>de</strong></span> <span class='ocrx_word' id='word_1_375' title='bbox 1634 4508 1738 4571; x_wconf 87' lang='lat' dir='ltr'><strong>eodem</strong></span> 
     </span>
     <span class='ocr_line' id='line_1_39' title="bbox 239 4610 1737 4703; baseline -0.006 -19"><span class='ocrx_word' id='word_1_376' title='bbox 239 4619 273 4683; x_wconf 79' lang='lat' dir='ltr'><strong>dc</strong></span> <span class='ocrx_word' id='word_1_377' title='bbox 293 4639 371 4684; x_wconf 80' lang='lat' dir='ltr'><strong>poto</strong></span> <span class='ocrx_word' id='word_1_378' title='bbox 389 4618 605 4703; x_wconf 76' lang='lat' dir='ltr'><strong>provideatur.</strong></span> <span class='ocrx_word' id='word_1_379' title='bbox 630 4654 673 4662; x_wconf 91' lang='lat'>—</span> <span class='ocrx_word' id='word_1_380' title='bbox 696 4618 810 4681; x_wconf 73' lang='lat' dir='ltr'><strong>Petras</strong></span> <span class='ocrx_word' id='word_1_381' title='bbox 834 4615 979 4681; x_wconf 85' lang='lat' dir='ltr'><strong>Benessii</strong></span> <span class='ocrx_word' id='word_1_382' title='bbox 1000 4613 1169 4697; x_wconf 81' lang='lat' dir='ltr'><strong>suppli-cut,</strong></span> <span class='ocrx_word' id='word_1_383' title='bbox 1203 4616 1356 4695; x_wconf 75' lang='lat' dir='ltr'><strong>protervus</strong></span> <span class='ocrx_word' id='word_1_384' title='bbox 1379 4612 1485 4676; x_wconf 85' lang='lat' dir='ltr'><strong>electio</strong></span> <span class='ocrx_word' id='word_1_385' title='bbox 1516 4612 1551 4674; x_wconf 84' lang='lat' dir='ltr'><strong>in</strong></span> <span class='ocrx_word' id='word_1_386' title='bbox 1572 4610 1737 4676; x_wconf 80' lang='lat' dir='ltr'><strong>scholasti·</strong></span> 
     </span>
     <span class='ocr_line' id='line_1_40' title="bbox 238 4715 1737 4805; baseline -0.006 -17"><span class='ocrx_word' id='word_1_387' title='bbox 238 4745 304 4788; x_wconf 85' lang='lat' dir='ltr'><strong>tam</strong></span> <span class='ocrx_word' id='word_1_388' title='bbox 328 4722 478 4788; x_wconf 83' lang='lat' dir='ltr'><strong>ecelesiae</strong></span> <span class='ocrx_word' id='word_1_389' title='bbox 501 4720 747 4786; x_wconf 83' lang='lat' dir='ltr'><strong>Bolesluviensis</strong></span> <span class='ocrx_word' id='word_1_390' title='bbox 776 4744 833 4803; x_wconf 88' lang='lat' dir='ltr'><strong>per</strong></span> <span class='ocrx_word' id='word_1_391' title='bbox 856 4720 1032 4805; x_wconf 80' lang='lat' dir='ltr'><strong>capitulum</strong></span> <span class='ocrx_word' id='word_1_392' title='bbox 1055 4719 1193 4783; x_wconf 81' lang='lat' dir='ltr'><strong>eiusdem</strong></span> <span class='ocrx_word' id='word_1_393' title='bbox 1216 4715 1364 4782; x_wconf 86' lang='lat' dir='ltr'><strong>ecclesiae</strong></span> <span class='ocrx_word' id='word_1_394' title='bbox 1387 4717 1424 4780; x_wconf 89' lang='lat' dir='ltr'><strong>de</strong></span> <span class='ocrx_word' id='word_1_395' title='bbox 1447 4738 1480 4781; x_wconf 89' lang='lat' dir='ltr'><strong>se</strong></span> <span class='ocrx_word' id='word_1_396' title='bbox 1495 4719 1593 4794; x_wconf 86' lang='lat' dir='ltr'><strong>foetu</strong></span> <span class='ocrx_word' id='word_1_397' title='bbox 1627 4716 1737 4795; x_wconf 75' lang='lat' dir='ltr'><strong>confir-</strong></span> 
     </span>
     <span class='ocr_line' id='line_1_41' title="bbox 239 4818 1737 4908; baseline -0.005 -17"><span class='ocrx_word' id='word_1_398' title='bbox 239 4831 337 4892; x_wconf 79' lang='lat' dir='ltr'><strong>metur</strong></span> <span class='ocrx_word' id='word_1_399' title='bbox 358 4826 406 4892; x_wconf 85' lang='lat' dir='ltr'><strong>cel</strong></span> <span class='ocrx_word' id='word_1_400' title='bbox 427 4827 488 4891; x_wconf 79' lang='lat' dir='ltr'><strong>sibi</strong></span> <span class='ocrx_word' id='word_1_401' title='bbox 511 4828 548 4891; x_wconf 85' lang='lat' dir='ltr'><strong>de</strong></span> <span class='ocrx_word' id='word_1_402' title='bbox 570 4827 656 4890; x_wconf 86' lang='lat' dir='ltr'><strong>dicta</strong></span> <span class='ocrx_word' id='word_1_403' title='bbox 672 4825 873 4908; x_wconf 77' lang='lat' dir='ltr'><strong>scholastria,</strong></span> <span class='ocrx_word' id='word_1_404' title='bbox 896 4845 991 4907; x_wconf 79' lang='lat' dir='ltr'><strong>paam</strong></span> <span class='ocrx_word' id='word_1_405' title='bbox 1014 4844 1149 4888; x_wconf 77' lang='lat' dir='ltr'><strong>unctura</strong></span> <span class='ocrx_word' id='word_1_406' title='bbox 1170 4821 1352 4904; x_wconf 82' lang='lat' dir='ltr'><strong>purocdioli</strong></span> <span class='ocrx_word' id='word_1_407' title='bbox 1373 4820 1503 4885; x_wconf 80' lang='lat' dir='ltr'><strong>ecclesio</strong></span> <span class='ocrx_word' id='word_1_408' title='bbox 1526 4821 1562 4884; x_wconf 85' lang='lat' dir='ltr'><strong>in</strong></span> <span class='ocrx_word' id='word_1_409' title='bbox 1586 4818 1737 4901; x_wconf 57' lang='lat' dir='ltr'><strong>otiloni)</strong></span> 
     </span>
     <span class='ocr_line' id='line_1_42' title="bbox 240 4924 1738 5017; baseline -0.006 -21"><span class='ocrx_word' id='word_1_410' title='bbox 240 4931 435 5017; x_wconf 81' lang='lat' dir='ltr'><strong>aliquamdiu</strong></span> <span class='ocrx_word' id='word_1_411' title='bbox 457 4932 589 5013; x_wconf 79' lang='lat' dir='ltr'><strong>tenebat,</strong></span> <span class='ocrx_word' id='word_1_412' title='bbox 613 4932 650 4996; x_wconf 85' lang='lat' dir='ltr'><strong>dc</strong></span> <span class='ocrx_word' id='word_1_413' title='bbox 672 4951 747 4995; x_wconf 82' lang='lat' dir='ltr'><strong>aooo</strong></span> <span class='ocrx_word' id='word_1_414' title='bbox 771 4929 985 5011; x_wconf 77' lang='lat' dir='ltr'><strong>provideatur,</strong></span> <span class='ocrx_word' id='word_1_415' title='bbox 1009 4932 1039 4991; x_wconf 80' lang='lat' dir='ltr'><strong>et</strong></span> <span class='ocrx_word' id='word_1_416' title='bbox 1062 4932 1226 5011; x_wconf 82' lang='lat' dir='ltr'><strong>quatenus,</strong></span> <span class='ocrx_word' id='word_1_417' title='bbox 1248 4926 1277 4990; x_wconf 87' lang='lat' dir='ltr'><strong>si</strong></span> <span class='ocrx_word' id='word_1_418' title='bbox 1299 4926 1426 5008; x_wconf 83' lang='lat' dir='ltr'><strong>indipet,</strong></span> <span class='ocrx_word' id='word_1_419' title='bbox 1450 4924 1644 5008; x_wconf 82' lang='lat' dir='ltr'><strong>badililciur,</strong></span> <span class='ocrx_word' id='word_1_420' title='bbox 1668 4945 1738 4989; x_wconf 86' lang='lat' dir='ltr'><strong>tum</strong></span> 
     </span>
     <span class='ocr_line' id='line_1_43' title="bbox 236 5028 1743 5122; baseline -0.007 -21"><span class='ocrx_word' id='word_1_421' title='bbox 236 5043 372 5117; x_wconf 82' lang='lat' dir='ltr'><strong>parolus</strong></span> <span class='ocrx_word' id='word_1_422' title='bbox 394 5037 437 5102; x_wconf 78' lang='lat' dir='ltr'><strong>sii</strong></span> <span class='ocrx_word' id='word_1_423' title='bbox 460 5036 497 5100; x_wconf 79' lang='lat' dir='ltr'><strong>de</strong></span> <span class='ocrx_word' id='word_1_424' title='bbox 513 5036 676 5122; x_wconf 80' lang='lat' dir='ltr'><strong>fructibus</strong></span> <span class='ocrx_word' id='word_1_425' title='bbox 694 5035 852 5118; x_wconf 82' lang='lat' dir='ltr'><strong>perceptis</strong></span> <span class='ocrx_word' id='word_1_426' title='bbox 869 5033 1066 5112; x_wconf 81' lang='lat' dir='ltr'><strong>satisfacere.</strong></span> <span class='ocrx_word' id='word_1_427' title='bbox 1085 5071 1126 5079; x_wconf 96' lang='lat'><strong>—</strong></span> <span class='ocrx_word' id='word_1_428' title='bbox 1145 5030 1244 5114; x_wconf 81' lang='lat' dir='ltr'><strong>,Fiat</strong></span> <span class='ocrx_word' id='word_1_429' title='bbox 1263 5084 1269 5096; x_wconf 93' lang='lat'><em>.</em></span> <span class='ocrx_word' id='word_1_430' title='bbox 1290 5078 1296 5093; x_wconf 92' lang='lat'><strong>.</strong></span> <span class='ocrx_word' id='word_1_431' title='bbox 1317 5082 1323 5094; x_wconf 94' lang='lat'><em>.</em></span> <span class='ocrx_word' id='word_1_432' title='bbox 1344 5082 1351 5095; x_wconf 92' lang='lat'><strong>.</strong></span> <span class='ocrx_word' id='word_1_433' title='bbox 1371 5032 1418 5096; x_wconf 57' lang='grc' dir='ltr'><em>Ψ</em></span> <span class='ocrx_word' id='word_1_434' title='bbox 1437 5028 1611 5116; x_wconf 78' lang='lat' dir='ltr'><strong>[Apinione</strong></span> <span class='ocrx_word' id='word_1_435' title='bbox 1634 5028 1743 5091; x_wconf 83' lang='lat' dir='ltr'><em>XIIII</em></span> 
     </span>
     <span class='ocr_line' id='line_1_44' title="bbox 715 5134 1255 5222; baseline -0.004 -21"><span class='ocrx_word' id='word_1_436' title='bbox 715 5139 778 5202; x_wconf 82' lang='lat' dir='ltr'><strong>irai.</strong></span> <span class='ocrx_word' id='word_1_437' title='bbox 804 5138 983 5203; x_wconf 84' lang='lat' dir='ltr'><strong>Decembris</strong></span> <span class='ocrx_word' id='word_1_438' title='bbox 1008 5159 1037 5202; x_wconf 89' lang='grc' dir='ltr'><strong>α.</strong></span> <span class='ocrx_word' id='word_1_439' title='bbox 1061 5134 1255 5222; x_wconf 63' lang='lat' dir='ltr'><strong>tepttmolc)</strong></span> 
     </span>
    </p>
   </div>
   <div class='ocr_carea' id='block_1_6' title="bbox 1142 5273 1694 5469">
    <p class='ocr_par' dir='ltr' id='par_1_6' title="bbox 1142 5273 1694 5469">
     <span class='ocr_line' id='line_1_45' title="bbox 1142 5273 1694 5352; baseline -0.011 -10"><span class='ocrx_word' id='word_1_440' title='bbox 1142 5277 1306 5352; x_wconf 82' lang='lat' dir='ltr'><strong>Arinionr,</strong></span> <span class='ocrx_word' id='word_1_441' title='bbox 1335 5278 1415 5338; x_wconf 72' lang='lat'><strong><em>13:39</em></strong></span> <span class='ocrx_word' id='word_1_442' title='bbox 1439 5273 1621 5338; x_wconf 71' lang='lat' dir='ltr'><strong>Novembris</strong></span> <span class='ocrx_word' id='word_1_443' title='bbox 1642 5274 1694 5336; x_wconf 88' lang='grc'><strong>18.</strong></span> 
     </span>
     <span class='ocr_line' id='line_1_46' title="bbox 1599 5415 1633 5469; baseline -0.059 0"><span class='ocrx_word' id='word_1_444' title='bbox 1599 5415 1633 5469; x_wconf 80' lang='lat' dir='ltr'><strong>au</strong></span> 
     </span>
    </p>
   </div>
   <div class='ocr_carea' id='block_1_7' title="bbox 0 0 1976 6052">
    <p class='ocr_par' dir='ltr' id='par_1_7' title="bbox 0 0 1976 6052">
     <span class='ocr_line' id='line_1_47' title="bbox 0 0 1976 6052; baseline 0 0"><span class='ocrx_word' id='word_1_445' title='bbox 0 0 1976 6052; x_wconf 95' lang='lat' dir='ltr'><strong> </strong></span> 
     </span>
    </p>
   </div>
  </div>
 </body>
</html>
