3944 6060
227 428 304 494 430.
782 374 784 379 ¹
834 408 902 468 aaa
920 414 1072 468 rosaceum
1090 411 1135 465 vr.

357 635 438 698 Item
462 630 629 712 supplicat,
664 633 822 708 qrratenus
847 621 1088 701 Wlnstiboriob)
1119 629 1194 687 nato
1226 623 1381 703 quondam
1406 621 1562 705 Stephani
1587 626 1627 690 de
1652 623 1734 690 Salt-

229 742 346 821 zanoss)
369 739 401 802 in
426 735 565 800 Crernsir
598 735 786 814 presbytero
821 729 982 811 Pragensi,
1018 728 1192 810 grassatori
1226 728 1461 810 privilegiorum
1496 735 1530 793 et
1551 730 1737 795 litterarum

232 842 456 926 imperialium,
480 839 519 902 de
543 836 731 900 canonicatu
765 837 823 900 sub
847 833 1074 916 cxpectacioue
1109 833 1269 916 prebende
1293 832 1566 914 wissegradensis
1597 835 1737 899 ecclesie

230 965 330 1030 prope
354 946 502 1025 Pragam,
520 944 652 1005 vacante
675 938 725 1003 vel
750 943 909 1019 vacaturo,
940 935 1113 1016 dignemini
1146 936 1326 1018 providere,
1361 956 1423 1002 non
1458 939 1617 1015 obstante,
1653 939 1737 1020 quod

230 1048 459 1132 parrochialem
494 1044 662 1108 ecclesiam
697 1043 729 1106 in
764 1042 922 1125 Popouicz
957 1042 1126 1124 Prageusis
1162 1042 1244 1107 dioc.
1277 1042 1411 1120 obtinet,
1446 1042 1536 1107 cuius
1559 1042 1736 1108 fructusV

231 1154 427 1218 marcharum
453 1149 577 1232 argorrti
601 1147 773 1211 secundum
798 1147 996 1212 tuxaciouem
1020 1147 1141 1210 decime
1157 1147 1297 1211 valorem
1315 1165 1450 1210 aurinum
1473 1166 1537 1213 nou
1562 1148 1735 1229 excedunt,

233 1280 302 1325 cum
325 1256 477 1323 clausulis
500 1253 675 1337 oportunis.

363 1483 443 1547 Item
478 1481 647 1562 supplicat,
681 1484 837 1559 quatenus
872 1478 932 1543 sibi
966 1484 1000 1542 et
1023 1478 1120 1542 nobili
1144 1477 1267 1541 mulieri
1304 1477 1416 1542 relicte
1439 1479 1596 1559 quondam
1621 1479 1736 1543 nobilis

234 1591 292 1654 viri
316 1587 470 1652 Herboldi
505 1587 544 1650 de
574 1583 726 1648 Janouicz
761 1582 929 1664 Progensis
964 1582 1044 1647 dioc,
1076 1583 1219 1664 magistri
1250 1583 1336 1646 curie
1359 1600 1416 1647 suc
1447 1588 1481 1647 et
1509 1582 1636 1648 XXllII
1667 1583 1735 1648 aliis

234 1693 428 1773 mulieribus,
451 1689 660 1754 familiaribus
684 1688 750 1752 suis
774 1686 956 1753 domesticis
976 1687 1247 1765 commensalibus,
1272 1704 1349 1768 quas
1366 1687 1493 1752 duxerit
1517 1687 1732 1771 nominandas,

235 1800 360 1879 plenam
383 1796 602 1860 remissionem
625 1793 792 1858 iumentis
816 1792 949 1857 articulo
972 1792 1137 1874 indulgere
1161 1791 1335 1873 dignemini
1357 1797 1393 1855 nt
1415 1792 1447 1856 in
1470 1790 1581 1857 forma.

365 1919 445 1982 ltem
470 1915 642 1997 dignemini
665 1932 797 1978 examen
821 1913 959 1980 omniurn
981 1913 1194 1996 predictorum
1219 1914 1259 1977 ad
1282 1919 1391 1995 partes
1414 1913 1625 1980 committere.

365 2041 437 2104 Fiat
460 2040 497 2103 G.

365 2144 439 2210 Siue
464 2143 527 2208 alia
550 2141 699 2207 leccioue.
730 2140 800 2203 Fiat
825 2139 862 2204 G.

367 2268 404 2332 ll.
429 2266 586 2330 Aninioue
610 2264 642 2328 11
665 2262 727 2325 hal.
751 2260 829 2325 Maii
854 2280 881 2324 a.
907 2279 999 2325 nono.

365 2456 397 2510 R.
415 2453 510 2523 Suppl.
530 2458 562 2505 32
582 2451 629 2505 iol.
649 2457 700 2507 48¹.
724 2481 748 2490 -
767 2456 791 2509 ἃ)
809 2423 942 2517 ,ιῖῑῖαωῐθ
961 2450 1055 2519 Suppl.
1085 2452 1110 2514 b)
1128 2451 1288 2507 Antecedit:
1317 2451 1516 2518 ,Wlaatiborio‘
1534 2459 1687 2507 correctum
1705 2467 1739 2507 ex

235 2543 430 2613 ,Wastiborio‘,
448 2541 497 2597 aed
517 2541 698 2596 cancellatum
718 2546 761 2594 est
779 2538 808 2592 in
827 2538 921 2609 Suppl.
942 2543 967 2607 c)
987 2539 1110 2608 corrige:
1130 2539 1284 2607 ,Seltzanos

885 2753 1090 2763 ,-...--...--

244 2933 355 3000 1199.
390 2930 570 2994 Hermanno
607 2924 752 3005 Gotfridi
785 2923 822 2988 de
855 2921 1154 3006 Bnrplrnnclslaall·)
1186 2923 1348 3006 capellano
1378 2921 1491 2988 Annae
1526 2926 1744 2990 Romanarum

237 3033 451 3117 inrperairieis
474 3035 654 3095 reservatur
676 3029 855 3111 heneficium
878 3029 1122 3093 ecelesiasticam
1146 3049 1215 3093 carra
1240 3029 1287 3092 vel
1302 3029 1370 3093 sine
1392 3049 1478 3108 cura,
1504 3029 1592 3093 anias
1608 3035 1744 3110 sranius

240 3144 283 3205 25
306 3160 387 3220 resp.
414 3142 455 3201 18
488 3155 670 3200 marcarum
704 3134 828 3216 arpenti
860 3133 998 3196 calorem
1032 3153 1171 3197 annnam
1201 3153 1262 3197 nan
1284 3133 1445 3216 accedant,
1478 3134 1521 3197 ad
1543 3132 1743 3200 collationem

238 3243 376 3327 episcopi
399 3240 639 3320 Banaberpeasis
655 3239 829 3320 pertinens,
864 3239 893 3302 si
915 3242 1009 3302 cacat
1031 3237 1078 3301 vel
1101 3257 1170 3301 aum
1193 3239 1361 3303 placaverit.
1401 3237 1595 3316 ,Probitaiis
1625 3243 1656 3303 el
1678 3239 1742 3304 nir·

615 3347 748 3406 tnium“·
765 3343 938 3421 ,An-inians
960 3341 998 3406 Il
1016 3340 1078 3406 lul.
1103 3342 1188 3406 Maii
1211 3364 1240 3406 a.
1264 3352 1370 3406 nono.“

287 3489 340 3555 ,ff
393 3543 399 3553 .
1202 3482 1364 3560 Acinione,
1389 3481 1471 3544 1361
1496 3479 1621 3562 Aprilis
1645 3482 1699 3545 30.

369 3675 400 3728 ll.
422 3675 469 3728 hv.
492 3680 540 3729 145
560 3673 606 3728 iol.
626 3677 694 3728 251¹.
714 3705 745 3712 —
778 3683 801 3712 ω
822 3671 1024 3735 ,Burchunstat‘
1044 3673 1092 3724 Aa.

241 4061 358 4123 200⁰.
383 4057 538 4122 Arneslas
561 4056 814 4139 crrclriepiscopas
838 4055 1008 4139 Prnpensis
1023 4055 1192 4137 supplicat,
1209 4059 1363 4138 quaternus
1386 4055 1499 4120 silici
1521 4056 1745 4139 infrascriptis

237 4163 384 4243 personis
406 4162 549 4224 diversae
571 4162 697 4241 praiiae
720 4160 937 4224 concedantur.
964 4196 1003 4206 -
1028 4158 1122 4223 Anna
1153 4159 1343 4224 carathoralis
1369 4160 1510 4224 Benessii
1533 4161 1571 4224 ale
1602 4162 1744 4228 lilarien-

314 4265 386 4344 berp
408 4264 578 4346 supplicat,
602 4269 757 4346 qnatenus
782 4264 1009 4327 monasteriam
1031 4285 1057 4330 s.
1083 4263 1201 4329 Clarae
1226 4264 1383 4346 Propense
1405 4263 1529 4328 intrare
1551 4263 1669 4330 valeat.

1202 4404 1364 4484 Arinione,
1391 4404 1471 4467 1361
1497 4405 1623 4487 Aprilis
1646 4409 1701 4471 30.

371 4593 536 4674 Supplicat
558 4588 599 4656 go
627 4590 677 4654 Vre
710 4593 843 4657 devotus
868 4600 974 4658 vester
1005 4595 1160 4657 arnestus
1184 4593 1441 4676 archiepiscopus
1464 4595 1644 4677 Pragcnsis,
1668 4616 1747 4678 qua·

242 4703 335 4760 tenus
359 4697 419 4758 sibi
455 4715 510 4776 pro
545 4696 643 4759 divini
668 4696 771 4759 cultus
806 4702 839 4761 et
861 4714 949 4760 sacre
982 4697 1146 4779 religionis
1169 4704 1339 4779 augmento
1363 4700 1537 4763 contaedere
1560 4701 1750 4785 dignemini,

243 4801 326 4881 quod
349 4800 578 4881 parrochialem
602 4808 635 4863 et
658 4801 833 4864 secularem
856 4803 1022 4866 ecclesiam
1046 4804 1079 4866 in
1103 4803 1286 4884 Rokytaauo
1312 4804 1480 4884 Pragensis
1503 4804 1593 4887 dioc,
1618 4806 1659 4870 ad
1683 4807 1750 4873 eol·

243 4905 396 4969 lacioncm
422 4923 510 4968 suarm
535 4911 733 4985 sprectantem
758 4911 791 4968 ct
814 4906 846 4967 in
870 4908 1077 4987 proventibus
1100 4907 1345 4988 habundantem,
1370 4907 1493 4989 erigere
1517 4909 1619 4988 possit
1641 4909 1673 4973 iu
1699 4930 1751 4977 re·

243 5010 384 5090 gulanam
408 5015 442 5072 et
465 5009 704 5073 conventualem
728 5009 894 5073 ecelesiam
918 5012 1006 5074 etin
1030 5030 1069 5074 ea
1091 5016 1279 5075 conventum
1303 5028 1359 5074 sex
1382 5013 1602 5077 canonicorum
1625 4994 1756 5080 ordinis·

244 5132 269 5177 s.
293 5113 472 5195 Arrgustini,
508 5130 639 5192 quorum
676 5131 756 5175 llllus
791 5114 833 5176 sit
856 5115 1037 5195 prepositus
1071 5122 1105 5179 et
1129 5122 1224 5197 caput
1253 5115 1354 5196 ipsius
1378 5124 1552 5181 conventus
1575 5135 1750 5200 curamque

245 5218 417 5281 animarum
441 5223 475 5281 et
497 5234 704 5297 personarum
736 5216 878 5281 eiusdem
909 5225 1082 5284 conventus
1112 5220 1238 5301 habeat,
1263 5225 1295 5282 et
1319 5219 1462 5285 aliosde
1486 5222 1646 5286 carronicia
1667 5222 1752 5306 ipsis

245 5341 351 5387 curam
373 5322 546 5386 animarum
570 5322 849 5402 parrochianorum
873 5324 974 5405 ipsius
997 5323 1132 5388 ecclesie
1156 5330 1306 5389 exerceat
1329 5329 1362 5388 ct
1377 5331 1476 5407 gerat,
1499 5333 1534 5390 et
1555 5325 1641 5408 quod
1663 5327 1752 5393 circa
