3990 6052
719 423 786 474 reso
804 419 929 475 acumen
948 425 979 475 ar
999 452 1032 461 -
1050 421 1193 478 reomaus
1212 427 1235 476 o.
1669 431 1725 496 131

355 625 518 709 Significat
541 625 581 692 S²¹
602 627 656 690 Vre
679 627 813 692 devotus
836 627 923 693 lilius
947 636 1056 694 vester
1079 630 1215 695 Karolus
1240 633 1450 699 Romanorum
1475 640 1509 699 et
1520 635 1651 699 Boemie
1667 653 1731 717 ren,

226 731 310 810 quod
333 730 406 795 olim
423 730 573 795 Nicolaus
590 731 629 795 de
647 731 742 795 Curia
759 733 893 813 Regnitz
911 732 1045 797 clericus
1070 734 1343 801 Wratislauiensis
1368 738 1446 802 dioc.
1471 745 1546 802 tunc
1562 739 1592 801 in
1610 738 1730 802 xl11110

227 834 324 898 etatis
347 852 404 897 sue
428 853 510 898 anno
534 835 726 900 constitutus
750 836 819 900 sine
843 837 892 900 sui
916 838 1076 901 diocesani
1100 837 1233 902 licencia
1257 858 1315 921 per
1339 840 1577 923 simplicitatem
1601 846 1635 905 et
1653 841 1731 907 iuris

226 937 439 1019 ignorancium
474 937 554 1001 alius
578 944 685 1003 tamen
700 939 769 1004 rite
793 942 832 1004 ad
856 959 965 1005 omnes
987 942 1126 1006 minores
1158 943 1285 1007 ordines
1309 945 1487 1025 promoveri
1511 944 1559 1028 [se
1583 944 1673 1028 lecit]
1697 952 1731 1010 et

226 1041 259 1105 in
282 1040 347 1105 illis
370 1043 569 1123 postmodum
593 1044 794 1126 ministravit,
821 1046 966 1126 quodque
990 1048 1189 1126 postmodum
1213 1048 1368 1128 premissa
1391 1047 1453 1112 8¹²⁸
1480 1049 1520 1112 ad
1542 1048 1730 1112 instanciam

229 1145 305 1210 dicti
328 1146 413 1227 regis
437 1145 540 1211 eidem
564 1145 695 1212 Nicolao
718 1149 816 1212 tacito
839 1148 878 1213 de
902 1149 1055 1230 predictis
1079 1150 1118 1215 de
1142 1151 1327 1215 canonicatu
1351 1152 1486 1216 ecclesie
1511 1151 1731 1216 Olomucensis

228 1267 297 1312 cum
320 1250 541 1315 reservacione
565 1251 726 1333 prebende
758 1253 900 1334 graciose
924 1253 1073 1333 providit.
1120 1253 1225 1329 Quare
1254 1254 1418 1318 humiliter
1441 1255 1601 1336 supplicat
1624 1256 1728 1320 dictus

227 1372 291 1433 rex,
315 1353 465 1434 quatinus
499 1354 560 1419 sibi
592 1356 625 1419 in
656 1374 823 1438 personam
855 1356 931 1420 dicti
955 1356 1079 1420 Nicolai
1103 1357 1273 1438 specialem
1297 1359 1435 1439 graciam
1459 1358 1625 1440 facientes,
1661 1379 1729 1423 curn

227 1458 338 1521 eodem
362 1457 502 1536 Nicolao‚
539 1465 574 1523 ut
604 1460 635 1524 in
668 1460 713 1524 sic
743 1460 901 1542 susceptis
932 1461 1097 1525 ordinibus
1129 1461 1309 1526 ministrare
1344 1461 1460 1537 valeat,
1498 1463 1731 1545 dispensantes,

227 1562 399 1643 dignemini
430 1563 533 1628 eidem
558 1563 689 1628 Nicolao
713 1565 898 1641 concedere,
934 1565 1017 1645 qnod
1050 1564 1144 1628 litere
1169 1572 1274 1630 vestre
1298 1583 1394 1648 super
1417 1567 1503 1631 dicta
1525 1568 1632 1649 gracia
1656 1587 1726 1632 con-

227 1666 310 1730 lecte
333 1669 373 1731 ab
396 1666 536 1748 ipsarum
560 1669 723 1733 literarum
749 1670 824 1732 data
848 1686 989 1732 necnon
1014 1686 1182 1750 processus
1205 1690 1263 1751 per
1285 1688 1340 1733 eas
1357 1669 1457 1734 babiti
1485 1677 1519 1734 et
1545 1689 1730 1753 quecunque

229 1771 302 1834 inde
326 1778 437 1837 secuta
460 1778 575 1837 extunc
599 1773 728 1838 valeant
750 1760 784 1837 et
806 1773 935 1855 plenum
959 1773 1136 1837 sorciantur
1160 1773 1315 1849 ellectum,
1339 1794 1402 1838 non
1418 1776 1618 1840 obstantibus
1634 1776 1731 1841 omni-

228 1877 285 1940 bus
309 1877 501 1957 supradictis
524 1895 593 1940 cum
618 1877 690 1942 aliis
713 1897 775 1942 non
799 1878 998 1942 obstantibus
1022 1883 1055 1942 et
1077 1877 1230 1943 clausulis
1253 1880 1419 1959 oportunis
1443 1885 1476 1943 et
1492 1880 1728 1945 executoribus.

357 2014 429 2078 Fiat
452 2015 491 2079 de
515 2015 590 2079 data
613 2017 753 2097 presenti
778 2021 812 2080 et
835 2016 1055 2096 dispensamus
1080 2016 1116 2080 G.
1141 2017 1184 2080 Et
1207 2017 1289 2097 quod
1313 2023 1458 2081 transeat
1480 2018 1549 2082 sine
1575 2018 1637 2082 alia
1654 2018 1729 2096 [lec-

228 2118 330 2202 cione]
365 2124 399 2182 et
428 2137 499 2182 cum
522 2119 741 2184 commissione
773 2120 928 2184 examinis
959 2121 998 2184 ad
1023 2127 1140 2202 partes.
1188 2121 1260 2184 Fiat
1284 2121 1320 2185 G.
1367 2123 1403 2184 D.
1430 2122 1587 2187 Aninione
1611 2123 1642 2186 ll
1665 2122 1729 2186 kal.

228 2222 392 2288 Februarii
416 2243 444 2287 a.
468 2223 577 2289 tercio.

358 2413 388 2466 R.
408 2412 505 2481 Suppl.
524 2418 557 2465 ab
576 2412 622 2466 iol.
642 2419 683 2467 22.
703 2445 735 2453 -
755 2413 831 2468 Cous.
851 2430 890 2467 nr.
910 2419 951 2480 60,
979 2420 1021 2479 62,
1039 2419 1090 2467 263
1108 2412 1191 2466 huius
1209 2413 1284 2480 tomi,
1302 2413 1348 2467 ubi
1367 2413 1401 2466 de
1420 2413 1581 2468 canonicatu
1600 2413 1732 2469 ecclesiae

229 2497 453 2554 Vratislariensis
471 2499 595 2569 predicto
613 2499 728 2555 Nicolao
748 2500 911 2555 conferendo
931 2500 1027 2570 agitur.

227 2882 318 2949 324.
341 2883 483 2947 Jobanni
505 2884 647 2966 episcopo
672 2882 870 2949 Olomuceusi
891 2882 1019 2947 licentia
1041 2882 1182 2946 testandi
1212 2882 1398 2947 conceditur.
1444 2879 1551 2966 „autu
1571 2881 1728 2965 presentis

567 2987 648 3051 oiie“
687 2988 862 3067 „Aaiueione
884 2989 919 3051 ΙΙ
939 3009 1009 3052 uon.
1037 2986 1199 3050 Februarii
1224 3007 1252 3049 a.
1276 2987 1402 3051 tercio“.

311 3144 380 3193 .Χ.
1174 3127 1339 3209 Avinione,
1364 3130 1448 3192 1355
1472 3127 1637 3191 Februarii
1658 3129 1688 3192 4.

361 3315 390 3368 R.
409 3319 458 3368 AV.
481 3323 524 3368 131
547 3315 593 3370 sol.
613 3324 671 3370 293.

405 3650 496 3716 325.
523 3649 730 3714 Berubardas
748 3647 936 3729 praeficitur
958 3650 992 3711 iu
1015 3649 1158 3713 abbatem
1180 3648 1365 3712 monaster-ii
1387 3648 1547 3712 Siloeusis.

1173 3785 1336 3864 runcone,
1359 3787 1445 3849 1355
1470 3786 1636 3850 raoauro·
1657 3788 1687 3851 o.

360 3982 398 4045 Ι).
433 3979 453 4045 f.
489 3979 673 4045 Bernhardo
708 3981 814 4045 abbati
853 3979 1040 4044 monasterii
1074 3976 1236 4059 Syloensis
1281 3976 1567 4041 Premostratensis
1601 3975 1731 4052 ordinis,

232 4085 400 4168 Progensis
423 4085 502 4150 dioc.
527 4085 661 4149 salutern
677 4091 737 4148 etc.
763 4083 909 4166 Suscepti
926 4101 1001 4147 cura
1016 4081 1180 4163 regiminis
1200 4131 1205 4141 .
1227 4131 1232 4143 .
1254 4130 1259 4141 .
1281 4131 1287 4143 .
1314 4081 1437 4145 Dudum
1454 4080 1609 4161 siquidem
1624 4099 1729 4144 mona-

231 4191 328 4254 sterio
341 4189 487 4271 Syloensi
503 4188 808 4254 Premonstratensis
823 4188 943 4253 ordinis
953 4186 1120 4269 Pragensis
1132 4184 1210 4249 dioc.
1224 4202 1281 4266 per
1290 4184 1410 4249 obitum
1426 4185 1582 4264 quondam
1597 4183 1730 4250 Sciborii

232 4294 355 4358 abbatis
378 4293 456 4358 dicti
479 4294 673 4370 monasterii,
693 4293 746 4374 qui
770 4299 861 4357 extra
884 4292 1054 4356 Romanurn
1078 4290 1196 4353 curiam
1222 4288 1304 4352 diem
1329 4288 1444 4353 clausit
1467 4295 1653 4368 extremum,
1677 4309 1729 4354 vu·

232 4404 333 4474 conte,
358 4397 408 4462 dd.
434 4396 465 4461 ff.
492 4404 667 4462 conventus
691 4399 791 4478 ipsius
814 4396 999 4461 monasterii
1023 4394 1142 4459 vocatis
1166 4393 1319 4469 omnibus,
1353 4393 1405 4473 qui
1430 4393 1608 4476 voluerunt,
1633 4394 1730 4459 debu·

232 4509 326 4566 erunt
348 4509 382 4566 et
405 4508 578 4584 potuerunt
601 4502 761 4566 commode
785 4503 952 4580 interesse,
988 4500 1039 4563 die
1071 4499 1110 4562 ad
1134 4497 1314 4578 eligendum
1349 4497 1469 4578 prefixa
1505 4498 1733 4565 convenientes

231 4607 264 4670 in
287 4625 391 4682 unum,
427 4612 459 4669 te
482 4606 665 4670 canonicum
689 4606 766 4670 dicti
789 4604 984 4682 monasterii,
1020 4602 1161 4667 ordinem
1192 4601 1295 4680 ipsum
1319 4619 1470 4682 expresse
1494 4601 1673 4683 professum
1699 4608 1733 4667 et

232 4711 264 4775 in
287 4709 470 4775 sacerdocio
493 4710 701 4775 constitutum
724 4728 782 4791 per
805 4708 936 4774 formam
960 4706 1177 4789 compromissi
1199 4706 1233 4769 in
1256 4723 1364 4769 eorum
1388 4711 1421 4769 et
1444 4705 1523 4769 dicti
1545 4708 1733 4772 monasterii

233 4815 378 4879 abbatem
413 4814 613 4880 concorditer
635 4814 812 4896 elegerunt,
848 4819 944 4893 tuque
976 4810 1128 4874 eleccioni
1152 4808 1332 4872 huiusmodi
1355 4808 1441 4873 illius
1466 4809 1523 4874 tibi
1546 4817 1733 4892 presentato

233 4920 361 4984 decreto
384 4918 585 5000 consensisti,
609 4918 808 5000 postmodum
831 4934 906 4980 vero
930 4916 1086 4996 quondam
1110 4913 1220 4996 Hynco
1237 4912 1276 4975 de
1294 4913 1438 4995 Lhyssou
1461 4915 1631 4979 canonicus
1648 4916 1732 4980 eius-

233 5024 303 5087 dem
327 5023 511 5088 monasterii
535 5041 689 5104 asserens,
713 5022 796 5103 quod
820 5027 993 5085 conventus
1016 5017 1150 5099 predicti
1175 5017 1277 5098 ipsum
1301 5017 1333 5080 in
1357 5036 1466 5082 eorum
1482 5024 1516 5082 et
1531 5018 1609 5084 dicti
1625 5037 1732 5084 mona·

233 5127 323 5191 alerii
348 5127 493 5192 abbatem
516 5144 574 5209 per
596 5125 727 5192 formam
751 5124 965 5207 compromissi
988 5124 1088 5187 eciam
1112 5121 1312 5186 concorditer
1334 5122 1500 5203 elegerant
1515 5129 1549 5187 et
1565 5123 1648 5203 quod
1663 5123 1732 5204 ipse

235 5231 386 5295 eleccioni
409 5230 589 5295 huiusmodi
624 5231 663 5295 de
688 5249 722 5295 se
746 5230 828 5294 lacte
852 5230 938 5294 illius
962 5228 1022 5293 sibi
1045 5232 1230 5310 presentato
1254 5227 1383 5291 decreto
1407 5234 1621 5309 consenserat,
1644 5246 1732 5291 suam

235 5334 334 5418 primo
363 5336 435 5401 ad.
458 5335 479 5400 l.
503 5334 664 5401 Miralrota
699 5336 814 5400 abbate
837 5333 1004 5399 Milocensi
1037 5351 1074 5396 ac
1097 5331 1213 5396 demde
1244 5337 1279 5396 tu
1303 5337 1390 5396 tuam
1413 5331 1590 5396 elecciones
1624 5331 1732 5397 huius·

1596 5463 1629 5519 91
