3990 6052
686 427 753 484 labo
771 420 912 484 Februarii
933 432 964 482 10
982 459 1015 469 -
1033 421 1175 483 Februarii
1194 434 1234 481 12.
1654 425 1691 493 13

210 644 290 702 tram
313 645 348 704 ei
370 639 454 706 dicbe
478 640 564 704 sedis
587 639 843 704 benediccionem
875 645 909 704 et
931 639 1068 721 graciam
1093 640 1207 702 exinde
1232 637 1361 702 uberius
1373 636 1523 717 consequi
1546 636 1709 701 merearis.

212 744 248 807 l).
273 743 429 808 duinIone
453 743 530 808 VIII
552 743 594 807 id.
619 743 784 807 Februarii
807 763 835 806 a.
860 743 970 808 tercio.

338 882 374 946 In
408 902 434 946 e.
457 901 498 946 m.
522 882 573 945 dd.
597 880 631 945 ll.
655 883 824 947 conventui
853 882 1038 948 monasterii
1063 880 1235 963 Syloensis,
1270 878 1552 945 Premostrabensis
1589 877 1710 944 ordinis

211 985 378 1068 Pragensis
401 986 472 1051 dioc
475 1036 590 1050 .....

337 1123 374 1187 In
399 1142 424 1188 e.
450 1143 490 1189 m.
515 1124 544 1188 d.
569 1124 590 1187 f.
611 1176 617 1188 .
639 1178 644 1189 .
669 1125 776 1190 abbati
799 1125 984 1190 monasterii
1000 1124 1255 1190 Steinueldensis
1272 1121 1578 1188 Premenstratensis
1591 1119 1716 1185 ordinis

210 1228 408 1293 coloniensis
431 1227 502 1293 dioc
505 1279 620 1294 .....

337 1367 374 1432 In
397 1385 425 1431 e.
449 1387 489 1432 m.
514 1368 677 1433 carissimo
700 1369 732 1432 in
756 1368 884 1434 Christo
907 1368 976 1435 filio
1000 1369 1118 1434 Karolo
1141 1369 1209 1451 regi
1232 1368 1362 1432 Boemie
1409 1420 1415 1431 .
1438 1416 1470 1431 ..

337 1554 655 1610 Emmfflw

858 1736 1035 1746 ——.—-.—-
1043 1737 1059 1742 -

214 1890 297 1954 326
318 1888 518 1953 Innocentius
551 1890 599 1967 l'l,
634 1890 688 1969 qui
718 1890 752 1952 in
783 1910 877 1971 rayno
907 1887 1079 1954 Bobemiuc
1109 1912 1148 1954 ac
1179 1888 1410 1955 circumvicinis
1439 1888 1589 1969 partibus
1624 1885 1714 1951 ultra

204 1994 325 2059 donoc
336 1991 533 2076 florenorum
556 1993 639 2071 auri,
674 2014 755 2074 quae
783 1995 851 2058 sine
870 1993 1011 2075 periculo
1034 1994 1250 2076 transporlari
1273 2012 1333 2057 non
1350 1996 1495 2074 possunt,
1520 1992 1623 2073 babet,
1648 1987 1706 2056 Ca·

205 2095 304 2158 rolum
320 2097 532 2160 Romanorum
546 2117 649 2178 recem
664 2101 764 2179 rocci,
788 2100 944 2180 quolenus
964 2097 1026 2160 sibi
1046 2097 1081 2159 in
1101 2096 1270 2178 praedicta
1293 2116 1419 2160 summa
1425 2096 1620 2180 florenorum
1636 2094 1711 2159 auri

204 2201 328 2262 nomine
358 2199 460 2262 mutui
487 2200 660 2278 subumiul,
695 2199 845 2284 mamque
876 2199 990 2281 aaran
1012 2201 1060 2264 iil.
1086 2221 1111 2264 s.
1145 2199 1312 2266 Clementis
1332 2199 1513 2281 presbytero
1536 2197 1710 2272 cardinali,

205 2301 394 2383 apostolicae
425 2303 508 2368 sedis
537 2303 737 2386 inpartibus
760 2304 876 2369 ltaliae
898 2304 1010 2386 leyalo,
1034 2306 1081 2369 vel
1107 2303 1264 2370 Guilelmo
1287 2304 1324 2367 de
1347 2300 1524 2368 Benevento
1546 2302 1711 2387 capellano

199 2427 308 2487 papae
329 2409 478 2486 assiqnei.
516 2408 690 2488 ,Perducii
714 2408 756 2471 ad
780 2408 947 2473 noticiam“
978 2407 1155 2489 ,Aninione
1179 2409 1253 2473 llll
1271 2406 1312 2476 iai.
1337 2408 1505 2473 Februarii
1527 2429 1558 2474 a.
1582 2408 1708 2473 lereio“.

1129 2548 1291 2622 Acinione,
1314 2548 1400 2609 1355
1423 2546 1591 2611 Februarii
1613 2550 1664 2613 10.

335 2734 366 2786 R.
386 2734 446 2787 i'at.
466 2739 516 2788 237
536 2733 582 2787 lol.
602 2742 648 2801 383
668 2735 698 2788 n.
718 2736 779 2789 Vei.
800 2742 850 2788 ’244
868 2737 893 2790 Ι)
913 2737 1044 2800 (drehet.)
1063 2753 1102 2790 nr.
1127 2743 1182 2799 1³1,
1202 2737 1247 2790 ubi
1266 2737 1293 2789 in
1307 2744 1382 2805 tergo
1396 2735 1529 2788 minutae:
1550 2734 1708 2804 ,R[escribe]

203 2821 232 2873 B.
251 2821 384 2889 Stephani
402 2821 427 2873 Il
446 2827 474 2874 et
492 2821 583 2874 statim
604 2822 633 2874 n.
654 2826 703 2874 li‘.
723 2852 755 2861 -
775 2821 824 2876 Ed.
839 2822 912 2892 apud
924 2823 1050 2888 Theium,
1070 2823 1133 2877 (iod.
1145 2823 1257 2876 dominii
1272 2831 1385 2892 tempor.
1406 2840 1428 2877 s.
1441 2821 1515 2877 sedis
1530 2821 1554 2872 ll
1568 2837 1632 2890 pag.
1648 2825 1707 2884 287,

203 2924 258 2975 reg.
278 2907 353 2976 apnd
372 2907 474 2975 Iluber,
494 2908 557 2975 [leg.
578 2908 644 2976 lmp.
664 2909 728 2962 Vlll
746 2924 807 2977 pag.
828 2915 878 2964 ⁶09
897 2927 936 2962 nr.
957 2915 997 2960 50.

853 3123 1057 3130 ————-.-

200 3291 291 3356 327.
319 3288 473 3355 Guilrlnio
503 3292 541 3355 de
570 3293 744 3356 Berreuenio
780 3293 961 3361 mandatur,
1003 3298 1156 3375 quatenus
1191 3316 1209 3354 u
1247 3291 1357 3355 Carula
1390 3312 1460 3371 reae
1496 3292 1706 3353 Romanorum

548 3399 667 3462 40000
680 3395 876 3478 florenorum
900 3398 974 3458 auri
997 3398 1118 3459 riamine
1140 3397 1240 3458 raalai
1259 3403 1358 3478 paral.

1128 3533 1288 3611 Aninione,
1311 3536 1397 3597 1355
1421 3532 1587 3596 Februarii
1608 3536 1659 3598 10.

331 3725 368 3788 l).
393 3724 413 3788 l.
439 3725 612 3790 Guillermo
643 3726 682 3790 de
706 3726 893 3789 Beneuento
917 3725 1137 3790 archidiacono
1173 3725 1213 3789 de
1237 3725 1386 3789 Ardenna
1409 3725 1441 3786 in
1465 3722 1602 3786 ecclesia
1624 3721 1702 3786 Leo-

201 3827 314 3909 diensi,
337 3828 502 3909 capellano
524 3834 633 3895 nostro
649 3828 858 3893 salutemetc.
884 3827 1041 3894 Cum...
1063 3877 1068 3890 .
1095 3827 1242 3894 Carolnm
1266 3845 1373 3908 regem
1397 3826 1607 3892 Romanorum
1629 3824 1701 3888 illu-

200 3935 298 3994 strem
331 3950 389 4013 per
419 3931 498 3995 alias
528 3939 653 3998 nostras
684 3932 810 3997 litteras
840 3933 1056 4014 deprecemur,
1096 3938 1131 3996 ut
1161 3932 1252 3996 nobis
1284 3933 1317 3996 iu
1340 3930 1551 4012 quadraginta
1573 3929 1701 3993 milibus

199 4031 389 4099 florenorum
412 4037 481 4100 auri
504 4037 582 4101 velit
605 4037 730 4100 nomine
752 4038 853 4100 mutui
877 4036 1054 4100 liberaliter
1077 4036 1257 4118 subvenire,
1281 4034 1468 4100 discrecioni
1483 4039 1539 4097 lue
1554 4051 1612 4114 per
1628 4050 1702 4114 apo·

200 4138 313 4203 stolica
336 4140 455 4221 scripta
485 4140 679 4223 mandamus,
702 4142 851 4222 quatinus
882 4140 1061 4205 huiusmodi
1085 4141 1295 4223 quadraginta
1325 4139 1413 4203 milia
1443 4137 1631 4204 florenorum
1662 4139 1701 4202 ab

199 4242 310 4307 eodem
333 4262 407 4327 rege
430 4251 550 4327 petere,
573 4244 701 4329 exigere
725 4264 761 4310 ac
783 4246 926 4327 recipere
949 4264 1011 4309 non
1037 4249 1217 4327 postponas.
1252 4244 1318 4309 Nos
1340 4245 1424 4309 enim
1448 4242 1506 4306 tibi
1530 4241 1701 4323 obligandi,

199 4346 321 4427 prefato
343 4349 411 4430 regi
435 4349 607 4413 Romanam
630 4350 797 4413 ecclesiam
822 4367 858 4412 ac
881 4351 966 4414 bona
990 4355 1024 4413 et
1039 4350 1110 4414 iura
1132 4349 1233 4430 ipsius
1250 4348 1381 4412 ubilicet
1403 4346 1577 4413 constituta
1600 4363 1699 4426 usque

198 4450 239 4513 ad
261 4468 412 4516 summam
433 4451 613 4517 huiusmodi
636 4453 846 4535 quadraginta
868 4453 989 4517 milium
1010 4452 1203 4518 florenorum
1227 4451 1353 4533 plenam
1369 4449 1571 4514 concedimus
1584 4453 1696 4513 tenore

199 4556 397 4634 presencIum
421 4561 622 4637 potestatem.
648 4558 685 4622 Ι).
710 4558 865 4622 Aninione
889 4555 963 4621 IIII.
988 4557 1029 4621 id.
1053 4556 1219 4622 Februarii
1243 4574 1271 4621 a.
1295 4555 1406 4619 tercio.

328 4743 360 4797 R.
378 4741 440 4797 Vni
459 4749 507 4798 237
527 4743 574 4799 iol.
593 4749 643 4800 ὅθ’.

195 5075 288 5140 328.
313 5070 446 5137 Carolus
471 5075 682 5139 Romanorum
714 5095 771 5140 rea
799 5081 939 5158 royaiur,
973 5080 1126 5160 quolenus
1164 5076 1349 5142 'l'beodrrico
1372 5075 1512 5156 episcopo
1537 5071 1698 5139 Mindeasi

625 5201 644 5243 a
668 5180 759 5244 curia
782 5182 929 5245 Romana
951 5179 1082 5243 remisso
1104 5177 1197 5252 fidem
1220 5180 1280 5245 del.

1117 5317 1278 5399 Auinionc,
1302 5319 1387 5381 1355
1411 5312 1576 5380 Februarii
1598 5312 1649 5374 12.
