3944 6060
231 474 295 546 262
777 479 779 484 ’
829 478 900 532 Acta
919 476 1076 533 iunocentii
1094 477 1139 532 vl.

230 689 313 769 qaod
336 709 394 770 per
417 690 568 769 (quosdam
598 689 695 752 dulces
726 688 863 775 etalios
895 689 1037 753 tirannos
1068 689 1192 753 nobiles
1215 694 1248 754 et
1271 708 1332 753 non
1357 688 1492 769 nobiles,
1527 690 1610 758 laona
1633 711 1735 758 mona·

232 793 322 856 sterii
337 792 467 857 mobilia
482 799 516 857 et
531 792 704 857 immobilia
727 793 946 874 subripiuntur
970 794 1182 861 successiveo
1206 798 1240 856 et
1263 793 1479 857 devastantur.
1496 795 1602 873 Quare
1619 797 1735 880 suppli·

232 901 305 961 cant
327 896 432 959 eidem
456 894 495 959 ga
520 896 590 978 Vft,
626 902 783 976 quatenus
814 895 862 959 eis
893 903 1142 978 conservatores,
1174 897 1228 976 qui
1258 914 1314 961 eos
1338 898 1529 964 auctoritate
1562 901 1736 983 apostolica

232 1001 264 1064 in
288 1001 410 1064 iuribus
435 1001 502 1064 suis
526 1019 713 1065 conservare
737 1000 866 1063 valcant
886 1051 892 1064 .
912 1051 919 1063 .
939 1053 946 1064 .
965 1050 982 1082 .,
1006 1001 1180 1066 concedere
1204 1001 1376 1082 dignemini
1397 1052 1403 1065 .
1422 1051 1429 1065 .
1449 1053 1482 1065 ..

362 1140 433 1204 Fiat
464 1141 504 1204 ad
534 1141 705 1204 triennium
738 1140 775 1204 G.
811 1138 886 1203 Sine
918 1139 982 1202 alia
1011 1139 1161 1204 leccione.
1204 1138 1276 1202 Fiat
1301 1139 1337 1202 G.
1364 1141 1400 1204 l).
1426 1141 1582 1206 Aninioue
1607 1142 1652 1207 XI
1674 1143 1736 1209 kal.

232 1244 418 1310 Decembris
453 1263 480 1309 a.
506 1245 625 1324 quinto.

365 1435 396 1488 u.
417 1433 512 1503 Suppl.
531 1440 573 1487 tt·
592 1432 637 1487 lol.
657 1437 727 1488 281¹,
747 1463 779 1472 -
806 1433 830 1499 t)
849 1432 1003 1500 ‚accessivc‘
1021 1431 1116 1502 Sappl.

887 1660 1090 1672 ———

234 1837 323 1902 668.
356 1835 510 1899 Waltarua
533 1831 692 1920 [Sdcslai]
715 1832 885 1916 supplicat,
910 1837 1064 1917 quatenus
1087 1832 1321 1917 ademarius,
1344 1834 1426 1918 qaod
1450 1832 1656 1901 occaecatas
1676 1833 1740 1900 Bo·

236 1938 390 2004 haalonis
413 1939 450 2002 dc
473 1922 673 2020 Scabraicad
697 1938 732 2001 ia
753 1936 885 2002 ecclesia
909 1936 1093 2020 parochiali
1122 1939 1156 2000 ia
1180 1935 1372 2021 Hastopcdl)
1394 1937 1513 2023 habuit,
1547 1943 1658 2004 contra
1682 1939 1741 2004 Ni·

236 2043 358 2108 colaam
381 2043 419 2108 dc
434 2043 701 2125 Franaaasraac)
725 2041 828 2126 ipsias
843 2041 991 2106 ecclesiae
1014 2041 1201 2106 detentorem
1231 2040 1424 2122 subrogatur.
1450 2079 1486 2088 -
1516 2041 1612 2123 „Fiat
1636 2043 1676 2109 θ.
1702 2046 1742 2109 ut

321 2167 389 2212 ocae
412 2146 480 2212 alia
503 2147 645 2212 leccione.
669 2147 744 2211 Fiat
769 2147 808 2212 G.
834 2148 873 2212 Ι).
898 2145 1055 2210 Auianiona
1079 2146 1152 2209 llll
1170 2143 1233 2210 kal.
1258 2145 1439 2210 Decembris
1460 2167 1491 2211 a.
1516 2145 1652 2231 quinto.“

1141 2283 1305 2357 Aniciana,
1331 2284 1414 2347 1357
1437 2283 1623 2350 Nouembris
1646 2285 1698 2351 28.

367 2477 399 2532 R.
418 2476 513 2546 Suppl.
532 2482 565 2529 27
585 2475 631 2529 iol.
651 2482 718 2532 289¹,
739 2506 771 2516 ·-
795 2480 819 2544 a)
845 2475 1035 2546 ‚Chotyeborio
1060 2472 1238 2532 Bohanconis
1265 2477 1299 2526 dc
1320 2472 1483 2528 Swabenica‘
1510 2474 1606 2544 Suppl.
1627 2474 1652 2541 b)
1678 2474 1742 2540 ‚Ha-

237 2570 347 2634 stopeca
371 2562 440 2618 alias
465 2565 601 2634 Auspeca‘
634 2562 728 2634 Suppl.
748 2567 775 2633 ο)
799 2564 1024 2635 ,Fraulrenstcyn‘
1050 2562 1146 2633 Sappl,
1181 2563 1270 2616 -In
1295 2577 1377 2630 marg.
1404 2560 1494 2616 dext:
1515 2561 1576 2631 ,Pro
1596 2563 1742 2631 ca[mera]‘.

887 2776 1094 2788 —---——-

240 2969 330 3034 669.
363 2967 516 3032 ll⁷altcras
548 2966 674 3033 Sdeslai
707 2966 744 3030 de
768 2966 934 3032 Kralocr'ca
967 2966 1156 3047 subrogatur
1179 2965 1214 3028 ia
1236 2984 1324 3028 outae
1346 2965 1406 3045 ias,
1438 2966 1521 3047 qaod
1545 2963 1745 3032 Ouramma

371 3071 571 3136 Bolraalronis
594 3071 632 3135 dc
654 3055 822 3138 Suadeam
843 3073 878 3136 in
900 3070 1028 3135 ecclesia
1048 3068 1234 3154 parochiali
1257 3068 1291 3132 ia
1314 3070 1474 3153 Hastapac'
1493 3069 1617 3137 lrabuit.

1145 3208 1308 3292 Aviraione,
1335 3208 1418 3273 1357
1441 3209 1626 3276 Novembris
1647 3212 1702 3277 28.

369 3403 406 3465 Ι).
431 3401 451 3466 f.
488 3402 630 3468 illaltero
655 3401 779 3467 Sdeslai
807 3402 847 3466 de
871 3400 1028 3465 Cralouici
1059 3400 1174 3464 clerico
1205 3399 1376 3482 Progensis
1408 3400 1487 3467 dioc.
1521 3419 1547 3466 s.
1581 3407 1642 3466 etc.
1667 3401 1745 3468 Pro·

238 3505 346 3573 lritatis
370 3511 404 3570 et
427 3506 577 3571 virtutum
597 3557 604 3572 .
624 3558 631 3572 .
651 3555 684 3570 ..
729 3506 880 3571 Exhibita
909 3505 1065 3586 siquidem
1099 3506 1190 3569 nobis
1224 3524 1280 3586 pra
1303 3512 1395 3587 parte
1420 3511 1476 3570 tua
1505 3506 1624 3588 peticio
1648 3507 1748 3572 conti·

240 3613 345 3693 nebat,
369 3610 453 3691 quod
476 3616 547 3676 orta
570 3611 687 3675 dudum
710 3610 795 3675 inter
818 3611 847 3674 d.
873 3608 891 3672 l.
917 3609 1082 3674 Nicolaum
1107 3608 1146 3673 dc
1169 3609 1412 3693 Franlrensteyn
1435 3611 1617 3676 canonicum
1630 3611 1749 3677 Wrati·

243 3716 433 3780 slauiensem
468 3722 502 3780 ct
524 3716 680 3796 quondam
716 3714 961 3796 Chctyeborium
996 3713 1197 3778 Bohanconis
1236 3713 1384 3778 clericum
1419 3713 1641 3780 Olomucensis
1664 3716 1747 3781 dioc.

242 3838 338 3903 snper
361 3819 552 3902 parrochiali
568 3819 704 3884 ecclesia
727 3819 759 3883 in
776 3818 957 3900 Hustopccz
981 3818 1061 3881 alias
1085 3817 1116 3880 in
1140 3818 1284 3899 rluspccz
1308 3818 1393 3882 dicte
1411 3817 1632 3884 Olomucensis
1655 3819 1750 3893 dioc,

242 3944 334 4005 quam
358 3932 491 4005 uterque
509 3927 646 4006 ipsorum
671 3925 711 3988 ad
734 3942 768 3988 se
793 3929 938 4005 spectare
963 3923 1096 4004 dicebat,
1119 3928 1214 4004 prout
1236 3922 1470 4004 ipseNicolaus
1493 3922 1619 4005 asserit,
1642 3941 1749 3988 coram

243 4028 424 4093 ..officiali
468 4028 653 4093 Patauiensi
684 4028 875 4093 auctoritate
910 4028 1089 4091 litterarum
1113 4027 1358 4109 apostolicarum
1396 4027 1531 4092 materia
1560 4027 1749 4108 questionis,

245 4132 388 4215 prelatus
423 4131 568 4196 officialis
603 4130 802 4196 diffinitivam
828 4137 938 4196 contra
967 4131 1085 4195 dictum
1110 4130 1356 4213 Chotycborium
1387 4132 1581 4196 sentenciam
1610 4131 1750 4214 promul·

245 4237 341 4318 gavit,
365 4255 384 4300 a
406 4256 468 4316 qua
490 4255 547 4318 pro
571 4242 661 4318 parte
686 4236 764 4300 dicti
789 4234 994 4318 Chotyeborii
1018 4235 1058 4299 ad
1082 4235 1190 4299 sedem
1221 4234 1281 4299 fuit
1304 4234 1510 4317 apostolicam
1541 4235 1749 4318 appellatum.

245 4340 374 4420 Nosque
409 4357 536 4404 cansam
571 4340 800 4423 appellaciouis
833 4339 1014 4404 huiusmodi
1046 4345 1079 4403 et
1108 4340 1232 4421 negocii
1267 4339 1452 4422 principalis
1486 4340 1516 4404 d.
1550 4338 1572 4403 l.
1596 4340 1750 4421 magistro

246 4445 341 4508 Petro
358 4445 397 4509 de
413 4444 559 4528 llhauo⁰)
583 4445 732 4510 canonico
749 4444 941 4528 Agerrnensi,
966 4445 1130 4526 capellano
1155 4450 1263 4509 nostra
1287 4450 1321 4508 et
1344 4444 1481 4509 auditori
1504 4452 1672 4510 causarum
1694 4463 1751 4527 pa·

247 4549 320 4612 larii
351 4549 527 4632 apostolici,
558 4550 747 4616 audiendam
770 4549 984 4615 commisimus
1015 4556 1049 4613 et
1071 4548 1132 4613 fine
1157 4549 1264 4614 debito
1295 4549 1535 4627 terminandam,
1560 4566 1664 4614 coram
1688 4566 1751 4630 quo

247 4653 340 4717 dictis
363 4654 507 4736 partibus
538 4655 571 4718 in
594 4654 711 4719 iudicio
743 4654 997 4737 comparentibus
1021 4659 1056 4717 et
1078 4673 1135 4735 pro
1171 4659 1262 4735 parte
1302 4653 1379 4717 dicti
1401 4650 1615 4736 {Chotyebon'i
1645 4672 1750 4718 coram

246 4758 357 4822 codem
381 4758 526 4823 auditore
551 4761 721 4842 proposito,
752 4760 835 4840 quod
858 4760 942 4824 idem
967 4759 1117 4823 Nicolaus
1141 4759 1277 4822 eundem
1309 4757 1554 4840 Chatyeborium
1578 4762 1654 4823 tunc
1678 4777 1749 4841 pre-

248 4861 364 4926 dictam
388 4864 556 4927 ecclesiam
580 4865 797 4945 possidentem
821 4870 950 4946 postet
974 4869 1083 4929 contra
1107 4863 1356 4944 appellacionem
1386 4861 1567 4927 huiusmodi
1596 4861 1752 4944 spoliarat

247 4984 344 5046 saque
375 4966 551 5031 intruserat
583 4968 616 5031 in
646 4969 765 5050 cadem,
797 4970 924 5032 tandem
956 4974 1122 5051 postquam
1157 4968 1190 5030 in
1221 4985 1317 5032 causa
1352 4972 1612 5050 attemptaturum
1643 4967 1752 5033 huius·

247 5071 454 5152 modiusque
479 5073 518 5135 ad
548 5071 820 5138 interlocutoriam
852 5073 883 5136 in
916 5091 953 5137 ea
984 5071 1147 5136 ferendam
1178 5090 1361 5154 processum
1392 5073 1498 5136 fuerat
1527 5071 1612 5135 iuter
1641 5077 1752 5154 partes

247 5176 385 5249 casdem,
409 5175 552 5257 prefatas
583 5175 814 5258 (llrotyalrorias
846 5178 903 5241 lite
926 5177 1105 5242 huiusmodi
1137 5195 1241 5240 coram
1272 5177 1384 5241 codam
1415 5175 1560 5240 auditore
1590 5177 1752 5258 pendente

248 5285 339 5343 extra
361 5280 533 5345 Romanam
556 5280 674 5345 curium
699 5282 781 5345 diem
806 5281 922 5345 clausit
944 5289 1130 5345 extremum.
1155 5280 1203 5344 lic
1219 5281 1318 5363 igitur
1341 5281 1381 5344 ad
1405 5279 1636 5363 parrochialem
1653 5281 1753 5346 eccle

248 5384 326 5449 siam
350 5384 525 5467 predictam
554 5390 686 5468 propter
714 5387 784 5451 eius
809 5385 1011 5468 Glrotyelrorii
1042 5386 1172 5468 obitam,
1203 5385 1294 5450 silis
1319 5384 1500 5451 huiusmodi
1531 5403 1595 5450 nou
1617 5384 1753 5453 haberet
