3944 6060
231 398 296 460 348
829 387 900 437 Acta
921 383 1075 437 Innocentii
1095 383 1140 436 Vl.

232 603 388 684 siquidem
413 598 569 681 qnondam
594 595 689 658 Petro
714 595 827 658 abbate
852 591 1037 657 nronasterii
1053 591 1295 656 strahowiensis
1313 591 1393 656 alias
1406 592 1525 657 Montis
1549 591 1626 658 Sion
1644 611 1746 676 prope

232 709 365 788 Pragam
390 699 694 769 Premonstratensis
727 698 846 761 ordinis
877 697 1022 778 regimini
1046 697 1146 778 ipsias
1177 694 1362 759 monasterii
1385 695 1583 776 presidente,
1607 714 1669 762 nos
1691 716 1745 762 cn-

231 812 358 893 pientes
381 809 486 871 eidem
510 803 713 872 monasterio,
738 821 806 865 cnm
830 807 969 873 vacaret,
993 818 1050 882 per
1074 799 1246 880 apostolice
1271 800 1357 863 sedis
1370 800 1607 881 providenciam
1631 802 1746 868 utilem

231 922 266 978 et
299 914 445 977 idoneam
488 908 652 991 presidere
688 923 864 987 personam,
897 903 1110 984 provisionem
1145 903 1244 983 ipsius
1279 904 1464 967 monasterii
1487 905 1688 971 ordinacioni
1712 914 1745 973 et

232 1015 439 1100 disposicioai
464 1020 572 1077 nostro
596 1011 743 1074 dnximns
766 1027 805 1071 ea
828 1009 896 1072 vice
921 1008 1106 1088 specialiter
1129 1007 1364 1088 reservandam,
1389 1008 1600 1073 decernentes
1624 1018 1745 1076 extunc

235 1123 361 1187 irritum
386 1125 420 1182 et
435 1119 539 1189 inane,
565 1116 591 1177 si
609 1132 702 1176 secus
718 1112 891 1191 superbiis
909 1163 914 1174 .
936 1161 942 1173 .
964 1160 968 1170 .
990 1162 996 1174 .
1016 1113 1215 1190 contingeret
1232 1113 1426 1192 attemptari.
1445 1112 1651 1179 Postmodum
1668 1133 1747 1180 vero

232 1228 344 1291 endem
368 1220 561 1287 monasterio
585 1239 643 1299 per
674 1218 774 1298 ipsius
806 1216 892 1279 Petri
924 1217 1047 1280 abbatis
1071 1219 1201 1291 ohitnrn,
1233 1218 1287 1297 qui
1310 1222 1403 1280 extra
1425 1217 1598 1282 Romanam
1622 1220 1745 1286 curiam

232 1332 314 1395 diem
339 1327 455 1391 clausit
478 1332 661 1401 extrunnnn,
685 1326 827 1394 vacante,
852 1320 903 1383 dd.
928 1319 1152 1385 faeculentus
1176 1322 1276 1403 ipsius
1291 1321 1486 1399 monasterii,
1509 1324 1747 1389 reservacionis

232 1443 266 1499 et
298 1433 418 1496 decreti
450 1428 673 1508 predictorum,
712 1433 748 1487 ut
778 1425 942 1501 asseritur,
975 1425 1087 1504 ignari.
1119 1434 1151 1489 te
1192 1426 1375 1488 canonicum
1414 1425 1514 1505 ipsius
1543 1428 1744 1511 monasterii,

232 1538 374 1603 ordinem
397 1535 499 1616 ipsum
525 1548 676 1612 expresse
699 1528 875 1610 professum
892 1530 964 1591 etin
990 1529 1170 1593 sacerdocio
1187 1529 1403 1610 constitutum,
1426 1529 1459 1592 in
1482 1547 1591 1594 eorum
1614 1537 1650 1597 et
1666 1532 1747 1597 dicti

232 1640 417 1706 monasterii
441 1639 586 1701 abbatem
618 1634 695 1697 licet
725 1633 764 1696 de
796 1632 879 1695 facto
902 1632 1100 1695 concorditer
1123 1633 1300 1714 elegerunt,
1316 1640 1423 1713 tuque,
1453 1634 1688 1700 reservacionis
1711 1643 1748 1701 et

233 1745 354 1809 decreti
389 1741 613 1824 predictorum,
651 1747 687 1801 ut
717 1737 879 1812 asseritur,
911 1736 1058 1799 similiter
1090 1737 1215 1815 inscius,
1245 1736 1398 1801 eleccioni
1431 1735 1612 1802 huiusmodi
1656 1738 1746 1805 illins

233 1849 291 1914 tibi
303 1853 489 1929 presentato
503 1844 632 1907 decreto
645 1840 861 1919 consenciens
875 1857 943 1901 eam
961 1858 1018 1920 per
1034 1841 1063 1901 d.
1081 1840 1100 1901 f.
1121 1840 1303 1920 Wynricnm
1322 1841 1468 1903 abbatem
1486 1839 1746 1908 steinneldensis

232 1953 310 2016 dicti
335 1950 454 2014 ordinis
478 1946 676 2012 Coloniensis
693 1945 783 2016 dioc,
802 1949 922 2023 patrem
941 1945 1086 2006 abbatem
1104 1944 1181 2006 dicti
1205 1942 1447 2006 strahowiensis
1468 1945 1746 2021 monasteriorum,

232 2057 272 2120 ad
307 2073 400 2135 quem
436 2051 633 2115 contirmacio
665 2049 788 2111 abbatis
821 2047 897 2110 dicti
929 2048 1114 2110 momtsterii
1146 2046 1388 2111 strahowiensis
1417 2054 1481 2111 tarn
1513 2067 1552 2112 ex
1584 2049 1747 2115 institutis

233 2160 311 2224 dicti
335 2158 465 2236 ordinis
488 2174 546 2235 per
569 2155 677 2217 sedem
703 2151 908 2232 apostolicam
932 2168 971 2213 ex
996 2160 1084 2213 certa
1106 2152 1253 2219 selencia,
1287 2158 1322 2215 nt
1345 2151 1512 2228 asseritur,
1536 2151 1747 2219 confirmatis,

232 2282 324 2344 qnam
342 2262 442 2324 eciam
467 2261 506 2324 de
530 2258 661 2338 antiqua
683 2262 717 2320 et
741 2256 915 2336 approbata
931 2262 966 2318 et
988 2254 1142 2317 hactenus
1165 2255 1295 2335 prtcitice
1319 2257 1488 2319 observata
1508 2258 1745 2322 consuetudine

232 2369 395 2449 pertinere
420 2365 546 2443 dicitnr,
570 2363 648 2425 licet
680 2362 719 2422 de
752 2361 836 2422 lacto
860 2359 1025 2423 obtinuisti
1061 2360 1160 2422 eciam
1185 2359 1372 2436 confirmari,
1396 2370 1430 2425 et
1453 2360 1568 2424 deinde
1593 2361 1747 2427 dubitans

233 2472 272 2534 de
296 2470 517 2534 reservacione
541 2475 575 2529 et
591 2468 719 2529 decreto
744 2463 906 2545 predictis,
929 2462 1108 2525 huiusmodi
1140 2463 1302 2542 negocium
1327 2464 1460 2545 proponi
1483 2463 1590 2529 fecisti
1613 2464 1648 2528 in
1671 2485 1745 2530 con-

233 2575 360 2638 sistorio
384 2592 489 2637 coram
514 2571 613 2635 nobis.
639 2569 705 2632 Nos
737 2569 834 2648 igitur
865 2567 1070 2630 attendentes
1101 2566 1293 2631 eleccionem
1317 2574 1351 2631 et
1374 2566 1648 2633 confirmacionem
1672 2588 1746 2652 pre-

232 2679 333 2742 dictas
363 2683 473 2759 utpote
504 2683 576 2757 post
609 2681 643 2737 et
673 2679 783 2737 contra
806 2671 1058 2734 reservacinnem
1092 2678 1126 2733 et
1158 2672 1320 2735 decretum
1352 2671 1497 2751 predicta
1529 2676 1744 2752 attemptatas

232 2783 341 2858 fnisse,
370 2800 436 2859 eaS,
461 2790 555 2862 prout
578 2785 679 2858 erant,
703 2782 890 2857 reputantes
914 2775 1022 2836 irritas
1046 2779 1078 2837 et
1102 2775 1224 2846 inanes
1259 2774 1299 2837 ad
1315 2775 1529 2854 provisionem
1553 2775 1656 2856 ipsius
1678 2795 1748 2841 mo-

233 2887 368 2950 nasterii
392 2884 644 2955 strahowiensis¹
670 2882 709 2946 de
733 2899 795 2960 ntra
818 2879 924 2942 nullus
948 2886 1056 2959 preter
1079 2897 1135 2942 nos
1152 2879 1211 2941 hac
1235 2880 1303 2941 vice
1328 2880 1497 2960 disponere
1512 2879 1617 2959 potnit
1640 2899 1747 2962 neque

233 2996 349 3071 potest,
372 2988 593 3053 reservacione
617 2995 651 3048 et
675 2986 803 3047 decreto
820 2983 1048 3047 obsistentibus
1076 2982 1277 3063 supradictis,
1301 3000 1340 3044 ne
1372 2984 1475 3062 ipsum
1514 2984 1748 3049 monasterium

233 3093 467 3157 strahowiense
490 3092 583 3171 longe
608 3089 787 3152 vocacionis
818 3088 997 3151 subiaceret
1030 3086 1244 3160 incommodis,
1282 3087 1424 3167 paternis
1447 3096 1482 3149 et
1505 3086 1654 3151 sollicitis
1677 3096 1748 3152 stn-

233 3197 294 3260 diis
318 3196 533 3268 intendentes,
559 3201 632 3275 post
655 3193 928 3271 deliberacionem,
952 3210 1043 3271 qnam
1068 3207 1164 3270 snper
1187 3189 1246 3253 hoc
1271 3190 1517 3254 cumfratribus
1545 3192 1665 3256 nostris
1688 3193 1748 3258 ha-

232 3301 357 3364 hnimns
389 3300 584 3380 diligentem,
616 3298 740 3360 demum
773 3295 812 3358 ad
844 3304 887 3369 te,
924 3295 973 3357 cni
1006 3295 1044 3356 de
1078 3294 1241 3375 religionis
1277 3295 1357 3373 zelo,
1389 3295 1569 3358 litterarum
1593 3295 1749 3380 sciencia,

233 3405 298 3468 vite
322 3422 358 3466 ac
382 3422 501 3467 morum
526 3401 703 3475 honestate,
728 3399 940 3480 spiritualium
965 3404 999 3460 et
1043 3397 1264 3478 temporalium
1293 3398 1578 3480 circumspeccione
1612 3405 1649 3463 et
1671 3400 1748 3465 aliis

232 3507 453 3589 multiplicatis
473 3509 623 3570 virtutum
648 3504 772 3567 meritis
796 3502 878 3582 apud
902 3521 959 3564 nos
984 3501 1156 3564 laudabilia
1178 3503 1362 3565 testimonia
1384 3500 1601 3581 perhibentur,
1626 3503 1749 3569 direxi·

232 3631 302 3676 rnns
326 3611 433 3674 oculos
457 3616 566 3673 nostre
591 3607 716 3670 ruentis.
743 3607 866 3683 Quibus
889 3605 1033 3668 onmibns
1058 3622 1178 3668 necnon
1203 3605 1359 3668 dictorum
1383 3613 1557 3670 conventus
1581 3606 1747 3689 teeligen-

232 3717 313 3780 cium
361 3715 501 3777 irrranimi
524 3713 689 3776 voluntate
715 3718 840 3775 attenta
874 3710 1085 3773 rneditacione
1124 3709 1278 3791 pensatis,
1314 3710 1353 3773 de
1377 3727 1514 3791 persona
1536 3716 1593 3773 tua
1616 3710 1750 3792 prefato

231 3820 424 3884 monasterio
449 3817 674 3881 strahoviensi
699 3816 739 3879 de
763 3815 917 3878 dictorum
941 3814 1073 3877 fratrum
1098 3812 1229 3876 consilio
1253 3816 1444 3878 anctoritate
1473 3814 1650 3895 apostolica
1671 3835 1749 3898 pro·

233 3923 384 4002 videmus
407 3928 502 4000 teque
526 3921 573 3984 illi
598 3919 776 4000 preficimus
801 3917 840 3981 in'
857 3920 1013 3999 abbatem,
1038 3936 1143 3979 cirrum
1161 3923 1194 3980 et
1218 3917 1528 3982 administracionem
1552 3919 1655 4000 ipsius
1678 3939 1745 3985 mo-

233 4026 365 4088 nasterii
382 4025 626 4088 strahowiensis
649 4023 707 4085 tibi
743 4023 774 4084 in
799 4022 1019 4102 spiritualibus
1043 4028 1076 4084 et
1100 4022 1328 4103 temporalibus
1351 4022 1493 4104 plenarie
1517 4023 1750 4090 committendo

231 4130 375 4192 ....ll.
401 4129 556 4191 ,huininno
581 4126 625 4189 llI
649 4127 688 4189 id.
715 4127 877 4189 Februarii
902 4146 928 4188 a.
944 4126 1088 4206 septimo.

362 4233 407 4294 ln.
431 4250 458 4293 e.
483 4250 522 4293 m.
549 4231 825 4293 ...conventui
860 4229 1044 4293 monasterii
1068 4229 1320 4293 strahowiensis

361 4336 397 4398 ln
420 4353 447 4398 e.
470 4354 510 4397 m.
537 4388 542 4398 .
565 4334 779 4415 ...Vymicc
803 4334 908 4397 abbati
932 4334 1115 4396 monasterii
1132 4333 1402 4414 steynneldensis.

365 4490 396 4542 R.
418 4491 466 4540 Av.
488 4496 533 4543 lll
557 4489 603 4541 fol.
624 4496 664 4541 ts.

886 4630 1089 4638 ---

234 4770 319 4835 877,
347 4770 460 4831 Petrus
476 4768 514 4832 de
538 4765 714 4848 Rescriberp
729 4766 899 4848 supplicat,
924 4770 1077 4848 quotenus
1098 4764 1321 4847 infrascriptis
1338 4766 1485 4849 personis
1502 4766 1649 4830 diversae
1668 4788 1745 4851 pro-

834 4871 900 4933 tioe
921 4869 1138 4934 concedantur.

1167 5006 1328 5087 Acinione,
1352 5007 1438 5071 1359
1462 5007 1632 5074 Februarii
1646 5013 1699 5073 12.

363 5167 529 5248 snpplicat
552 5165 592 5229 s‘i
618 5165 670 5228 Vre
697 5164 825 5228 humilis
851 5163 986 5226 servitor
1021 5171 1128 5227 vester
1151 5163 1265 5226 Petrus
1289 5164 1328 5226 de
1353 5165 1549 5247 llosemberg
1571 5167 1746 5233 canonicus

232 5272 403 5353 Pragensis
437 5272 476 5335 de
515 5271 684 5334 baronibus
720 5269 810 5349 regni
840 5268 980 5347 Bnemie,
1011 5276 1169 5347 quatenns
1200 5267 1260 5331 sibi
1292 5267 1324 5330 in
1348 5287 1502 5349 personas
1524 5268 1745 5355 infrascripto·
