3944 6060
235 421 279 487 94
856 417 927 471 Acta
944 415 1098 472 lunocamii
1115 415 1161 470 Vl.

233 629 328 694 limus
351 643 386 694 ec
408 631 448 694 de
472 628 527 693 illo
550 628 650 692 eciam
674 626 820 692 duximus
844 626 1082 709 providendum,
1097 624 1123 707 ¹)
1146 627 1339 707 prebendam
1371 646 1444 693 vero
1479 626 1581 710 ipsius
1604 627 1741 694 ecclesie

234 752 294 798 nec
338 752 401 799 non
435 733 633 815 dignitatem,
666 737 871 814 personatum
908 730 958 794 vcl
997 729 1133 795 officium
1170 749 1239 795 cum
1282 750 1358 796 cura
1397 731 1448 797 vel
1486 731 1556 796 sine
1591 750 1668 797 cura
1700 733 1741 797 ad

220 837 440 925 ¹collacionem
460 888 465 900 .
487 888 492 900 .
512 887 546 902 ..
583 834 815 917 archicpiscopi
849 834 1019 917 Propensis
1049 840 1083 899 et
1101 885 1109 900 .
1129 887 1135 899 .
1156 882 1162 898 .
1183 887 1189 899 .
1213 834 1378 918 prepositi
1414 834 1527 900 decani
1549 841 1585 901 et
1607 835 1740 919 capituli

234 942 369 1006 ecclesie
394 941 563 1022 Propensis
587 940 801 1022 pertinentem
830 957 886 1003 seu
910 938 1084 1020 pertinens,
1118 938 1220 1003 eciam
1243 939 1271 1004 si
1293 939 1326 1003 in
1349 940 1461 1004 eadem
1484 939 1623 1005 ecclesia
1643 938 1738 1019 foret,

234 1044 262 1110 si
286 1063 347 1126 que
370 1045 422 1109 vel
444 1045 472 1110 si
495 1045 549 1126 qui
572 1051 628 1109 aut
651 1045 679 1109 si
702 1063 765 1125 qua
788 1045 1032 1108 tuncvacabant
1047 1042 1097 1106 vel
1114 1061 1184 1106 cum
1201 1042 1294 1108 simul
1310 1049 1366 1109 aut
1381 1043 1561 1108 successive
1578 1049 1737 1126 vacarent,

365 1146 581 1230 conterendas,
615 1146 824 1212 conferendos
860 1163 917 1210 sen
952 1144 1143 1211 conferenda
1176 1146 1236 1212 tibi
1255 1196 1261 1209 .
1280 1196 1288 1210 .
1307 1197 1340 1210 ..
1371 1146 1539 1213 donaciani
1562 1146 1737 1230 apostolice

235 1251 466 1316 reservavimus
468 1299 581 1316 .....
614 1250 692 1315 Cum
715 1251 831 1332 itaque,
864 1251 947 1315 sicut
968 1250 1086 1332 peticio
1117 1256 1173 1315 tua
1195 1270 1297 1333 nuper
1318 1251 1409 1317 nobis
1431 1251 1574 1318 exhibita
1596 1252 1738 1318 contine·

234 1358 297 1435 bat,
322 1362 358 1421 tu
379 1374 438 1438 per
459 1356 561 1421 dictas
584 1355 695 1420 literas
724 1355 871 1420 nonnisi
894 1355 1087 1436 prebendam
1110 1360 1145 1419 et
1168 1355 1356 1438 dignitatem
1378 1356 1431 1421 vel
1452 1361 1657 1439 personatum
1680 1373 1737 1421 seu

233 1459 370 1526 officium
402 1459 583 1525 huiusmodi
613 1459 653 1523 ad
687 1458 925 1541 archiepiscopi,
959 1459 1123 1541 prepositi,
1160 1460 1272 1525 decani
1306 1466 1340 1525 et
1363 1460 1494 1543 capituli
1517 1460 1734 1544 predictorum

234 1563 440 1629 collaciouem
458 1613 465 1628 .
485 1614 492 1629 .
512 1613 545 1628 ..
569 1563 777 1628 communiter
807 1568 990 1645 spectantes
1024 1581 1081 1628 seu
1112 1565 1295 1647 spectancia
1324 1565 1490 1630 dumtaxat
1511 1569 1680 1647 acceptare
1703 1570 1738 1630 et

234 1667 274 1731 de
304 1667 370 1732 illis
399 1667 459 1732 tibi
488 1667 648 1750 provideri
680 1666 785 1731 iacere
815 1667 929 1748 possis,
963 1685 1020 1731 nos
1050 1667 1255 1733 intendentes
1286 1669 1370 1734 tibi.
1392 1718 1399 1732 .
1419 1718 1451 1732 ..
1475 1667 1736 1734 consideracione

236 1821 242 1833 .
264 1819 271 1834 .
291 1821 298 1834 .
319 1821 326 1834 .
344 1771 456 1836 Karoli
478 1771 689 1837 Romanorum
713 1776 748 1835 et
770 1769 901 1836 Boemie
923 1772 1009 1852 regis
1031 1771 1176 1855 illustris,
1209 1793 1266 1855 pro
1289 1779 1333 1849 te,
1367 1773 1532 1855 capellano
1563 1790 1630 1855 suo,
1648 1823 1655 1836 .
1674 1822 1682 1836 .
1702 1825 1706 1833 .
1729 1824 1735 1836 .

236 1874 458 1957 supplicantis,
482 1876 621 1958 graciam
644 1876 750 1940 facere
774 1874 968 1957 ampliorem,
990 1874 1092 1957 ipsius
1114 1875 1200 1958 regis
1230 1895 1267 1941 nc
1290 1875 1355 1940 tuis
1378 1875 1667 1958 supplicationibus
1689 1875 1737 1940 iu·

235 1979 354 2061 clinati,
378 1980 523 2045 volumus
554 1986 588 2045 et
611 1979 787 2062 apostolica
820 1980 879 2044 tibi
910 1978 1100 2044 auctoritate
1124 1980 1333 2062 concedimus,
1357 1984 1393 2044 ut
1414 1984 1449 2044 tu
1473 1979 1662 2062 dignitatem
1686 1978 1737 2043 vel

231 2089 437 2165 personatum
460 2100 518 2148 seu
541 2083 679 2149 officium
704 2083 882 2149 huiusmodi
904 2083 945 2147 ad
968 2065 1208 2166 archiepiscopi,
1232 2083 1398 2166 prepositi,
1422 2083 1534 2147 decani
1556 2081 1736 2164 etcapituli

232 2187 446 2270 predictorum
459 2187 664 2252 collacionem
683 2238 690 2252 .
711 2238 717 2252 .
738 2236 744 2250 .
765 2238 772 2251 .
795 2188 896 2252 eciam
919 2187 1044 2250 divisim
1067 2187 1282 2269 pertinentem
1304 2205 1363 2252 seu
1389 2189 1554 2271 pertinens
1577 2185 1688 2269 vigore
1703 2191 1739 2250 et

232 2294 339 2358 adata
351 2291 550 2375 presencium
565 2293 730 2356 literarum
744 2291 877 2374 perinde
901 2297 1068 2372 acceptare
1092 2291 1232 2372 dictique
1255 2297 1444 2358 executores
1467 2291 1527 2357 tibi
1550 2291 1589 2355 de
1613 2289 1672 2355 illa
1686 2290 1737 2354 rel

231 2398 286 2464 illo
309 2396 477 2480 providere
499 2395 601 2461 libere
625 2415 662 2460 ac
684 2395 773 2461 licite
796 2396 940 2479 valeatis,
973 2414 1009 2459 ac
1032 2395 1060 2459 si
1082 2395 1116 2458 in
1139 2395 1219 2478 ipsis
1241 2395 1361 2461 litteris
1384 2397 1424 2461 de
1448 2394 1614 2479 premissis
1637 2393 1736 2459 omni-

231 2503 290 2567 bus
313 2508 348 2566 et
371 2500 506 2582 singulis
528 2500 625 2583 plena
658 2505 693 2564 et
715 2518 869 2582 expressa
891 2499 1013 2564 mencio
1035 2498 1121 2564 facta
1143 2500 1235 2583 foret,
1268 2520 1332 2566 non
1355 2501 1556 2566 obstantibus
1580 2499 1736 2580 omnibus,

231 2624 292 2687 que
326 2606 360 2670 in
383 2605 478 2670 dictis
508 2604 628 2670 litteris
659 2605 816 2670 voluimus
827 2605 853 2686 ⁸)
876 2622 939 2668 non
963 2605 1143 2668 obstare..
1165 2656 1197 2670 ..
1228 2607 1266 2671 D.
1290 2605 1447 2670 Auiuicne
1470 2604 1503 2669 Π
1524 2621 1597 2669 non.
1623 2602 1737 2668 Marcii

232 2730 258 2774 a.
282 2709 430 2775 secundo.

362 2897 393 2950 R.
412 2898 461 2950 Δγ.
483 2902 530 2949 126
550 2897 597 2952 iol.
616 2899 685 2965 432',
703 2896 736 2950 R.
756 2896 816 2949 Vat.
836 2900 886 2950 226
904 2894 950 2949 iol.
972 2900 1027 2949 178.
1051 2926 1077 2935 -
1101 2902 1126 2968 a)
1145 2899 1287 2966 ,volumus‘
1307 2897 1368 2952 Vat.
1391 2928 1417 2937 -
1440 2899 1460 2966 ¹)
1479 2898 1527 2952 Nr.
1546 2903 1588 2952 8³.

880 3107 1088 3117 ——

233 3281 323 3346 221.
350 3277 505 3345 Guildnao
517 3287 543 3358 ι)
573 3279 612 3344 de
641 3278 759 3361 scepta
781 3284 943 3360 confertur
960 3286 1117 3366 perpetua
1138 3281 1321 3364 capellania
1342 3283 1378 3347 in
1398 3279 1530 3346 ecclesia
1552 3300 1578 3345 s.
1597 3280 1736 3345 Martini

232 3383 408 3469 Lcodiensi,
432 3382 719 3461 nonobstantibus,
754 3384 835 3466 anu
856 3384 891 3449 iu
915 3384 1091 3453 Coloniensi
1113 3408 1184 3452 cum
1202 3386 1431 3470 praepositura
1453 3384 1539 3448 etin
1567 3381 1728 3467 Wesepra·

233 3489 323 3554 derasi
344 3488 475 3555 cadmia
499 3489 670 3571 Propensis
693 3490 771 3556 dioc.
802 3490 1006 3556 canonicatus
1028 3496 1059 3555 et
1076 3490 1277 3573 praebendas
1299 3490 1438 3555 noscitur
1460 3487 1604 3554 obtinere.
1630 3488 1736 3570 „Apo-

233 3593 340 3658 statice
362 3594 462 3658 scolis“
506 3592 681 3677 ,Aninione
711 3594 809 3658 XVII
829 3592 892 3659 lul.
916 3592 1040 3675 Aprilis
1063 3618 1093 3662 a.
1117 3597 1280 3661 secundo“.
1304 3632 1348 3641 -
1369 3593 1409 3659 In
1430 3615 1454 3659 e.
1478 3614 1520 3657 m.
1545 3592 1682 3659 Maioris
1705 3597 1736 3658 et

289 3717 314 3763 s.
337 3698 486 3763 Andreae
507 3696 702 3763 Calontenses
725 3719 763 3764 ac
788 3701 968 3764 Bunnensis
993 3699 1184 3766 Coloniensis
1206 3699 1284 3764 dioc.
1308 3699 1509 3765 eedcsiarum
1532 3696 1673 3762 decanis.

318 3857 396 3975 ᾗ
1227 3836 1389 3916 Acinionc,
1409 3837 1492 3900 1354
1507 3833 1623 3900 Martii
1639 3836 1692 3899 16.

362 4026 394 4080 lt.
414 4029 463 4078 nv.
485 4030 534 4081 ras
552 4025 600 4081 tol.
620 4030 678 4093 184,
697 4025 728 4078 R.
747 4025 809 4079 Van.
827 4030 879 4081 aaa
897 4025 944 4080 fol,
962 4021 1031 4079 eost
1053 4058 1080 4066 -
1102 4031 1126 4095 a)
1145 4026 1311 4094 ,wilhelme
1329 4028 1379 4079 nv.

231 4409 321 4474 222.
346 4409 527 4490 Stephanus
550 4410 625 4491 dua,
642 4411 755 4487 sruter
775 4429 945 4489 permanes
967 4410 1051 4490 repis
1079 4409 1238 4491 Unpuriae
1260 4407 1430 4491 supplicat,
1453 4410 1607 4489 quatenus
1630 4407 1734 4487 capel·

230 4514 304 4578 lano
325 4532 382 4576 suo
403 4512 547 4580 Jonanni
568 4512 773 4593 crevimus-p
796 4513 834 4576 de
856 4511 1028 4597 animab)
1053 4513 1089 4577 de
1112 4514 1300 4578 canonicatu
1314 4516 1345 4576 et
1353 4510 1539 4595 praebenda
1553 4510 1589 4575 in
1602 4509 1736 4575 ecclesia

232 4617 414 4680 Posoniensi
434 4618 660 4701 Striponiensis
675 4617 763 4698 dioc,
786 4617 820 4681 in
837 4637 900 4698 pua
923 4617 998 4681 olim
1012 4618 1116 4700 cipere
1131 4619 1308 4684 litterarum
1326 4613 1494 4682 Glernentis
1503 4636 1613 4698 papae
1636 4614 1682 4678 VI
1701 4613 1737 4679 in

232 4721 418 4786 canonicum
440 4723 513 4799 fnit
533 4725 682 4806 receptus,
696 4720 720 4802 ¹)
748 4721 962 4804 provideatur,
1018 4741 1079 4787 non
1101 4722 1252 4802 obeunte,
1276 4719 1358 4802 quod
1375 4738 1549 4803 pauperem
1566 4717 1736 4801 parrocii-

230 4823 312 4888 atem
334 4823 496 4889 ecclesium
518 4845 544 4889 s.
561 4826 727 4891 Laurentii
741 4830 834 4892 entra
847 4845 953 4891 mnas
970 4827 1173 4890 Posonienses
1195 4825 1299 4890 (lictae
1321 4824 1400 4890 dioc.
1424 4822 1548 4888 obtinet.
1573 4859 1614 4868 -
1639 4823 1737 4906 ,uui

322 4928 360 4993 G.
384 4928 459 4994 Sine
482 4928 549 4994 alio
571 4929 710 4995 leccione.
735 4931 808 4995 rial
835 4930 872 4996 G.
895 4932 935 4993 D.
960 4928 1117 4994 Aninione
1138 4928 1190 4995 XI
1207 4928 1270 4994 nac.
1295 4926 1418 5012 Aprilis
1442 4948 1472 4992 a.
1495 4925 1659 4992 sennua&

1209 5066 1370 5145 Aninione,
1395 5065 1480 5129 1354
1501 5063 1620 5129 Martii
1638 5066 1691 5130 22.

361 5254 393 5310 lt
412 5255 506 5325 Suppl.
529 5262 563 5310 25
582 5257 628 5312 sol.
647 5263 699 5311 62‘.
725 5289 749 5298 -
773 5261 798 5327 ι)
816 5258 958 5324 ,Ereurici‘
982 5257 1078 5328 Suppl.
1096 5286 1130 5297 -
1149 5257 1175 5325 b)
1194 5256 1332 5326 ,Znoyma‘
1351 5253 1447 5322 Suppl.
1466 5283 1500 5293 -
1519 5253 1539 5318 ¹)
1559 5251 1638 5308 Ocni.
1655 5251 1734 5308 Mon.

231 5341 293 5396 Vct
311 5341 325 5397 I
342 5357 383 5396 nr.
404 5348 478 5398 lore.
