<?xml version="1.0" encoding="UTF-8"?>
<!DOCTYPE html PUBLIC "-//W3C//DTD XHTML 1.0 Transitional//EN"
    "http://www.w3.org/TR/xhtml1/DTD/xhtml1-transitional.dtd">
<html xmlns="http://www.w3.org/1999/xhtml" xml:lang="en" lang="en">
 <head>
  <title>
</title>
<meta http-equiv="Content-Type" content="text/html;charset=utf-8" />
  <meta name='ocr-system' content='tesseract 3.04.00' />
  <meta name='ocr-capabilities' content='ocr_page ocr_carea ocr_par ocr_line ocrx_word'/>
</head>
<body>
  <div class='ocr_page' id='page_1' title='image "./monumentavatica00vatigoog_0199.png"; bbox 0 0 3944 6060; ppageno 0'>
   <div class='ocr_carea' id='block_1_1' title="bbox 236 418 1146 490">
    <p class='ocr_par' dir='ltr' id='par_1_1' title="bbox 236 418 1146 490">
     <span class='ocr_line' id='line_1_1' title="bbox 236 418 1146 490; baseline 0.002 -16"><span class='ocrx_word' id='word_1_1' title='bbox 236 423 297 490; x_wconf 80' lang='lat'>142</span> <span class='ocrx_word' id='word_1_2' title='bbox 839 423 910 475; x_wconf 82' lang='lat' dir='ltr'>Acta</span> <span class='ocrx_word' id='word_1_3' title='bbox 927 418 1081 476; x_wconf 69' lang='lat' dir='ltr'>musantia</span> <span class='ocrx_word' id='word_1_4' title='bbox 1098 420 1146 476; x_wconf 82' lang='lat' dir='ltr'>VI.</span> 
     </span>
    </p>
   </div>
   <div class='ocr_carea' id='block_1_2' title="bbox 231 629 1742 1650">
    <p class='ocr_par' dir='ltr' id='par_1_2' title="bbox 231 629 1742 1650">
     <span class='ocr_line' id='line_1_2' title="bbox 362 629 1739 711; baseline 0.003 -18"><span class='ocrx_word' id='word_1_5' title='bbox 362 629 440 695; x_wconf 87' lang='lat' dir='ltr'>Ven.</span> <span class='ocrx_word' id='word_1_6' title='bbox 464 629 501 694; x_wconf 90' lang='lat' dir='ltr'>fr.</span> <span class='ocrx_word' id='word_1_7' title='bbox 525 629 655 696; x_wconf 89' lang='lat' dir='ltr'>Nicolao</span> <span class='ocrx_word' id='word_1_8' title='bbox 679 630 859 711; x_wconf 81' lang='lat' dir='ltr'>patriarche</span> <span class='ocrx_word' id='word_1_9' title='bbox 888 629 1092 711; x_wconf 74' lang='lat' dir='ltr'>aquilegensi</span> <span class='ocrx_word' id='word_1_10' title='bbox 1115 630 1251 694; x_wconf 90' lang='lat' dir='ltr'>salutem</span> <span class='ocrx_word' id='word_1_11' title='bbox 1274 635 1333 694; x_wconf 91' lang='lat' dir='ltr'>etc.</span> <span class='ocrx_word' id='word_1_12' title='bbox 1369 629 1453 706; x_wconf 87' lang='lat' dir='ltr'>Quot</span> <span class='ocrx_word' id='word_1_13' title='bbox 1475 637 1509 695; x_wconf 90' lang='lat' dir='ltr'>et</span> <span class='ocrx_word' id='word_1_14' title='bbox 1532 630 1661 711; x_wconf 88' lang='lat' dir='ltr'>quantis</span> <span class='ocrx_word' id='word_1_15' title='bbox 1684 649 1739 697; x_wconf 84' lang='lat' dir='ltr'>ex·</span> 
     </span>
     <span class='ocr_line' id='line_1_3' title="bbox 231 732 1741 816; baseline 0.001 -18"><span class='ocrx_word' id='word_1_16' title='bbox 231 751 399 816; x_wconf 88' lang='lat' dir='ltr'>pensarum</span> <span class='ocrx_word' id='word_1_17' title='bbox 422 733 571 799; x_wconf 89' lang='lat' dir='ltr'>oneribus</span> <span class='ocrx_word' id='word_1_18' title='bbox 602 733 743 799; x_wconf 88' lang='lat' dir='ltr'>Romana</span> <span class='ocrx_word' id='word_1_19' title='bbox 774 733 877 798; x_wconf 84' lang='lat' dir='ltr'>subsit</span> <span class='ocrx_word' id='word_1_20' title='bbox 892 733 1038 814; x_wconf 82' lang='lat' dir='ltr'>ecclesia,</span> <span class='ocrx_word' id='word_1_21' title='bbox 1073 737 1110 796; x_wconf 93' lang='lat' dir='ltr'>ut</span> <span class='ocrx_word' id='word_1_22' title='bbox 1124 734 1164 797; x_wconf 92' lang='lat' dir='ltr'>de</span> <span class='ocrx_word' id='word_1_23' title='bbox 1180 732 1276 797; x_wconf 93' lang='lat' dir='ltr'>terris</span> <span class='ocrx_word' id='word_1_24' title='bbox 1300 734 1366 796; x_wconf 90' lang='lat' dir='ltr'>suis</span> <span class='ocrx_word' id='word_1_25' title='bbox 1396 739 1519 815; x_wconf 85' lang='lat' dir='ltr'>pestem</span> <span class='ocrx_word' id='word_1_26' title='bbox 1550 734 1741 801; x_wconf 76' lang='lat' dir='ltr'><strong>tirannicam</strong></span> 
     </span>
     <span class='ocr_line' id='line_1_4' title="bbox 231 836 1742 922; baseline 0.003 -22"><span class='ocrx_word' id='word_1_27' title='bbox 231 836 353 919; x_wconf 90' lang='lat' dir='ltr'>pellere</span> <span class='ocrx_word' id='word_1_28' title='bbox 391 837 506 918; x_wconf 79' lang='lat' dir='ltr'>valeat,</span> <span class='ocrx_word' id='word_1_29' title='bbox 547 837 640 919; x_wconf 91' lang='lat' dir='ltr'>plene</span> <span class='ocrx_word' id='word_1_30' title='bbox 681 838 776 913; x_wconf 88' lang='lat' dir='ltr'>nosti,</span> <span class='ocrx_word' id='word_1_31' title='bbox 810 855 879 900; x_wconf 90' lang='lat' dir='ltr'>cum</span> <span class='ocrx_word' id='word_1_32' title='bbox 914 836 1005 916; x_wconf 85' lang='lat' dir='ltr'><strong>quasi</strong></span> <span class='ocrx_word' id='word_1_33' title='bbox 1044 836 1218 901; x_wconf 91' lang='lat' dir='ltr'>subiectam</span> <span class='ocrx_word' id='word_1_34' title='bbox 1253 855 1320 901; x_wconf 90' lang='lat' dir='ltr'>rem</span> <span class='ocrx_word' id='word_1_35' title='bbox 1354 836 1454 902; x_wconf 92' lang='lat' dir='ltr'>oculis</span> <span class='ocrx_word' id='word_1_36' title='bbox 1489 838 1634 920; x_wconf 82' lang='lat' dir='ltr'>aspicere</span> <span class='ocrx_word' id='word_1_37' title='bbox 1670 839 1742 922; x_wconf 88' lang='lat' dir='ltr'>ipse</span> 
     </span>
     <span class='ocr_line' id='line_1_5' title="bbox 232 939 1735 1027; baseline 0.001 -21"><span class='ocrx_word' id='word_1_38' title='bbox 232 940 375 1023; x_wconf 90' lang='lat' dir='ltr'>potueris</span> <span class='ocrx_word' id='word_1_39' title='bbox 415 940 448 1005; x_wconf 91' lang='lat' dir='ltr'>in</span> <span class='ocrx_word' id='word_1_40' title='bbox 483 940 579 1006; x_wconf 89' lang='lat' dir='ltr'>Italia</span> <span class='ocrx_word' id='word_1_41' title='bbox 618 941 822 1006; x_wconf 89' lang='lat' dir='ltr'>constitutus.</span> <span class='ocrx_word' id='word_1_42' title='bbox 869 939 960 1016; x_wconf 88' lang='lat' dir='ltr'>Quod</span> <span class='ocrx_word' id='word_1_43' title='bbox 993 957 1051 1004; x_wconf 88' lang='lat' dir='ltr'>uos</span> <span class='ocrx_word' id='word_1_44' title='bbox 1088 941 1181 1004; x_wconf 82' lang='lat' dir='ltr'><strong>anxie</strong></span> <span class='ocrx_word' id='word_1_45' title='bbox 1223 942 1401 1022; x_wconf 79' lang='lat' dir='ltr'>cogitantes</span> <span class='ocrx_word' id='word_1_46' title='bbox 1442 947 1477 1006; x_wconf 92' lang='lat' dir='ltr'>et</span> <span class='ocrx_word' id='word_1_47' title='bbox 1518 942 1687 1024; x_wconf 88' lang='lat' dir='ltr'>cupientes</span> <span class='ocrx_word' id='word_1_48' title='bbox 1707 948 1735 1027; x_wconf 81' lang='lat'>⁸)</span> 
     </span>
     <span class='ocr_line' id='line_1_6' title="bbox 232 1043 1742 1128; baseline 0.003 -19"><span class='ocrx_word' id='word_1_49' title='bbox 232 1044 380 1110; x_wconf 84' lang='lat' dir='ltr'>fidelibus</span> <span class='ocrx_word' id='word_1_50' title='bbox 421 1050 456 1109; x_wconf 91' lang='lat' dir='ltr'>et</span> <span class='ocrx_word' id='word_1_51' title='bbox 497 1044 622 1109; x_wconf 88' lang='lat' dir='ltr'>devotis</span> <span class='ocrx_word' id='word_1_52' title='bbox 664 1044 765 1127; x_wconf 92' lang='lat' dir='ltr'>ipsius</span> <span class='ocrx_word' id='word_1_53' title='bbox 806 1043 963 1109; x_wconf 88' lang='lat' dir='ltr'>ecclesiae</span> <span class='ocrx_word' id='word_1_54' title='bbox 997 1045 1145 1128; x_wconf 83' lang='lat' dir='ltr'><strong>adeptam</strong></span> <span class='ocrx_word' id='word_1_55' title='bbox 1183 1045 1230 1111; x_wconf 83' lang='lat' dir='ltr'>eIs</span> <span class='ocrx_word' id='word_1_56' title='bbox 1272 1046 1444 1111; x_wconf 81' lang='lat' dir='ltr'>restituere</span> <span class='ocrx_word' id='word_1_57' title='bbox 1481 1046 1664 1112; x_wconf 86' lang='lat' dir='ltr'>libertatem</span> <span class='ocrx_word' id='word_1_58' title='bbox 1704 1068 1742 1114; x_wconf 91' lang='lat' dir='ltr'>ac</span> 
     </span>
     <span class='ocr_line' id='line_1_7' title="bbox 232 1148 1739 1235; baseline 0.003 -23"><span class='ocrx_word' id='word_1_59' title='bbox 232 1149 366 1213; x_wconf 92' lang='lat' dir='ltr'>eandem</span> <span class='ocrx_word' id='word_1_60' title='bbox 411 1148 579 1213; x_wconf 88' lang='lat' dir='ltr'>ecclesiam</span> <span class='ocrx_word' id='word_1_61' title='bbox 622 1149 655 1213; x_wconf 93' lang='lat' dir='ltr'>in</span> <span class='ocrx_word' id='word_1_62' title='bbox 700 1149 767 1213; x_wconf 91' lang='lat' dir='ltr'>suis</span> <span class='ocrx_word' id='word_1_63' title='bbox 810 1148 932 1213; x_wconf 91' lang='lat' dir='ltr'>iuribus</span> <span class='ocrx_word' id='word_1_64' title='bbox 978 1155 1170 1226; x_wconf 86' lang='lat' dir='ltr'>restaurare,</span> <span class='ocrx_word' id='word_1_65' title='bbox 1217 1151 1299 1231; x_wconf 91' lang='lat' dir='ltr'>apud</span> <span class='ocrx_word' id='word_1_66' title='bbox 1320 1201 1326 1214; x_wconf 94' lang='lat'><em>.</em></span> <span class='ocrx_word' id='word_1_67' title='bbox 1349 1201 1355 1213; x_wconf 93' lang='lat'><strong>.</strong></span> <span class='ocrx_word' id='word_1_68' title='bbox 1375 1200 1408 1213; x_wconf 88' lang='lat'>..</span> <span class='ocrx_word' id='word_1_69' title='bbox 1452 1150 1599 1215; x_wconf 79' lang='lat' dir='ltr'>carolum</span> <span class='ocrx_word' id='word_1_70' title='bbox 1638 1152 1739 1235; x_wconf 88' lang='lat' dir='ltr'>impe·</span> 
     </span>
     <span class='ocr_line' id='line_1_8' title="bbox 233 1251 1741 1338; baseline 0.002 -19"><span class='ocrx_word' id='word_1_71' title='bbox 233 1260 371 1319; x_wconf 83' lang='lat' dir='ltr'>ratonem</span> <span class='ocrx_word' id='word_1_72' title='bbox 394 1254 637 1318; x_wconf 88' lang='lat' dir='ltr'>Romanorum.</span> <span class='ocrx_word' id='word_1_73' title='bbox 658 1305 664 1316; x_wconf 93' lang='lat'><strong>.</strong></span> <span class='ocrx_word' id='word_1_74' title='bbox 685 1304 691 1316; x_wconf 95' lang='lat'><em>.</em></span> <span class='ocrx_word' id='word_1_75' title='bbox 712 1253 894 1318; x_wconf 81' lang='lat' dir='ltr'>,instamus</span> <span class='ocrx_word' id='word_1_76' title='bbox 917 1251 1099 1317; x_wconf 85' lang='lat' dir='ltr'>efficacibus</span> <span class='ocrx_word' id='word_1_77' title='bbox 1121 1253 1277 1334; x_wconf 74' lang='lat' dir='ltr'>precibus</span> <span class='ocrx_word' id='word_1_78' title='bbox 1312 1260 1346 1318; x_wconf 85' lang='lat' dir='ltr'>ut</span> <span class='ocrx_word' id='word_1_79' title='bbox 1378 1272 1470 1319; x_wconf 91' lang='lat' dir='ltr'>omne</span> <span class='ocrx_word' id='word_1_80' title='bbox 1504 1256 1588 1335; x_wconf 95' lang='lat' dir='ltr'>quod</span> <span class='ocrx_word' id='word_1_81' title='bbox 1619 1257 1741 1338; x_wconf 87' lang='lat' dir='ltr'>poterit</span> 
     </span>
     <span class='ocr_line' id='line_1_9' title="bbox 233 1356 1740 1441; baseline 0.003 -20"><span class='ocrx_word' id='word_1_82' title='bbox 233 1357 383 1422; x_wconf 81' lang='lat' dir='ltr'>auxilium</span> <span class='ocrx_word' id='word_1_83' title='bbox 407 1358 437 1421; x_wconf 93' lang='lat' dir='ltr'>d.</span> <span class='ocrx_word' id='word_1_84' title='bbox 454 1356 473 1420; x_wconf 91' lang='lat' dir='ltr'>f.</span> <span class='ocrx_word' id='word_1_85' title='bbox 490 1358 728 1441; x_wconf 85' lang='lat' dir='ltr'>nostroEgidio</span> <span class='ocrx_word' id='word_1_86' title='bbox 745 1357 872 1422; x_wconf 80' lang='lat' dir='ltr'>titulis</span> <span class='ocrx_word' id='word_1_87' title='bbox 897 1356 1071 1422; x_wconf 83' lang='lat' dir='ltr'>Clementis</span> <span class='ocrx_word' id='word_1_88' title='bbox 1093 1359 1280 1440; x_wconf 86' lang='lat' dir='ltr'>presbytero</span> <span class='ocrx_word' id='word_1_89' title='bbox 1304 1357 1466 1435; x_wconf 76' lang='lat' dir='ltr'>cardinali,</span> <span class='ocrx_word' id='word_1_90' title='bbox 1491 1358 1666 1441; x_wconf 89' lang='lat' dir='ltr'>apostolice</span> <span class='ocrx_word' id='word_1_91' title='bbox 1689 1379 1740 1425; x_wconf 90' lang='lat' dir='ltr'>ec·</span> 
     </span>
     <span class='ocr_line' id='line_1_10' title="bbox 234 1461 1740 1545; baseline 0.003 -19"><span class='ocrx_word' id='word_1_92' title='bbox 234 1461 330 1527; x_wconf 89' lang='lat' dir='ltr'>clesie</span> <span class='ocrx_word' id='word_1_93' title='bbox 354 1461 469 1545; x_wconf 81' lang='lat' dir='ltr'>legato,</span> <span class='ocrx_word' id='word_1_94' title='bbox 503 1462 604 1544; x_wconf 88' lang='lat' dir='ltr'>ipsius</span> <span class='ocrx_word' id='word_1_95' title='bbox 628 1461 763 1526; x_wconf 88' lang='lat' dir='ltr'>ecclesie</span> <span class='ocrx_word' id='word_1_96' title='bbox 787 1461 919 1544; x_wconf 85' lang='lat' dir='ltr'>negocia</span> <span class='ocrx_word' id='word_1_97' title='bbox 942 1462 1156 1543; x_wconf 88' lang='lat' dir='ltr'>prosequenti,</span> <span class='ocrx_word' id='word_1_98' title='bbox 1189 1467 1339 1544; x_wconf 84' lang='lat' dir='ltr'>potenter</span> <span class='ocrx_word' id='word_1_99' title='bbox 1368 1462 1540 1544; x_wconf 85' lang='lat' dir='ltr'>impendat.</span> <span class='ocrx_word' id='word_1_100' title='bbox 1587 1464 1633 1528; x_wconf 85' lang='lat' dir='ltr'>Et</span> <span class='ocrx_word' id='word_1_101' title='bbox 1666 1464 1740 1531; x_wconf 89' lang='lat' dir='ltr'>ideo</span> 
     </span>
     <span class='ocr_line' id='line_1_11' title="bbox 234 1565 1740 1650; baseline 0.002 -20"><span class='ocrx_word' id='word_1_102' title='bbox 234 1565 468 1631; x_wconf 81' lang='lat' dir='ltr'>fraternitatem</span> <span class='ocrx_word' id='word_1_103' title='bbox 492 1572 578 1630; x_wconf 89' lang='lat' dir='ltr'>tuam</span> <span class='ocrx_word' id='word_1_104' title='bbox 602 1571 726 1631; x_wconf 87' lang='lat' dir='ltr'>attente</span> <span class='ocrx_word' id='word_1_105' title='bbox 750 1565 939 1646; x_wconf 88' lang='lat' dir='ltr'>requirimus</span> <span class='ocrx_word' id='word_1_106' title='bbox 955 1571 989 1630; x_wconf 94' lang='lat' dir='ltr'>et</span> <span class='ocrx_word' id='word_1_107' title='bbox 1001 1584 1156 1648; x_wconf 86' lang='lat' dir='ltr'>rogamus,</span> <span class='ocrx_word' id='word_1_108' title='bbox 1175 1566 1323 1646; x_wconf 86' lang='lat' dir='ltr'>quatinus</span> <span class='ocrx_word' id='word_1_109' title='bbox 1346 1586 1402 1648; x_wconf 91' lang='lat' dir='ltr'>pro</span> <span class='ocrx_word' id='word_1_110' title='bbox 1426 1573 1535 1632; x_wconf 90' lang='lat' dir='ltr'>nostra</span> <span class='ocrx_word' id='word_1_111' title='bbox 1558 1586 1656 1650; x_wconf 92' lang='lat' dir='ltr'>super</span> <span class='ocrx_word' id='word_1_112' title='bbox 1680 1568 1740 1634; x_wconf 89' lang='lat' dir='ltr'>hoc</span> 
     </span>
    </p>
   </div>
   <div class='ocr_carea' id='block_1_3' title="bbox 126 1669 1741 1753">
    <p class='ocr_par' dir='ltr' id='par_1_3' title="bbox 126 1669 1741 1753">
     <span class='ocr_line' id='line_1_12' title="bbox 126 1669 1741 1753; baseline 0.004 -23"><span class='ocrx_word' id='word_1_113' title='bbox 126 1720 131 1730; x_wconf 92' lang='grc'><em>,</em></span> <span class='ocrx_word' id='word_1_114' title='bbox 235 1671 439 1736; x_wconf 83' lang='lat' dir='ltr'>exauditione</span> <span class='ocrx_word' id='word_1_115' title='bbox 462 1671 569 1735; x_wconf 85' lang='lat' dir='ltr'>votiva</span> <span class='ocrx_word' id='word_1_116' title='bbox 592 1690 668 1753; x_wconf 83' lang='lat' dir='ltr'>erga</span> <span class='ocrx_word' id='word_1_117' title='bbox 691 1671 914 1753; x_wconf 86' lang='lat' dir='ltr'>imperatorem</span> <span class='ocrx_word' id='word_1_118' title='bbox 938 1669 1073 1735; x_wconf 87' lang='lat' dir='ltr'>eundem</span> <span class='ocrx_word' id='word_1_119' title='bbox 1095 1670 1152 1734; x_wconf 91' lang='lat' dir='ltr'>des</span> <span class='ocrx_word' id='word_1_120' title='bbox 1172 1689 1298 1752; x_wconf 88' lang='lat' dir='ltr'>operam</span> <span class='ocrx_word' id='word_1_121' title='bbox 1322 1670 1493 1736; x_wconf 87' lang='lat' dir='ltr'>efficacem.</span> <span class='ocrx_word' id='word_1_122' title='bbox 1520 1672 1556 1735; x_wconf 89' lang='lat' dir='ltr'>D.</span> <span class='ocrx_word' id='word_1_123' title='bbox 1581 1671 1741 1738; x_wconf 82' lang='lat' dir='ltr'>Auinione</span> 
     </span>
    </p>
   </div>
   <div class='ocr_carea' id='block_1_4' title="bbox 236 1774 1726 2256">
    <p class='ocr_par' dir='ltr' id='par_1_4' title="bbox 236 1774 666 1839">
     <span class='ocr_line' id='line_1_13' title="bbox 236 1774 666 1839; baseline -0.002 0"><span class='ocrx_word' id='word_1_124' title='bbox 236 1774 281 1839; x_wconf 94' lang='lat' dir='ltr'>VI</span> <span class='ocrx_word' id='word_1_125' title='bbox 304 1775 367 1839; x_wconf 86' lang='lat' dir='ltr'>kal.</span> <span class='ocrx_word' id='word_1_126' title='bbox 392 1774 480 1839; x_wconf 85' lang='lat' dir='ltr'>Junii</span> <span class='ocrx_word' id='word_1_127' title='bbox 504 1794 531 1839; x_wconf 89' lang='lat' dir='ltr'>a.</span> <span class='ocrx_word' id='word_1_128' title='bbox 556 1776 666 1839; x_wconf 90' lang='lat' dir='ltr'>tercio.</span> 
     </span>
    </p>

    <p class='ocr_par' dir='ltr' id='par_1_5' title="bbox 364 1878 1299 1960">
     <span class='ocr_line' id='line_1_14' title="bbox 364 1878 1299 1960; baseline -0.002 -16"><span class='ocrx_word' id='word_1_129' title='bbox 364 1879 402 1944; x_wconf 92' lang='lat' dir='ltr'>In</span> <span class='ocrx_word' id='word_1_130' title='bbox 425 1897 453 1944; x_wconf 91' lang='lat' dir='ltr'>e.</span> <span class='ocrx_word' id='word_1_131' title='bbox 477 1898 517 1943; x_wconf 94' lang='lat' dir='ltr'>m.</span> <span class='ocrx_word' id='word_1_132' title='bbox 542 1898 610 1944; x_wconf 86' lang='lat' dir='ltr'>ven.</span> <span class='ocrx_word' id='word_1_133' title='bbox 636 1878 675 1944; x_wconf 85' lang='lat' dir='ltr'>fr.</span> <span class='ocrx_word' id='word_1_134' title='bbox 697 1879 835 1944; x_wconf 86' lang='lat' dir='ltr'>Johanni</span> <span class='ocrx_word' id='word_1_135' title='bbox 858 1879 1009 1960; x_wconf 88' lang='lat' dir='ltr'>episcopo</span> <span class='ocrx_word' id='word_1_136' title='bbox 1031 1878 1299 1943; x_wconf 85' lang='lat' dir='ltr'>Lothomuslensi.</span> 
     </span>
    </p>

    <p class='ocr_par' dir='ltr' id='par_1_6' title="bbox 365 1982 1370 2065">
     <span class='ocr_line' id='line_1_15' title="bbox 365 1982 1370 2065; baseline -0.004 -18"><span class='ocrx_word' id='word_1_137' title='bbox 365 1983 446 2048; x_wconf 89' lang='lat' dir='ltr'>Item</span> <span class='ocrx_word' id='word_1_138' title='bbox 468 1983 502 2047; x_wconf 93' lang='lat' dir='ltr'>in</span> <span class='ocrx_word' id='word_1_139' title='bbox 525 2003 552 2048; x_wconf 89' lang='lat' dir='ltr'>e.</span> <span class='ocrx_word' id='word_1_140' title='bbox 576 2003 616 2047; x_wconf 90' lang='lat' dir='ltr'>m.</span> <span class='ocrx_word' id='word_1_141' title='bbox 641 2002 711 2047; x_wconf 88' lang='lat' dir='ltr'>ven.</span> <span class='ocrx_word' id='word_1_142' title='bbox 738 1982 775 2048; x_wconf 84' lang='lat' dir='ltr'>ir.</span> <span class='ocrx_word' id='word_1_143' title='bbox 800 1983 970 2047; x_wconf 85' lang='lat' dir='ltr'>Markardo</span> <span class='ocrx_word' id='word_1_144' title='bbox 994 1983 1144 2065; x_wconf 90' lang='lat' dir='ltr'>episcopo</span> <span class='ocrx_word' id='word_1_145' title='bbox 1168 1983 1370 2064; x_wconf 73' lang='lat' dir='ltr'>augustensi.</span> 
     </span>
    </p>

    <p class='ocr_par' dir='ltr' id='par_1_7' title="bbox 236 2085 1726 2256">
     <span class='ocr_line' id='line_1_16' title="bbox 363 2085 1726 2154; baseline 0 -2"><span class='ocrx_word' id='word_1_146' title='bbox 363 2088 443 2152; x_wconf 90' lang='lat' dir='ltr'>Item</span> <span class='ocrx_word' id='word_1_147' title='bbox 467 2088 500 2152; x_wconf 90' lang='lat' dir='ltr'>in</span> <span class='ocrx_word' id='word_1_148' title='bbox 523 2105 549 2152; x_wconf 85' lang='lat' dir='ltr'>a.</span> <span class='ocrx_word' id='word_1_149' title='bbox 575 2107 612 2151; x_wconf 95' lang='lat' dir='ltr'>m.</span> <span class='ocrx_word' id='word_1_150' title='bbox 636 2089 767 2153; x_wconf 77' lang='lat' dir='ltr'>cantatis</span> <span class='ocrx_word' id='word_1_151' title='bbox 790 2087 950 2151; x_wconf 89' lang='lat' dir='ltr'>mutandis</span> <span class='ocrx_word' id='word_1_152' title='bbox 974 2086 1002 2150; x_wconf 88' lang='lat' dir='ltr'>d.</span> <span class='ocrx_word' id='word_1_153' title='bbox 1018 2086 1039 2151; x_wconf 87' lang='lat' dir='ltr'>f.</span> <span class='ocrx_word' id='word_1_154' title='bbox 1056 2086 1155 2151; x_wconf 86' lang='lat' dir='ltr'>nobili</span> <span class='ocrx_word' id='word_1_155' title='bbox 1170 2087 1239 2151; x_wconf 85' lang='lat' dir='ltr'>uiro</span> <span class='ocrx_word' id='word_1_156' title='bbox 1255 2085 1393 2151; x_wconf 80' lang='lat' dir='ltr'>Iohanni</span> <span class='ocrx_word' id='word_1_157' title='bbox 1410 2086 1583 2152; x_wconf 87' lang='lat' dir='ltr'>marchioni</span> <span class='ocrx_word' id='word_1_158' title='bbox 1604 2088 1726 2154; x_wconf 89' lang='lat' dir='ltr'>Montis</span> 
     </span>
     <span class='ocr_line' id='line_1_17' title="bbox 236 2191 358 2256; baseline -0.016 0"><span class='ocrx_word' id='word_1_159' title='bbox 236 2191 358 2256; x_wconf 90' lang='lat' dir='ltr'>ferrati.</span> 
     </span>
    </p>
   </div>
   <div class='ocr_carea' id='block_1_5' title="bbox 234 2344 1743 2575">
    <p class='ocr_par' dir='ltr' id='par_1_8' title="bbox 234 2344 1743 2575">
     <span class='ocr_line' id='line_1_18' title="bbox 365 2344 1743 2417; baseline 0.003 -18"><span class='ocrx_word' id='word_1_160' title='bbox 365 2345 395 2399; x_wconf 81' lang='lat' dir='ltr'>a.</span> <span class='ocrx_word' id='word_1_161' title='bbox 415 2346 477 2399; x_wconf 90' lang='lat' dir='ltr'>Vat.</span> <span class='ocrx_word' id='word_1_162' title='bbox 497 2352 546 2401; x_wconf 78' lang='lat'>237</span> <span class='ocrx_word' id='word_1_163' title='bbox 565 2347 614 2400; x_wconf 83' lang='lat' dir='ltr'>fol.</span> <span class='ocrx_word' id='word_1_164' title='bbox 630 2351 688 2414; x_wconf 86' lang='grc'><strong>107,</strong></span> <span class='ocrx_word' id='word_1_165' title='bbox 707 2347 738 2400; x_wconf 83' lang='lat' dir='ltr'>R.</span> <span class='ocrx_word' id='word_1_166' title='bbox 751 2346 812 2399; x_wconf 83' lang='lat' dir='ltr'>Vat.</span> <span class='ocrx_word' id='word_1_167' title='bbox 827 2347 913 2399; x_wconf 61' lang='grc' dir='ltr'>ΜΕ</span> <span class='ocrx_word' id='word_1_168' title='bbox 932 2345 1064 2410; x_wconf 82' lang='lat' dir='ltr'>(Archet.)</span> <span class='ocrx_word' id='word_1_169' title='bbox 1085 2361 1123 2397; x_wconf 91' lang='lat' dir='ltr'>nr.</span> <span class='ocrx_word' id='word_1_170' title='bbox 1138 2350 1178 2400; x_wconf 84' lang='grc'>93.</span> <span class='ocrx_word' id='word_1_171' title='bbox 1203 2376 1228 2384; x_wconf 97' lang='grc'>-</span> <span class='ocrx_word' id='word_1_172' title='bbox 1251 2345 1316 2414; x_wconf 78' lang='lat' dir='ltr'>Reg.</span> <span class='ocrx_word' id='word_1_173' title='bbox 1330 2344 1402 2413; x_wconf 90' lang='lat' dir='ltr'>apud</span> <span class='ocrx_word' id='word_1_174' title='bbox 1418 2345 1582 2415; x_wconf 87' lang='lat' dir='ltr'>Werunsky,</span> <span class='ocrx_word' id='word_1_175' title='bbox 1602 2346 1743 2417; x_wconf 79' lang='lat' dir='ltr'>Excerpta</span> 
     </span>
     <span class='ocr_line' id='line_1_19' title="bbox 234 2431 1742 2502; baseline 0.001 -16"><span class='ocrx_word' id='word_1_176' title='bbox 234 2450 274 2486; x_wconf 91' lang='lat' dir='ltr'>nr.</span> <span class='ocrx_word' id='word_1_177' title='bbox 293 2440 344 2486; x_wconf 79' lang='lat'>340</span> <span class='ocrx_word' id='word_1_178' title='bbox 370 2439 398 2486; x_wconf 88' lang='lat' dir='ltr'>et</span> <span class='ocrx_word' id='word_1_179' title='bbox 415 2432 517 2499; x_wconf 84' lang='lat' dir='ltr'>Haben,</span> <span class='ocrx_word' id='word_1_180' title='bbox 546 2434 609 2502; x_wconf 81' lang='lat' dir='ltr'>Reg.</span> <span class='ocrx_word' id='word_1_181' title='bbox 629 2433 695 2502; x_wconf 85' lang='lat' dir='ltr'>Imp.</span> <span class='ocrx_word' id='word_1_182' title='bbox 715 2433 779 2487; x_wconf 84' lang='lat' dir='ltr'>VIII</span> <span class='ocrx_word' id='word_1_183' title='bbox 798 2448 857 2502; x_wconf 81' lang='lat' dir='ltr'>pag.</span> <span class='ocrx_word' id='word_1_184' title='bbox 879 2439 929 2488; x_wconf 82' lang='grc'>784</span> <span class='ocrx_word' id='word_1_185' title='bbox 947 2449 986 2486; x_wconf 90' lang='lat' dir='ltr'>nr.</span> <span class='ocrx_word' id='word_1_186' title='bbox 1006 2437 1063 2486; x_wconf 74' lang='lat' dir='ltr'>att.</span> <span class='ocrx_word' id='word_1_187' title='bbox 1083 2462 1117 2470; x_wconf 93' lang='lat'>—</span> <span class='ocrx_word' id='word_1_188' title='bbox 1143 2440 1168 2494; x_wconf 72' lang='grc' dir='ltr'>ιι)</span> <span class='ocrx_word' id='word_1_189' title='bbox 1191 2431 1336 2499; x_wconf 89' lang='lat' dir='ltr'>Sequitur:</span> <span class='ocrx_word' id='word_1_190' title='bbox 1359 2431 1542 2499; x_wconf 86' lang='lat' dir='ltr'>‚huiusmodi‘‚</span> <span class='ocrx_word' id='word_1_191' title='bbox 1562 2432 1610 2488; x_wconf 88' lang='lat' dir='ltr'>sed</span> <span class='ocrx_word' id='word_1_192' title='bbox 1631 2435 1742 2490; x_wconf 89' lang='lat' dir='ltr'>cancel·</span> 
     </span>
     <span class='ocr_line' id='line_1_20' title="bbox 234 2519 494 2575; baseline 0 -2"><span class='ocrx_word' id='word_1_193' title='bbox 234 2520 321 2575; x_wconf 87' lang='lat' dir='ltr'>latum</span> <span class='ocrx_word' id='word_1_194' title='bbox 338 2519 367 2573; x_wconf 92' lang='lat' dir='ltr'>in</span> <span class='ocrx_word' id='word_1_195' title='bbox 385 2520 494 2574; x_wconf 85' lang='lat' dir='ltr'>Archet.</span> 
     </span>
    </p>
   </div>
   <div class='ocr_carea' id='block_1_6' title="bbox 234 2796 1740 2989">
    <p class='ocr_par' dir='ltr' id='par_1_9' title="bbox 234 2796 1740 2989">
     <span class='ocr_line' id='line_1_21' title="bbox 234 2796 1740 2882; baseline 0 -16"><span class='ocrx_word' id='word_1_196' title='bbox 234 2799 325 2866; x_wconf 82' lang='lat'><em>349.</em></span> <span class='ocrx_word' id='word_1_197' title='bbox 352 2800 506 2882; x_wconf 78' lang='lat' dir='ltr'>Episcopo</span> <span class='ocrx_word' id='word_1_198' title='bbox 529 2799 718 2876; x_wconf 82' lang='lat' dir='ltr'>Zaerinensr’,</span> <span class='ocrx_word' id='word_1_199' title='bbox 738 2799 844 2882; x_wconf 85' lang='lat' dir='ltr'>priori</span> <span class='ocrx_word' id='word_1_200' title='bbox 867 2819 892 2862; x_wconf 87' lang='lat' dir='ltr'>s.</span> <span class='ocrx_word' id='word_1_201' title='bbox 918 2796 1070 2862; x_wconf 77' lang='lat' dir='ltr'>Aethonir&#39;</span> <span class='ocrx_word' id='word_1_202' title='bbox 1092 2816 1131 2863; x_wconf 88' lang='lat' dir='ltr'>ac</span> <span class='ocrx_word' id='word_1_203' title='bbox 1153 2798 1269 2862; x_wconf 84' lang='lat' dir='ltr'>decano</span> <span class='ocrx_word' id='word_1_204' title='bbox 1292 2798 1439 2864; x_wconf 81' lang='lat' dir='ltr'>ecelesiae</span> <span class='ocrx_word' id='word_1_205' title='bbox 1461 2819 1486 2862; x_wconf 88' lang='lat' dir='ltr'>s.</span> <span class='ocrx_word' id='word_1_206' title='bbox 1504 2798 1648 2880; x_wconf 81' lang='lat' dir='ltr'>Apricoti</span> <span class='ocrx_word' id='word_1_207' title='bbox 1664 2799 1740 2866; x_wconf 81' lang='lat' dir='ltr'>Aoi-</span> 
     </span>
     <span class='ocr_line' id='line_1_22' title="bbox 236 2902 1740 2989; baseline 0.001 -22"><span class='ocrx_word' id='word_1_208' title='bbox 236 2904 394 2968; x_wconf 63' lang='lat' dir='ltr'>amoenas</span> <span class='ocrx_word' id='word_1_209' title='bbox 409 2904 593 2985; x_wconf 81' lang='lat' dir='ltr'>raaadctar,</span> <span class='ocrx_word' id='word_1_210' title='bbox 610 2906 762 2986; x_wconf 76' lang='lat' dir='ltr'>quatenus</span> <span class='ocrx_word' id='word_1_211' title='bbox 777 2905 812 2965; x_wconf 86' lang='lat' dir='ltr'>ia</span> <span class='ocrx_word' id='word_1_212' title='bbox 829 2923 927 2966; x_wconf 82' lang='lat' dir='ltr'>caasa</span> <span class='ocrx_word' id='word_1_213' title='bbox 943 2902 1025 2966; x_wconf 79' lang='lat' dir='ltr'>inter</span> <span class='ocrx_word' id='word_1_214' title='bbox 1042 2904 1171 2966; x_wconf 85' lang='lat' dir='ltr'>Pet-ram</span> <span class='ocrx_word' id='word_1_215' title='bbox 1186 2905 1296 2965; x_wconf 83' lang='lat' dir='ltr'>natam</span> <span class='ocrx_word' id='word_1_216' title='bbox 1314 2903 1444 2968; x_wconf 79' lang='lat' dir='ltr'>Heariai</span> <span class='ocrx_word' id='word_1_217' title='bbox 1458 2903 1496 2967; x_wconf 85' lang='lat' dir='ltr'>de</span> <span class='ocrx_word' id='word_1_218' title='bbox 1511 2903 1700 2986; x_wconf 80' lang='lat' dir='ltr'>Laadaberp</span> <span class='ocrx_word' id='word_1_219' title='bbox 1712 2908 1740 2989; x_wconf 84' lang='lat'>¹)</span> 
     </span>
    </p>
   </div>
   <div class='ocr_carea' id='block_1_7' title="bbox 235 3006 1744 3715">
    <p class='ocr_par' dir='ltr' id='par_1_10' title="bbox 235 3006 1744 3715">
     <span class='ocr_line' id='line_1_23' title="bbox 236 3006 1744 3090; baseline 0.001 -17"><span class='ocrx_word' id='word_1_220' title='bbox 236 3014 267 3073; x_wconf 82' lang='lat' dir='ltr'>et</span> <span class='ocrx_word' id='word_1_221' title='bbox 296 3009 475 3076; x_wconf 75' lang='lat' dir='ltr'>Joaannem</span> <span class='ocrx_word' id='word_1_222' title='bbox 498 3007 655 3088; x_wconf 72' lang='lat' dir='ltr'>Stipatores</span> <span class='ocrx_word' id='word_1_223' title='bbox 677 3029 772 3090; x_wconf 83' lang='lat' dir='ltr'>saper</span> <span class='ocrx_word' id='word_1_224' title='bbox 806 3008 997 3071; x_wconf 80' lang='lat' dir='ltr'>canonicatu</span> <span class='ocrx_word' id='word_1_225' title='bbox 1029 3011 1059 3069; x_wconf 90' lang='lat' dir='ltr'>et</span> <span class='ocrx_word' id='word_1_226' title='bbox 1088 3006 1271 3088; x_wconf 82' lang='lat' dir='ltr'>praebenda</span> <span class='ocrx_word' id='word_1_227' title='bbox 1301 3007 1447 3070; x_wconf 82' lang='lat' dir='ltr'>eccles-iae</span> <span class='ocrx_word' id='word_1_228' title='bbox 1480 3029 1505 3073; x_wconf 84' lang='lat' dir='ltr'>s.</span> <span class='ocrx_word' id='word_1_229' title='bbox 1542 3010 1672 3074; x_wconf 84' lang='lat' dir='ltr'>Mariae</span> <span class='ocrx_word' id='word_1_230' title='bbox 1707 3011 1744 3075; x_wconf 79' lang='lat' dir='ltr'>ia</span> 
     </span>
     <span class='ocr_line' id='line_1_24' title="bbox 235 3109 1742 3197; baseline -0.002 -17"><span class='ocrx_word' id='word_1_231' title='bbox 235 3111 389 3193; x_wconf 59' lang='lat' dir='ltr'>scatent)</span> <span class='ocrx_word' id='word_1_232' title='bbox 414 3110 612 3178; x_wconf 76' lang='lat' dir='ltr'>Carrinensis</span> <span class='ocrx_word' id='word_1_233' title='bbox 635 3110 722 3190; x_wconf 82' lang='lat' dir='ltr'>dioc,</span> <span class='ocrx_word' id='word_1_234' title='bbox 756 3132 851 3194; x_wconf 84' lang='lat' dir='ltr'>qaam</span> <span class='ocrx_word' id='word_1_235' title='bbox 873 3111 956 3174; x_wconf 83' lang='lat' dir='ltr'>idem</span> <span class='ocrx_word' id='word_1_236' title='bbox 978 3111 1139 3176; x_wconf 80' lang='lat' dir='ltr'>Jotanees</span> <span class='ocrx_word' id='word_1_237' title='bbox 1169 3109 1285 3174; x_wconf 80' lang='lat' dir='ltr'>iniuste</span> <span class='ocrx_word' id='word_1_238' title='bbox 1314 3111 1439 3189; x_wconf 70' lang='lat' dir='ltr'>deteret,</span> <span class='ocrx_word' id='word_1_239' title='bbox 1474 3117 1583 3176; x_wconf 77' lang='lat' dir='ltr'>contra</span> <span class='ocrx_word' id='word_1_240' title='bbox 1602 3133 1742 3197; x_wconf 86' lang='lat' dir='ltr'>praepo·</span> 
     </span>
     <span class='ocr_line' id='line_1_25' title="bbox 235 3214 1742 3298; baseline 0.001 -17"><span class='ocrx_word' id='word_1_241' title='bbox 235 3218 341 3297; x_wconf 69' lang='lat' dir='ltr'>adam,</span> <span class='ocrx_word' id='word_1_242' title='bbox 365 3217 519 3281; x_wconf 80' lang='lat' dir='ltr'>decanam</span> <span class='ocrx_word' id='word_1_243' title='bbox 536 3220 566 3280; x_wconf 86' lang='lat' dir='ltr'>et</span> <span class='ocrx_word' id='word_1_244' title='bbox 581 3216 754 3297; x_wconf 82' lang='lat' dir='ltr'>capitatam</span> <span class='ocrx_word' id='word_1_245' title='bbox 770 3214 876 3279; x_wconf 84' lang='lat' dir='ltr'>dictae</span> <span class='ocrx_word' id='word_1_246' title='bbox 891 3216 1048 3293; x_wconf 79' lang='lat' dir='ltr'>ecclesiae,</span> <span class='ocrx_word' id='word_1_247' title='bbox 1071 3235 1147 3296; x_wconf 82' lang='lat' dir='ltr'>quos</span> <span class='ocrx_word' id='word_1_248' title='bbox 1164 3214 1332 3277; x_wconf 81' lang='lat' dir='ltr'>Precataus</span> <span class='ocrx_word' id='word_1_249' title='bbox 1346 3218 1372 3293; x_wconf 70' lang='grc' dir='ltr'>ε)</span> <span class='ocrx_word' id='word_1_250' title='bbox 1399 3217 1560 3298; x_wconf 84' lang='lat' dir='ltr'>episcopas</span> <span class='ocrx_word' id='word_1_251' title='bbox 1586 3216 1742 3282; x_wconf 82' lang='lat' dir='ltr'>Vratisla·</span> 
     </span>
     <span class='ocr_line' id='line_1_26' title="bbox 235 3319 1743 3403; baseline -0.001 -16"><span class='ocrx_word' id='word_1_252' title='bbox 235 3324 363 3396; x_wconf 76' lang='lat' dir='ltr'>aiensis,</span> <span class='ocrx_word' id='word_1_253' title='bbox 387 3322 440 3384; x_wconf 87' lang='lat' dir='ltr'>oui</span> <span class='ocrx_word' id='word_1_254' title='bbox 456 3320 643 3403; x_wconf 82' lang='lat' dir='ltr'>praedictus</span> <span class='ocrx_word' id='word_1_255' title='bbox 667 3320 803 3384; x_wconf 81' lang='lat' dir='ltr'>decanus</span> <span class='ocrx_word' id='word_1_256' title='bbox 825 3338 852 3383; x_wconf 87' lang='lat' dir='ltr'>s.</span> <span class='ocrx_word' id='word_1_257' title='bbox 876 3319 1018 3400; x_wconf 79' lang='lat' dir='ltr'>Apricotr&#39;</span> <span class='ocrx_word' id='word_1_258' title='bbox 1042 3320 1239 3383; x_wconf 81' lang='lat' dir='ltr'>commiserat</span> <span class='ocrx_word' id='word_1_259' title='bbox 1253 3320 1333 3382; x_wconf 82' lang='lat' dir='ltr'>vices</span> <span class='ocrx_word' id='word_1_260' title='bbox 1349 3341 1434 3400; x_wconf 84' lang='lat' dir='ltr'>suaa,</span> <span class='ocrx_word' id='word_1_261' title='bbox 1458 3323 1743 3388; x_wconf 76' lang='lat' dir='ltr'>excommunicatos</span> 
     </span>
     <span class='ocr_line' id='line_1_27' title="bbox 236 3423 1744 3509; baseline 0.001 -17"><span class='ocrx_word' id='word_1_262' title='bbox 236 3432 265 3493; x_wconf 87' lang='lat' dir='ltr'>et</span> <span class='ocrx_word' id='word_1_263' title='bbox 294 3445 461 3509; x_wconf 78' lang='lat' dir='ltr'>suspensos</span> <span class='ocrx_word' id='word_1_264' title='bbox 494 3424 678 3506; x_wconf 81' lang='lat' dir='ltr'>declaravit,</span> <span class='ocrx_word' id='word_1_265' title='bbox 711 3423 874 3488; x_wconf 84' lang='lat' dir='ltr'>ecclesiam</span> <span class='ocrx_word' id='word_1_266' title='bbox 904 3444 929 3489; x_wconf 87' lang='lat' dir='ltr'>s.</span> <span class='ocrx_word' id='word_1_267' title='bbox 956 3426 1081 3488; x_wconf 80' lang='lat' dir='ltr'>Mariae</span> <span class='ocrx_word' id='word_1_268' title='bbox 1106 3424 1306 3506; x_wconf 83' lang='lat' dir='ltr'>praedictam</span> <span class='ocrx_word' id='word_1_269' title='bbox 1335 3444 1455 3507; x_wconf 84' lang='lat' dir='ltr'>ponens</span> <span class='ocrx_word' id='word_1_270' title='bbox 1486 3425 1542 3489; x_wconf 77' lang='lat' dir='ltr'>sai</span> <span class='ocrx_word' id='word_1_271' title='bbox 1573 3427 1744 3493; x_wconf 76' lang='lat' dir='ltr'>interdicto</span> 
     </span>
     <span class='ocr_line' id='line_1_28' title="bbox 236 3528 1742 3614; baseline 0.002 -19"><span class='ocrx_word' id='word_1_272' title='bbox 236 3529 452 3601; x_wconf 79' lang='lat' dir='ltr'>ecclesiastico,</span> <span class='ocrx_word' id='word_1_273' title='bbox 480 3529 664 3611; x_wconf 83' lang='lat' dir='ltr'>procedant,</span> <span class='ocrx_word' id='word_1_274' title='bbox 682 3533 780 3611; x_wconf 82' lang='lat' dir='ltr'>preat</span> <span class='ocrx_word' id='word_1_275' title='bbox 813 3529 931 3592; x_wconf 81' lang='lat' dir='ltr'>iustam</span> <span class='ocrx_word' id='word_1_276' title='bbox 955 3528 1069 3611; x_wconf 78' lang='lat' dir='ltr'>faerit.</span> <span class='ocrx_word' id='word_1_277' title='bbox 1107 3529 1251 3592; x_wconf 81' lang='lat' dir='ltr'>invocato</span> <span class='ocrx_word' id='word_1_278' title='bbox 1282 3529 1325 3592; x_wconf 84' lang='lat' dir='ltr'>ad</span> <span class='ocrx_word' id='word_1_279' title='bbox 1355 3529 1419 3607; x_wconf 80' lang='lat' dir='ltr'>troc,</span> <span class='ocrx_word' id='word_1_280' title='bbox 1458 3530 1488 3593; x_wconf 81' lang='lat' dir='ltr'>si</span> <span class='ocrx_word' id='word_1_281' title='bbox 1517 3550 1595 3614; x_wconf 86' lang='lat' dir='ltr'>opus</span> <span class='ocrx_word' id='word_1_282' title='bbox 1619 3534 1742 3610; x_wconf 83' lang='lat' dir='ltr'>faerit,</span> 
     </span>
     <span class='ocr_line' id='line_1_29' title="bbox 236 3630 1738 3715; baseline 0.003 -16"><span class='ocrx_word' id='word_1_283' title='bbox 236 3634 358 3699; x_wconf 74' lang='lat' dir='ltr'>cardia</span> <span class='ocrx_word' id='word_1_284' title='bbox 387 3632 511 3699; x_wconf 72' lang='lat' dir='ltr'>orastis·</span> <span class='ocrx_word' id='word_1_285' title='bbox 539 3632 724 3709; x_wconf 80' lang='lat' dir='ltr'>saecalaris.</span> <span class='ocrx_word' id='word_1_286' title='bbox 762 3632 941 3715; x_wconf 69' lang='lat' dir='ltr'>„Exposuit</span> <span class='ocrx_word' id='word_1_287' title='bbox 963 3632 1071 3696; x_wconf 82' lang='lat' dir='ltr'>aodia“</span> <span class='ocrx_word' id='word_1_288' title='bbox 1106 3630 1281 3711; x_wconf 83' lang='lat' dir='ltr'>„Auiaione</span> <span class='ocrx_word' id='word_1_289' title='bbox 1305 3633 1343 3696; x_wconf 89' lang='lat' dir='ltr'>II</span> <span class='ocrx_word' id='word_1_290' title='bbox 1360 3630 1423 3696; x_wconf 79' lang='lat' dir='ltr'>icat.</span> <span class='ocrx_word' id='word_1_291' title='bbox 1447 3632 1533 3700; x_wconf 82' lang='lat' dir='ltr'>Jalii</span> <span class='ocrx_word' id='word_1_292' title='bbox 1554 3657 1584 3697; x_wconf 93' lang='lat' dir='ltr'>a.</span> <span class='ocrx_word' id='word_1_293' title='bbox 1608 3638 1738 3703; x_wconf 82' lang='lat' dir='ltr'>tereio⁸.</span> 
     </span>
    </p>
   </div>
   <div class='ocr_carea' id='block_1_8' title="bbox 283 3787 1698 3863">
    <p class='ocr_par' dir='ltr' id='par_1_11' title="bbox 283 3787 1698 3863">
     <span class='ocr_line' id='line_1_30' title="bbox 283 3787 1698 3863; baseline 0.001 -7"><span class='ocrx_word' id='word_1_294' title='bbox 283 3791 404 3857; x_wconf 79' lang='lat' dir='ltr'>Gratis.</span> <span class='ocrx_word' id='word_1_295' title='bbox 1235 3787 1396 3863; x_wconf 71' lang='lat' dir='ltr'>Acinioae</span> <span class='ocrx_word' id='word_1_296' title='bbox 1422 3790 1504 3855; x_wconf 79' lang='lat'><strong><em>1355</em></strong></span> <span class='ocrx_word' id='word_1_297' title='bbox 1527 3792 1621 3858; x_wconf 76' lang='lat' dir='ltr'>Junit</span> <span class='ocrx_word' id='word_1_298' title='bbox 1643 3794 1698 3858; x_wconf 85' lang='lat'>30.</span> 
     </span>
    </p>
   </div>
   <div class='ocr_carea' id='block_1_9' title="bbox 236 3976 1742 4134">
    <p class='ocr_par' dir='ltr' id='par_1_12' title="bbox 236 3976 1742 4134">
     <span class='ocr_line' id='line_1_31' title="bbox 365 3976 1742 4050; baseline 0.004 -18"><span class='ocrx_word' id='word_1_299' title='bbox 365 3978 397 4032; x_wconf 76' lang='lat' dir='ltr'>a</span> <span class='ocrx_word' id='word_1_300' title='bbox 416 3981 465 4031; x_wconf 79' lang='lat' dir='ltr'>Ar.</span> <span class='ocrx_word' id='word_1_301' title='bbox 486 3983 531 4031; x_wconf 78' lang='lat'>131</span> <span class='ocrx_word' id='word_1_302' title='bbox 552 3978 599 4032; x_wconf 85' lang='lat' dir='ltr'>iol.</span> <span class='ocrx_word' id='word_1_303' title='bbox 619 3976 686 4041; x_wconf 77' lang='lat'>495‘,</span> <span class='ocrx_word' id='word_1_304' title='bbox 706 3978 736 4030; x_wconf 89' lang='lat' dir='ltr'>R.</span> <span class='ocrx_word' id='word_1_305' title='bbox 758 3979 817 4031; x_wconf 90' lang='lat' dir='ltr'>Vat.</span> <span class='ocrx_word' id='word_1_306' title='bbox 835 3983 886 4028; x_wconf 75' lang='lat'>229</span> <span class='ocrx_word' id='word_1_307' title='bbox 905 3977 951 4031; x_wconf 86' lang='lat' dir='ltr'>fol.</span> <span class='ocrx_word' id='word_1_308' title='bbox 969 3983 1030 4031; x_wconf 75' lang='lat'>⁸229.</span> <span class='ocrx_word' id='word_1_309' title='bbox 1045 4008 1075 4015; x_wconf 91' lang='lat'>—</span> <span class='ocrx_word' id='word_1_310' title='bbox 1096 3979 1161 4047; x_wconf 79' lang='lat' dir='ltr'>lteg.</span> <span class='ocrx_word' id='word_1_311' title='bbox 1180 3979 1254 4047; x_wconf 90' lang='lat' dir='ltr'>apud</span> <span class='ocrx_word' id='word_1_312' title='bbox 1266 3979 1393 4046; x_wconf 87' lang='lat' dir='ltr'>Theiner,</span> <span class='ocrx_word' id='word_1_313' title='bbox 1412 3981 1485 4034; x_wconf 89' lang='lat' dir='ltr'>Mon.</span> <span class='ocrx_word' id='word_1_314' title='bbox 1507 3981 1565 4034; x_wconf 91' lang='lat' dir='ltr'>Pol.</span> <span class='ocrx_word' id='word_1_315' title='bbox 1578 3980 1591 4034; x_wconf 93' lang='lat'><em>1</em></span> <span class='ocrx_word' id='word_1_316' title='bbox 1603 3997 1666 4050; x_wconf 81' lang='lat' dir='ltr'>pag.</span> <span class='ocrx_word' id='word_1_317' title='bbox 1680 3985 1742 4040; x_wconf 73' lang='grc'><strong>665.</strong></span> 
     </span>
     <span class='ocr_line' id='line_1_32' title="bbox 236 4064 1200 4134; baseline -0.002 -16"><span class='ocrx_word' id='word_1_318' title='bbox 236 4098 268 4106; x_wconf 93' lang='grc'>-</span> <span class='ocrx_word' id='word_1_319' title='bbox 290 4072 313 4132; x_wconf 71' lang='lat'>³)</span> <span class='ocrx_word' id='word_1_320' title='bbox 333 4066 370 4127; x_wconf 92' lang='lat' dir='ltr'>‚in</span> <span class='ocrx_word' id='word_1_321' title='bbox 388 4064 573 4134; x_wconf 80' lang='lat' dir='ltr'>Laudesberg‘</span> <span class='ocrx_word' id='word_1_322' title='bbox 591 4068 640 4118; x_wconf 81' lang='lat' dir='ltr'>An.</span> <span class='ocrx_word' id='word_1_323' title='bbox 664 4065 688 4130; x_wconf 82' lang='lat' dir='ltr'>b)</span> <span class='ocrx_word' id='word_1_324' title='bbox 707 4064 819 4133; x_wconf 83' lang='lat' dir='ltr'>,Stetyn‘</span> <span class='ocrx_word' id='word_1_325' title='bbox 839 4065 888 4117; x_wconf 79' lang='lat' dir='ltr'>An.</span> <span class='ocrx_word' id='word_1_326' title='bbox 912 4070 935 4128; x_wconf 63' lang='grc' dir='ltr'>ο)</span> <span class='ocrx_word' id='word_1_327' title='bbox 955 4064 1129 4125; x_wconf 70' lang='lat' dir='ltr'>,Prelczlaus</span> <span class='ocrx_word' id='word_1_328' title='bbox 1149 4069 1200 4118; x_wconf 83' lang='lat' dir='ltr'>Ar.</span> 
     </span>
    </p>
   </div>
   <div class='ocr_carea' id='block_1_10' title="bbox 233 4343 1747 5252">
    <p class='ocr_par' dir='ltr' id='par_1_13' title="bbox 233 4343 1747 5252">
     <span class='ocr_line' id='line_1_33' title="bbox 234 4343 1746 4427; baseline -0.002 -13"><span class='ocrx_word' id='word_1_329' title='bbox 234 4348 326 4414; x_wconf 79' lang='lat'><strong><em>360.</em></strong></span> <span class='ocrx_word' id='word_1_330' title='bbox 352 4347 529 4410; x_wconf 84' lang='lat' dir='ltr'>Ladocicas</span> <span class='ocrx_word' id='word_1_331' title='bbox 558 4346 718 4427; x_wconf 81' lang='lat' dir='ltr'>Unqariae</span> <span class='ocrx_word' id='word_1_332' title='bbox 740 4364 797 4409; x_wconf 79' lang='lat' dir='ltr'>rer</span> <span class='ocrx_word' id='word_1_333' title='bbox 819 4343 991 4426; x_wconf 69' lang='lat' dir='ltr'>applicat,</span> <span class='ocrx_word' id='word_1_334' title='bbox 1015 4349 1171 4424; x_wconf 82' lang='lat' dir='ltr'>quatenos</span> <span class='ocrx_word' id='word_1_335' title='bbox 1193 4344 1316 4409; x_wconf 78' lang='lat' dir='ltr'>collatio</span> <span class='ocrx_word' id='word_1_336' title='bbox 1339 4344 1502 4427; x_wconf 80' lang='lat' dir='ltr'>capellano</span> <span class='ocrx_word' id='word_1_337' title='bbox 1525 4365 1581 4409; x_wconf 87' lang='lat' dir='ltr'>sao</span> <span class='ocrx_word' id='word_1_338' title='bbox 1595 4346 1746 4413; x_wconf 74' lang='lat' dir='ltr'>Jotanm·</span> 
     </span>
     <span class='ocr_line' id='line_1_34' title="bbox 235 4447 1744 4531; baseline 0.001 -16"><span class='ocrx_word' id='word_1_339' title='bbox 235 4451 316 4515; x_wconf 83' lang='lat' dir='ltr'>dicto</span> <span class='ocrx_word' id='word_1_340' title='bbox 340 4449 515 4514; x_wconf 78' lang='lat' dir='ltr'>Ereareieh</span> <span class='ocrx_word' id='word_1_341' title='bbox 537 4449 575 4513; x_wconf 82' lang='lat' dir='ltr'>de</span> <span class='ocrx_word' id='word_1_342' title='bbox 598 4448 766 4529; x_wconf 83' lang='lat' dir='ltr'>Zaoima·)</span> <span class='ocrx_word' id='word_1_343' title='bbox 796 4447 981 4530; x_wconf 74' lang='lat' dir='ltr'>presbytero</span> <span class='ocrx_word' id='word_1_344' title='bbox 1008 4448 1219 4512; x_wconf 84' lang='lat' dir='ltr'>Otomacensis</span> <span class='ocrx_word' id='word_1_345' title='bbox 1241 4448 1316 4511; x_wconf 84' lang='lat' dir='ltr'>dioc.</span> <span class='ocrx_word' id='word_1_346' title='bbox 1341 4448 1378 4511; x_wconf 81' lang='lat' dir='ltr'>cte</span> <span class='ocrx_word' id='word_1_347' title='bbox 1396 4450 1627 4531; x_wconf 79' lang='lat' dir='ltr'>praepositura</span> <span class='ocrx_word' id='word_1_348' title='bbox 1649 4450 1744 4517; x_wconf 81' lang='lat' dir='ltr'>colle·</span> 
     </span>
     <span class='ocr_line' id='line_1_35' title="bbox 233 4552 1745 4637; baseline 0.001 -18"><span class='ocrx_word' id='word_1_349' title='bbox 233 4557 344 4637; x_wconf 81' lang='lat' dir='ltr'>pictae</span> <span class='ocrx_word' id='word_1_350' title='bbox 365 4559 496 4618; x_wconf 87' lang='lat' dir='ltr'>curatae</span> <span class='ocrx_word' id='word_1_351' title='bbox 527 4552 672 4618; x_wconf 80' lang='lat' dir='ltr'>eeclesiae</span> <span class='ocrx_word' id='word_1_352' title='bbox 696 4553 867 4618; x_wconf 75' lang='lat' dir='ltr'>Hortensia</span> <span class='ocrx_word' id='word_1_353' title='bbox 901 4553 1126 4634; x_wconf 80' lang='lat' dir='ltr'>Vesprimensis</span> <span class='ocrx_word' id='word_1_354' title='bbox 1161 4553 1239 4616; x_wconf 84' lang='lat' dir='ltr'>dioc.</span> <span class='ocrx_word' id='word_1_355' title='bbox 1270 4574 1331 4635; x_wconf 85' lang='lat' dir='ltr'>per</span> <span class='ocrx_word' id='word_1_356' title='bbox 1354 4552 1532 4619; x_wconf 62' lang='lat' dir='ltr'>„Iohannem</span> <span class='ocrx_word' id='word_1_357' title='bbox 1562 4552 1745 4637; x_wconf 79' lang='lat' dir='ltr'>episcopam</span> 
     </span>
     <span class='ocr_line' id='line_1_36' title="bbox 244 4655 1744 4742; baseline 0.005 -24"><span class='ocrx_word' id='word_1_358' title='bbox 244 4658 486 4740; x_wconf 77' lang='lat' dir='ltr'>Vesprimeasem</span> <span class='ocrx_word' id='word_1_359' title='bbox 502 4661 600 4738; x_wconf 85' lang='lat' dir='ltr'>sacta</span> <span class='ocrx_word' id='word_1_360' title='bbox 623 4658 831 4739; x_wconf 82' lang='lat' dir='ltr'>confirmetur,</span> <span class='ocrx_word' id='word_1_361' title='bbox 854 4676 916 4720; x_wconf 84' lang='lat' dir='ltr'>aaa</span> <span class='ocrx_word' id='word_1_362' title='bbox 939 4656 1089 4738; x_wconf 77' lang='lat' dir='ltr'>obstante,</span> <span class='ocrx_word' id='word_1_363' title='bbox 1113 4656 1194 4740; x_wconf 83' lang='lat' dir='ltr'>quod</span> <span class='ocrx_word' id='word_1_364' title='bbox 1216 4656 1299 4719; x_wconf 80' lang='lat' dir='ltr'>idem</span> <span class='ocrx_word' id='word_1_365' title='bbox 1322 4655 1485 4720; x_wconf 78' lang='lat' dir='ltr'>Johannes</span> <span class='ocrx_word' id='word_1_366' title='bbox 1502 4657 1667 4721; x_wconf 80' lang='lat' dir='ltr'>rectoriam</span> <span class='ocrx_word' id='word_1_367' title='bbox 1678 4681 1744 4742; x_wconf 87' lang='lat' dir='ltr'>pa-</span> 
     </span>
     <span class='ocr_line' id='line_1_37' title="bbox 237 4759 1747 4842; baseline 0.003 -16"><span class='ocrx_word' id='word_1_368' title='bbox 237 4762 384 4827; x_wconf 76' lang='lat' dir='ltr'>rochialis</span> <span class='ocrx_word' id='word_1_369' title='bbox 406 4761 533 4827; x_wconf 79' lang='lat' dir='ltr'>ecclesie</span> <span class='ocrx_word' id='word_1_370' title='bbox 561 4784 585 4827; x_wconf 83' lang='lat' dir='ltr'>s.</span> <span class='ocrx_word' id='word_1_371' title='bbox 611 4762 776 4825; x_wconf 84' lang='lat' dir='ltr'>Laurentii</span> <span class='ocrx_word' id='word_1_372' title='bbox 798 4765 891 4824; x_wconf 77' lang='lat' dir='ltr'>extra</span> <span class='ocrx_word' id='word_1_373' title='bbox 913 4780 1019 4824; x_wconf 78' lang='lat' dir='ltr'>roaros</span> <span class='ocrx_word' id='word_1_374' title='bbox 1046 4762 1245 4825; x_wconf 82' lang='lat' dir='ltr'>Posonienaes</span> <span class='ocrx_word' id='word_1_375' title='bbox 1270 4760 1497 4842; x_wconf 80' lang='lat' dir='ltr'>Stripoaieasis</span> <span class='ocrx_word' id='word_1_376' title='bbox 1520 4759 1597 4826; x_wconf 80' lang='lat' dir='ltr'>dioc.</span> <span class='ocrx_word' id='word_1_377' title='bbox 1624 4762 1747 4830; x_wconf 77' lang='lat' dir='ltr'>obtinet</span> 
     </span>
     <span class='ocr_line' id='line_1_38' title="bbox 236 4864 1746 4949; baseline 0.001 -19"><span class='ocrx_word' id='word_1_378' title='bbox 236 4869 333 4949; x_wconf 85' lang='lat' dir='ltr'>etpro</span> <span class='ocrx_word' id='word_1_379' title='bbox 348 4867 535 4930; x_wconf 80' lang='lat' dir='ltr'>canonicatu</span> <span class='ocrx_word' id='word_1_380' title='bbox 550 4871 578 4928; x_wconf 90' lang='lat' dir='ltr'>et</span> <span class='ocrx_word' id='word_1_381' title='bbox 589 4864 772 4947; x_wconf 81' lang='lat' dir='ltr'>praebenda</span> <span class='ocrx_word' id='word_1_382' title='bbox 788 4865 988 4929; x_wconf 48' lang='lat' dir='ltr'>Poe-oniensis</span> <span class='ocrx_word' id='word_1_383' title='bbox 1000 4864 1147 4929; x_wconf 84' lang='lat' dir='ltr'>ecclesiae</span> <span class='ocrx_word' id='word_1_384' title='bbox 1164 4864 1244 4928; x_wconf 78' lang='lat' dir='ltr'>dicte</span> <span class='ocrx_word' id='word_1_385' title='bbox 1257 4865 1484 4945; x_wconf 81' lang='lat' dir='ltr'>Stripoar&#39;easr&#39;s</span> <span class='ocrx_word' id='word_1_386' title='bbox 1503 4865 1580 4930; x_wconf 79' lang='lat' dir='ltr'>dioc.</span> <span class='ocrx_word' id='word_1_387' title='bbox 1601 4867 1746 4932; x_wconf 78' lang='lat' dir='ltr'>noscitur</span> 
     </span>
     <span class='ocr_line' id='line_1_39' title="bbox 236 4969 1744 5052; baseline 0.003 -19"><span class='ocrx_word' id='word_1_388' title='bbox 236 4970 369 5051; x_wconf 76' lang='lat' dir='ltr'>littpare.</span> <span class='ocrx_word' id='word_1_389' title='bbox 399 4971 494 5050; x_wconf 72' lang='lat' dir='ltr'>„I‘t&#39;at</span> <span class='ocrx_word' id='word_1_390' title='bbox 518 4970 556 5034; x_wconf 81' lang='lat' dir='ltr'>G.</span> <span class='ocrx_word' id='word_1_391' title='bbox 583 4971 624 5032; x_wconf 78' lang='lat' dir='ltr'>Et</span> <span class='ocrx_word' id='word_1_392' title='bbox 646 4972 724 5052; x_wconf 84' lang='lat' dir='ltr'>quod</span> <span class='ocrx_word' id='word_1_393' title='bbox 747 4973 892 5033; x_wconf 84' lang='lat' dir='ltr'>transeat</span> <span class='ocrx_word' id='word_1_394' title='bbox 915 4970 982 5033; x_wconf 82' lang='lat' dir='ltr'>siae</span> <span class='ocrx_word' id='word_1_395' title='bbox 998 4970 1065 5035; x_wconf 82' lang='lat' dir='ltr'>atia</span> <span class='ocrx_word' id='word_1_396' title='bbox 1082 4969 1224 5034; x_wconf 76' lang='lat' dir='ltr'>tersione.</span> <span class='ocrx_word' id='word_1_397' title='bbox 1252 4970 1324 5032; x_wconf 80' lang='lat' dir='ltr'>Fiat</span> <span class='ocrx_word' id='word_1_398' title='bbox 1343 4970 1380 5034; x_wconf 81' lang='lat' dir='ltr'>G.</span> <span class='ocrx_word' id='word_1_399' title='bbox 1400 4970 1440 5032; x_wconf 87' lang='lat' dir='ltr'>D.</span> <span class='ocrx_word' id='word_1_400' title='bbox 1457 4969 1615 5034; x_wconf 73' lang='lat' dir='ltr'>Arinione</span> <span class='ocrx_word' id='word_1_401' title='bbox 1630 4972 1667 5034; x_wconf 89' lang='lat' dir='ltr'>II</span> <span class='ocrx_word' id='word_1_402' title='bbox 1677 4972 1744 5037; x_wconf 75' lang='lat' dir='ltr'>eat.</span> 
     </span>
     <span class='ocr_line' id='line_1_40' title="bbox 843 5073 1134 5138; baseline 0 -1"><span class='ocrx_word' id='word_1_403' title='bbox 843 5073 927 5138; x_wconf 76' lang='lat' dir='ltr'>uota</span> <span class='ocrx_word' id='word_1_404' title='bbox 954 5099 983 5137; x_wconf 85' lang='lat' dir='ltr'>a.</span> <span class='ocrx_word' id='word_1_405' title='bbox 1007 5076 1134 5138; x_wconf 73' lang='lat' dir='ltr'>terca&#39;o“.</span> 
     </span>
     <span class='ocr_line' id='line_1_41' title="bbox 1235 5178 1700 5252; baseline 0.011 -11"><span class='ocrx_word' id='word_1_406' title='bbox 1235 5179 1397 5252; x_wconf 68' lang='lat' dir='ltr'>Actiacae,</span> <span class='ocrx_word' id='word_1_407' title='bbox 1421 5178 1506 5241; x_wconf 79' lang='lat'><strong><em>1355</em></strong></span> <span class='ocrx_word' id='word_1_408' title='bbox 1529 5179 1624 5243; x_wconf 80' lang='lat' dir='ltr'>Juaii</span> <span class='ocrx_word' id='word_1_409' title='bbox 1645 5180 1700 5246; x_wconf 80' lang='lat'>30.</span> 
     </span>
    </p>
   </div>
   <div class='ocr_carea' id='block_1_11' title="bbox 364 5327 1084 5401">
    <p class='ocr_par' dir='ltr' id='par_1_14' title="bbox 364 5327 1084 5401">
     <span class='ocr_line' id='line_1_42' title="bbox 364 5327 1084 5401; baseline 0 -15"><span class='ocrx_word' id='word_1_410' title='bbox 364 5331 396 5386; x_wconf 77' lang='lat' dir='ltr'>a</span> <span class='ocrx_word' id='word_1_411' title='bbox 416 5330 513 5401; x_wconf 86' lang='lat' dir='ltr'>Suppl.</span> <span class='ocrx_word' id='word_1_412' title='bbox 531 5336 564 5384; x_wconf 74' lang='lat'>26</span> <span class='ocrx_word' id='word_1_413' title='bbox 584 5330 630 5384; x_wconf 89' lang='lat' dir='ltr'>fol.</span> <span class='ocrx_word' id='word_1_414' title='bbox 652 5327 719 5385; x_wconf 79' lang='lat'><strong>160⁴.</strong></span> <span class='ocrx_word' id='word_1_415' title='bbox 740 5361 769 5369; x_wconf 97' lang='lat'>-</span> <span class='ocrx_word' id='word_1_416' title='bbox 790 5333 815 5397; x_wconf 77' lang='lat'>⁸)</span> <span class='ocrx_word' id='word_1_417' title='bbox 833 5332 971 5401; x_wconf 82' lang='lat' dir='ltr'>,Zuoyma‘</span> <span class='ocrx_word' id='word_1_418' title='bbox 990 5332 1084 5401; x_wconf 90' lang='lat' dir='ltr'>Suppl.</span> 
     </span>
    </p>
   </div>
   <div class='ocr_carea' id='block_1_12' title="bbox 0 0 1985 6052">
    <p class='ocr_par' dir='ltr' id='par_1_15' title="bbox 0 0 1985 6052">
     <span class='ocr_line' id='line_1_43' title="bbox 0 0 1985 6052; baseline 0 0"><span class='ocrx_word' id='word_1_419' title='bbox 0 0 1985 6052; x_wconf 95' lang='lat' dir='ltr'> </span> 
     </span>
    </p>
   </div>
  </div>
 </body>
</html>
