3944 6060
232 415 297 482 382
836 412 905 465 Acta
922 409 1075 467 Innocentii
1094 408 1140 467 VL

230 622 320 691 960.
349 623 461 686 Petrus
487 618 577 684 Galli
599 620 637 685 de
659 600 763 703 Iieptn
784 621 952 705 supplicat,
975 626 1128 702 quatenus
1150 620 1211 685 sibi
1229 620 1267 686 de
1281 620 1426 705 berrejicio
1447 624 1671 701 ecclesiastico,
1695 623 1738 691 ad

275 787 277 791 ,
375 725 572 794 collationem
594 725 825 792 monasteriis.
852 723 979 808 Georpii
1001 727 1174 807 Propensis
1195 732 1363 811 spectante,
1383 730 1599 813 provideatur.

1026 874 1121 958 Apud
1151 873 1388 951 Vittomuooom,
1410 873 1498 938 1359
1519 872 1617 942 Junii
1640 874 1694 937 10.

364 1065 528 1148 Supplicat
550 1064 661 1130 89111Θ
693 1066 828 1131 devotus
851 1072 957 1132 orator
979 1072 1086 1131 vester
1108 1066 1222 1130 Petrus
1246 1065 1330 1131 Galli
1353 1066 1392 1130 de
1409 1065 1543 1148 Ruiepin
1565 1065 1738 1147 presbyter

233 1171 404 1255 Pragensis
428 1171 518 1253 dioc,
541 1171 661 1235 nulium
686 1170 788 1235 adhue
810 1171 996 1236 beneficium
1020 1170 1271 1236 ecclesiasticum
1295 1174 1472 1249 assecutus,
1493 1175 1653 1250 quatenus
1677 1168 1740 1234 sibi

236 1264 372 1360 graciam
396 1275 550 1342 iacientes
574 1276 753 1359 specialem,
787 1276 827 1340 de
857 1275 1009 1342 beneficio
1039 1275 1257 1342 ecclesiastico
1287 1294 1357 1339 cum
1387 1292 1462 1339 cura
1484 1273 1535 1338 rei
1558 1274 1627 1338 siue
1652 1292 1740 1353 curn,

239 1385 405 1463 spectante
435 1381 642 1446 communiter
675 1380 726 1445 nel
755 1379 879 1446 divisim
911 1381 951 1445 ad
982 1381 1186 1446 collationem
1216 1386 1276 1445 etc.
1309 1380 1469 1445 abbatisse
1499 1384 1534 1443 et
1562 1383 1743 1444 conventus

236 1484 469 1549 monasteriis
494 1485 623 1567 Georgii
652 1485 686 1549 in
709 1490 813 1550 castro
836 1485 988 1567 Pragensi
1012 1485 1132 1551 ordinis
1164 1502 1188 1549 s.
1213 1483 1389 1566 Benedicti,
1425 1483 1558 1564 siquod
1581 1487 1676 1547 vacat
1699 1482 1742 1547 ad

238 1606 370 1670 presens
394 1589 443 1653 vei
457 1607 526 1652 cum
543 1588 712 1668 vacaverit,
729 1589 832 1653 eidem
849 1589 1022 1670 dignemini
1039 1589 1287 1655 misericorditer
1303 1589 1483 1671 providere,
1506 1606 1575 1652 cum
1592 1593 1741 1670 accepte·

122 1714 124 1717 ’
236 1693 326 1758 cione
350 1700 409 1759 etc.
433 1698 467 1757 et
488 1711 549 1757 non
573 1693 771 1757 obstantibus
809 1692 871 1778 [ac]
895 1693 966 1758 aliis
989 1692 1138 1757 clausulis
1162 1694 1325 1775 oportunis
1347 1698 1382 1756 et
1403 1690 1624 1756 executoribus
1647 1696 1685 1756 ut
1706 1691 1743 1755 in

237 1796 337 1862 f0rm³
365 1902 438 1967 Fiat
461 1901 498 1967 G.
521 1901 566 1967 Et
587 1902 656 1965 sine
679 1902 742 1966 alia
764 1901 915 1968 teodone.
939 1902 1011 1969 Fiat
1034 1903 1071 1968 G.
1095 1904 1133 1968 D.
1157 1903 1241 1988 apud
1264 1902 1495 1969 Villamnouam
1511 1899 1743 1968 Aninionensis

238 2006 316 2074 dioc.
342 2005 408 2073 1111
431 2006 474 2072 id.
497 2005 587 2070 iunii
610 2025 637 2069 a.
661 2007 807 2088 septima.

368 2194 400 2250 R.
420 2193 515 2266 Suppl.
534 2200 567 2249 30
584 2193 629 2249 fol.
649 2199 699 2248 ts'.

885 2341 1090 2350 --—..-.

239 2529 329 2596 961.
355 2529 447 2592 Petro
472 2526 562 2594 Gaiti
584 2511 771 2612 dedepinb
795 2527 1419 2620 reserunturbenefioiumecclesiasticum
1431 2527 1743 2610 mmoelsineoura,

236 2634 324 2698 cuius
340 2636 473 2713 fructus
492 2633 535 2697 25
558 2653 640 2714 resp.
667 2635 706 2697 18
728 2653 910 2699 marcarum
933 2636 1056 2719 arpenti
1078 2634 1246 2698 secuudum
1267 2635 1462 2698 taxationem
1485 2633 1625 2698 deciorae
1647 2633 1737 2701 voto·

236 2758 303 2801 rem
325 2757 465 2802 aunuum
487 2755 548 2800 non
571 2736 732 2812 excedant,
756 2743 900 2821 spectans
922 2738 966 2803 od
988 2737 1182 2804 collationem
1205 2737 1385 2803 abbatisam
1406 2743 1616 2804 etcouoentus
1630 2759 1745 2804 mona·

237 2843 326 2906 sterit
347 2863 374 2908 s.
401 2842 527 2923 Georpii
548 2843 584 2906 in
606 2846 710 2906 castro
733 2843 889 2924 Propensi
910 2842 1030 2907 ordinis
1063 2863 1088 2908 s.
1111 2841 1286 2925 Benedicti,
1316 2843 1348 2907 si
1368 2847 1461 2908 vacat
1482 2842 1531 2908 oet
1551 2863 1623 2907 curu
1643 2863 1743 2909 uoca-

236 2947 324 3011 oerit.
367 2946 563 3028 ,Laudabile
591 2948 819 3012 testimonium
850 2946 963 3030 ,Apud
994 2946 1223 3011 Vittomuouom
1245 2948 1471 3012 Auinionensis
1494 2947 1572 3013 dioc.
1597 2949 1676 3014 ΙΙΙΙ
1693 2948 1739 3014 id.

240 3051 333 3116 Junii
355 3071 385 3115 o.
410 3052 570 3135 septimo.“
598 3089 641 3099 -
665 3053 703 3116 Iu
732 3074 757 3116 e.
780 3073 821 3118 m.
852 3055 1021 3136 Propensis
1044 3056 1073 3115 et
1094 3072 1120 3119 s.
1143 3050 1284 3136 Apricoli
1297 3049 1517 3117 Aoiuiouensis
1537 3053 1744 3119 ecclesiarum

727 3157 853 3221 decanis
874 3162 903 3220 et
925 3156 1062 3239 officiali
1085 3158 1249 3240 Prapeusi.

1027 3294 1124 3380 Apud
1154 3294 1392 3380 Vittomnovam,
1416 3297 1503 3362 1359
1525 3298 1620 3364 Junii
1644 3301 1695 3366 10.

383 3242 387 3307 Ι

304 3277 413 3400 ie,

367 3484 398 3537 R.
418 3485 468 3537 Ar.
489 3488 537 3538 141
556 3482 603 3539 fol.
622 3490 683 3539 392.
701 3512 735 3525 ·—
754 3491 779 3551 ἃ)
797 3485 928 3554 ,Rriepin‘
947 3487 995 3539 Ar.

886 3700 1092 3710 ——----—

239 3870 327 3935 962.
358 3866 489 3934 Carolus
514 3872 726 3935 Romanorum
755 3871 931 3954 imperator
958 3876 987 3935 et
1020 3869 1187 3937 Bobemioe
1208 3895 1264 3938 reu
1287 3873 1457 3958 supplicat,
1487 3879 1644 3960 quatenus
1668 3876 1742 3940 duo·

239 3972 336 4036 decim
356 3975 501 4055 personis
523 3973 557 4036 iu
579 3974 771 4039 concellaria
806 3975 979 4058 apostolico
1008 3977 1222 4057 exprimendis
1251 3977 1347 4060 pleno
1376 3978 1520 4043 remissio
1536 3986 1743 4062 peccatorum

238 4077 272 4140 in
294 4077 403 4142 mortis
427 4078 559 4142 articudo
581 4078 775 4143 coucedatur.
804 4117 841 4128 -
881 4080 975 4162 ,Fiat
999 4080 1037 4145 G.
1062 4080 1137 4145 Siue
1159 4081 1228 4146 otia
1251 4081 1388 4147 leccioue.
1412 4082 1488 4147 Fiat
1513 4083 1551 4149 G.
1587 4084 1627 4147 D.
1655 4085 1745 4169 apud

447 4180 677 4247 Vitlamuouom
707 4182 928 4250 Aniniouensis
951 4183 1028 4249 dioc.
1054 4186 1129 4250 IIII
1146 4185 1190 4249 id.
1212 4188 1306 4253 Juuii
1328 4208 1357 4250 a.
1381 4188 1537 4271 septimo*⁸

1034 4317 1136 4405 Apud
1160 4323 1397 4404 Vidamnooam,
1420 4325 1506 4389 1359
1528 4327 1623 4392 Junii
1645 4331 1700 4398 10.

368 4455 400 4512 R.
419 4456 514 4526 Buppl.
534 4464 567 4512 30
585 4455 633 4512 fol.
651 4454 704 4513 81¹.

240 4787 329 4852 963.
357 4785 478 4850 Paulus
499 4789 660 4871 episcopus
686 4791 896 4870 Frisiupeusis
917 4792 1086 4875 supplicat,
1109 4798 1263 4875 quatenus
1285 4795 1509 4880 infrascriptis
1528 4801 1677 4880 personis
1697 4802 1746 4867 di·

740 4917 849 4961 oersae
870 4897 997 4976 pratiae
1018 4898 1234 4963 concedantur.

1030 5034 1128 5120 Apud
1157 5036 1397 5121 Vitiomnoram,
1419 5040 1505 5106 1359
1528 5042 1624 5109 Junii
1649 5046 1701 5109 10.

370 5220 535 5303 Supplicat
556 5222 597 5287 8¹¹
613 5223 667 5287 Vre
685 5225 800 5290 devota
812 5231 957 5292 creatura
970 5234 1077 5293 vestra
1099 5230 1216 5295 Paulus
1236 5231 1404 5314 episcopus
1417 5232 1633 5316 Frisingensis
1652 5284 1661 5299 .
1681 5286 1687 5300 .
1708 5287 1715 5302 .
1735 5286 1744 5302 .

371 5327 452 5390 item
475 5327 633 5410 supplicat
655 5328 759 5394 sidem
788 5328 839 5405 Si,
859 5337 1017 5412 quatenus
1046 5334 1108 5399 sibi
1136 5335 1169 5400 in
1191 5355 1359 5421 personam
1382 5336 1491 5402 dilecti
1514 5340 1744 5425 consanguinei
