3944 6060
243 371 302 434 126
837 368 908 422 Acts
924 364 1078 421 innocentii
1095 367 1143 421 vl.

236 596 297 641 non
312 575 473 655 excedant,
496 579 644 658 spectans
667 575 711 638 od
734 574 932 640 collationem
955 574 1082 639 abbatis
1105 578 1311 639 eteoncentns
1333 573 1518 638 monenterii
1536 574 1742 652 lbebecensia

236 681 266 743 si
288 683 383 746 cacat
411 679 459 744 ael
491 700 560 745 enm
593 679 764 762 vacaverit,
799 683 941 744 reservet.
989 679 1150 760 „Dipnnm
1172 679 1386 744 arbitramnr“
1429 676 1601 761 „Aniciana
1629 680 1661 743 X
1678 678 1742 743 bai.

318 874 350 881 -
779 782 960 848 Decembris
983 805 1013 847 o.
1037 783 1201 848 secando‘¹.

285 887 365 1007 Ab.
1144 919 1306 996 Acinione,
1329 923 1416 987 1354
1439 921 1624 986 Novembris
1645 922 1698 988 22.

366 1110 397 1165 R.
417 1114 464 1163 Ar.
488 1116 535 1163 128
554 1109 601 1164 fol.
620 1116 678 1177 488,
697 1109 728 1164 R.
748 1110 810 1164 Vat.
830 1113 879 1163 227
900 1109 947 1165 tol.
966 1115 1024 1164 est.
1049 1141 1074 1150 —
1098 1111 1121 1162 a)
1140 1109 1297 1177 ‚Ruehwan‘
1316 1111 1365 1163 Ar.

233 1496 325 1563 309.
350 1494 506 1577 Episcopo
530 1491 784 1557 Latbornnsiensi
805 1491 989 1568 mandatas,
1026 1497 1180 1573 quatenns
1201 1492 1343 1559 Jobanni
1372 1493 1455 1556 dieto
1487 1491 1682 1557 Hobenbeim
1703 1492 1740 1557 rie

244 1598 356 1679 Weit·)
380 1598 417 1661 de
439 1599 628 1662 canonicatu
649 1595 797 1661 ecclesiae
819 1596 1015 1678 Eystetensis
1046 1596 1102 1660 sab
1125 1597 1339 1678 expectatione
1358 1594 1558 1678 praebendae
1574 1597 1739 1677 provideri

234 1705 391 1785 promeret,
414 1722 477 1766 non
498 1700 694 1766 obstantibus
717 1705 751 1764 nt
774 1699 810 1763 in
831 1697 1061 1781 supplicatione
1083 1698 1140 1763 snb
1163 1720 1211 1763 nr.
1234 1701 1309 1764 305.
1337 1700 1497 1780 „Dipnnm
1519 1697 1735 1763 arbitramnr“

607 1805 779 1879 „Aninione
800 1801 834 1864 X
852 1802 915 1868 bat.
940 1803 1120 1868 Decembris
1143 1826 1173 1868 a.
1196 1802 1362 1867 scandat

319 1910 385 2030 ‚b
979 2010 981 2014 Α
1075 2006 1079 2017 ‚
1140 1935 1303 2013 cornone,
1328 1935 1412 2000 1354
1433 1933 1620 1999 Nemora
1641 1936 1695 2000 22.

366 2116 397 2169 R.
417 2120 464 2169 Ar.
487 2119 535 2168 128
553 2114 601 2169 fal.
620 2118 688 2182 377¹,
706 2114 738 2168 R.
757 2113 818 2170 Vas.
837 2119 889 2168 2⁶35
907 2114 954 2169 fol.
973 2120 1031 2168 270.
1052 2145 1082 2154 -
1106 2118 1130 2181 ⁸)
1150 2115 1312 2182 ‚Hohenhen
1332 2115 1370 2194 (le¹
1384 2113 1473 2184 Wylc‘
1491 2116 1541 2168 Ar.

885 2327 1091 2337 *-

232 2500 323 2565 310.
349 2497 517 2562 Mattiacas
535 2497 678 2562 Bernaba
693 2501 722 2560 et
739 2494 908 2562 Galeasins
922 2497 960 2562 de
984 2496 1214 2563 Viceeamitibns
1236 2501 1398 2580 raptentur,
1421 2503 1576 2580 camenus
1596 2497 1737 2563 Tbcorie·

233 2604 335 2666 rienm
356 2602 534 2685 episcopam
559 2601 763 2680 beliniensem,
786 2603 932 2666 auretium
956 2600 1062 2668 Oaroti
1084 2604 1166 2688 repis
1190 2605 1414 2679 Romamram,
1443 2604 1497 2681 ani
1518 2603 1562 2667 aci
1584 2605 1735 2670 Innocen-

234 2708 313 2770 tinm
330 2727 455 2790 papam
487 2705 532 2771 Vl
549 2707 664 2770 missas
697 2707 911 2788 adpraesens
940 2708 1117 2783 revertitur,
1151 2706 1279 2788 benipne
1300 2706 1468 2790 recipiant,
1502 2707 1531 2771 ei
1560 2708 1600 2772 de
1631 2727 1740 2774 securo

233 2811 386 2877 eonducta
404 2811 612 2892 providentes.
641 2810 856 2892 „Venerabilis
874 2813 1001 2888 frater“
1030 2810 1205 2892 „Aninione
1236 2813 1337 2876 Vllll
1355 2811 1418 2881 bal.
1448 2812 1624 2879 Decembris
1640 2836 1672 2878 a.
1687 2833 1734 2877 se-

923 2916 1054 2980 ennato“.

1145 3038 1307 3120 Avonam,
1329 3041 1415 3104 rese
1438 2992 1696 3104 Namnasa

365 3174 396 3227 R.
416 3174 476 3226 vat.
497 3176 547 3227 236
567 3174 612 3227 fol.
632 3180 691 3226 212¹

883 3334 1088 3344 ———

232 3492 324 3557 311.
348 3489 510 3556 Jobannes
540 3491 700 3572 episcopus
731 3488 943 3554 Oiomncensis
971 3489 1141 3572 supplicat,
1164 3492 1319 3571 qnatenus
1340 3493 1514 3573 statnatnr,
1536 3495 1572 3553 nt
1595 3496 1737 3557 castruom

234 3593 405 3675 Hnbaatdp
428 3592 629 3674 (Hocbwabd)
649 3598 798 3676 perpetuo
821 3593 864 3656 ad
889 3613 980 3657 nsnm
1003 3614 1128 3658 mensae
1154 3592 1340 3676 episcopalis
1362 3615 1524 3659 rmnanere
1552 3595 1673 3662 debeat.
1698 3635 1740 3645 -

233 3697 445 3763 Barebordus
466 3697 653 3779 bnrpraains
675 3698 954 3782 Mapaiebnryensis
975 3696 1144 3780 supplicat,
1168 3707 1321 3778 qnatenus
1345 3697 1503 3762 Dorotbea
1519 3697 1597 3778 filia
1619 3702 1681 3764 sna
1703 3702 1739 3766 in

276 3803 465 3868 monasterio
487 3825 512 3868 s.
540 3802 709 3868 Francisei
731 3804 868 3868 Maioris
890 3802 1028 3868 civitatis
1051 3804 1223 3883 Propensis
1245 3804 1280 3865 in
1301 3802 1488 3867 monacham
1509 3803 1695 3885 recipiatur.

1137 3940 1301 4020 Aoinione,
1326 3941 1409 4005 1354
1432 3941 1618 4007 Novembris
1640 3945 1694 4010 25.

362 4131 527 4214 Supplieet
550 4130 590 4196 St
610 4130 664 4194 V¹⁶
689 4132 804 4197 devote
827 4138 972 4196 crentura
996 4138 1103 4197 vestra
1129 4133 1290 4197 lohannes
1314 4133 1481 4214 episeopus
1506 4133 1741 4221 Olomucensis,

232 4246 397 4318 quatenus
431 4255 500 4301 eum
534 4242 673 4300 cestrum
706 4235 923 4300 Hekenwalde
957 4235 1177 4300 Olomucensis
1211 4238 1291 4302 dioc.
1328 4255 1398 4301 eum
1413 4250 1418 4269 ’-
1432 4237 1562 4320 prediis
1598 4238 1738 4324 allodiis,

232 4340 386 4406 fructibus
409 4347 443 4405 et
465 4341 687 4406 emolumentis
717 4339 817 4421 ipsius
841 4341 879 4404 ab
903 4339 977 4403 olim
1001 4340 1195 4421 temporibus
1219 4341 1479 4421 predecessorum
1503 4360 1633 4408 suorum
1656 4363 1736 4410 non·

234 4445 328 4509 mullis
359 4445 488 4509 vasallis
510 4445 612 4526 ipsius
643 4443 777 4508 ecclesie
801 4445 930 4508 concedi
955 4445 1004 4509 vel
1029 4445 1122 4508 vendi
1146 4446 1348 4509 consueverit
1369 4445 1401 4509 in
1425 4443 1564 4525 feudum,
1599 4447 1739 4530 ipseque

232 4548 393 4613 iohannes
427 4548 595 4631 episcopus
626 4548 705 4613 illud
736 4549 872 4630 propriis
903 4548 969 4612 suis
1001 4549 1143 4628 pecuniis
1167 4550 1317 4613 reemerit
1347 4567 1456 4613 mense
1480 4567 1536 4614 sue
1560 4551 1740 4634 episcopali

233 4654 503 4733 attrectandum)
528 4672 564 4717 aa
589 4653 669 4718 illud
693 4654 732 4716 sul
756 4671 888 4735 presens
911 4652 1044 4734 pacifice
1067 4654 1231 4734 possideat
1246 4661 1280 4717 et
1295 4654 1412 4735 quiete,
1436 4654 1610 4736 dignemini
1633 4656 1740 4729 eidem

233 4756 382 4839 episeopo
400 4764 433 4821 et
449 4758 684 4822 successoribus
708 4756 808 4839 ipsius
832 4757 872 4820 (le
896 4758 1092 4838 benignitate
1117 4758 1292 4839 apostolica
1315 4758 1480 4840 indulgere
1504 4776 1540 4822 aa
1556 4759 1657 4823 esium
1675 4770 1739 4825 sta-

230 4866 333 4936 tuere‚
356 4867 393 4924 ut
415 4867 553 4925 castrum
577 4863 680 4942 ipsum
703 4879 762 4926 nee
782 4879 843 4948 per
866 4861 984 4925 dietum
1008 4862 1184 4926 Jolmnnem
1208 4881 1265 4925 nee
1289 4880 1346 4943 per
1370 4862 1465 4927 elium
1491 4861 1739 4930 Olomueensem

232 4964 425 5046 episcopum,
460 4965 513 5044 qui
537 4984 593 5045 pre
617 4972 760 5046 tempore
791 4963 896 5040 fuerit
933 4965 1039 5029 valent
1062 4967 1094 5029 in
1118 4966 1246 5030 feudum
1271 4985 1327 5029 seu
1351 4967 1573 5049 emphiteosim
1597 4969 1649 5033 vel
1674 4970 1738 5036 alia

230 5086 417 5149 quoeunque
441 5068 535 5133 titulo
559 5076 614 5134 aut
636 5069 741 5135 colore
764 5070 901 5151 concedi,
925 5070 1057 5134 alienari
1082 5070 1131 5134 vel
1156 5071 1247 5151 tradi,
1272 5072 1328 5134 sed
1351 5078 1506 5153 perpetua
1529 5071 1570 5136 ad
1593 5090 1689 5139 usum
1704 5081 1738 5139 et

229 5171 403 5236 utilitatem
434 5172 574 5255 episcopi
597 5180 761 5238 otmense
796 5172 1007 5254 predictarum
1038 5174 1155 5237 ‹lebent
1186 5193 1358 5247 rennuere,
1386 5194 1458 5239 eum
1488 5176 1633 5241 omnibus
1669 5196 1733 5244 non

232 5276 431 5341 obstantibus
452 5282 488 5341 et
510 5276 661 5341 clausulis
684 5275 858 5358 oportunis.
