3944 6060
238 448 304 515 412
838 449 906 504 Acta
924 416 1075 506 innnocentii
1094 452 1139 507 Vl.

239 660 330 741 quod,
354 678 424 723 cum
448 656 650 742 prepositura
673 657 808 722 ecclesie
835 659 1107 741 wissegradensis
1131 681 1227 743 prope
1253 662 1394 743 Pragaur,
1427 680 1487 744 que
1511 665 1657 748 dignitas
1682 663 1752 728 siue

239 783 315 829 cura
336 771 396 843 est,
422 764 558 844 aliquem
582 781 704 826 sacmm
720 763 863 827 ordinem
885 783 948 827 nou
971 764 1136 844 requirens
1158 770 1193 830 et
1215 766 1255 830 ad
1279 766 1488 832 donacionem
1512 787 1571 834 seu
1596 768 1749 833 collacio-

239 887 311 932 nem
335 869 418 950 regis
442 867 582 946 llaemie,
606 867 659 947 qui
683 872 734 930 est
749 886 806 947 pro
823 872 975 950 ternpore,
993 870 1167 951 pertinens,
1192 888 1249 952 per
1272 870 1392 936 obitum
1408 873 1566 952 quondam
1590 871 1751 937 Willelmi

240 972 278 1036 de
302 973 487 1054 bacularem,
513 972 618 1036 ultiun
641 972 742 1054 ipsius
765 973 901 1037 ecclesie
936 973 1100 1055 prepositi,
1133 979 1223 1038 extra
1246 974 1419 1039 Romanam
1443 975 1563 1041 curiam
1587 975 1744 1058 defuncti,

238 1097 339 1159 rumor
361 1077 523 1141 vacaverit
557 1082 590 1141 et
613 1083 706 1140 vacet
740 1077 780 1140 ad
803 1095 946 1159 presens,
981 1097 1017 1140 ac
1040 1077 1194 1159 prepositi
1229 1079 1332 1159 ipsius
1355 1080 1501 1161 ecclesie,
1535 1080 1590 1161 qui
1614 1079 1751 1145 fuerunt

239 1202 295 1264 pro
319 1188 471 1264 tempore,
504 1189 736 1247 consueverunt
759 1199 830 1245 esse
855 1182 1035 1245 cancellarii
1059 1183 1149 1263 regni
1172 1183 1312 1264 Boemie,
1336 1183 1420 1248 idem
1443 1185 1619 1267 imperator
1644 1185 1750 1250 cousi·

242 1289 366 1369 deraus,
391 1288 473 1368 quad
498 1289 624 1352 racione
648 1285 743 1351 oflicii
768 1285 957 1350 cancellarie
981 1285 1081 1366 ipsius
1105 1286 1196 1366 regui
1220 1286 1310 1350 valde
1335 1287 1396 1351 sibi
1419 1288 1552 1370 expedit
1574 1290 1698 1354 habere
1715 1288 1748 1351 in

239 1392 352 1455 eadem
376 1391 513 1456 ecclesia
536 1392 732 1473 prepositum
757 1389 974 1454 fidelissimum
999 1396 1032 1452 et
1055 1403 1231 1470 cxpcrmuu,
1255 1397 1289 1455 et
1305 1392 1388 1471 quod
1404 1396 1448 1471 tu,
1473 1393 1525 1472 qui
1543 1393 1750 1459 consiliarius

239 1516 314 1560 suris
338 1514 383 1576 es,
407 1497 440 1560 in
464 1497 529 1560 suis
554 1495 706 1576 seruiciis
730 1495 843 1575 quibus
868 1494 984 1557 dudum
1009 1494 1155 1558 institisti
1179 1492 1318 1558 fideliter
1333 1502 1367 1559 et
1382 1495 1514 1578 insistis
1537 1497 1751 1563 laudabiliter

238 1601 459 1680 coruprobatus
483 1601 605 1677 existis,
640 1619 676 1663 ac
700 1601 800 1663 eciam
836 1599 1016 1678 attendens,
1048 1599 1130 1678 qaod
1162 1604 1195 1663 tu
1221 1600 1260 1663 de
1284 1599 1439 1666 fructibus
1469 1601 1677 1683 episcopatus
1700 1605 1749 1668 tui

239 1705 425 1786 llinderrsiS,
449 1723 541 1786 quem
566 1711 720 1786 ternpore,
744 1723 805 1784 quo
829 1704 868 1767 ad
892 1703 1093 1767 blindcnsem
1123 1703 1289 1768 ecclesiam
1315 1712 1389 1770 tunc
1414 1712 1580 1771 vacantem
1604 1725 1666 1789 per
1689 1726 1749 1774 nos

241 1815 403 1891 pronatus
438 1809 536 1890 luisti,
571 1814 702 1890 propter
735 1809 850 1871 malum
885 1807 1026 1889 regimen
1061 1808 1323 1888 predecessorum
1354 1814 1489 1889 tuorum,
1520 1811 1748 1894 episcoporum

240 1913 465 1989 blindansium,
489 1914 541 1994 qui
565 1914 694 1976 fuerunt
717 1932 773 1993 pro
797 1918 950 1992 ternpore,
974 1930 1031 1974 seu
1046 1920 1177 1993 propter
1199 1913 1275 1977 lites
1298 1919 1332 1977 et
1355 1932 1486 1995 guerras
1510 1914 1558 1979 eis
1581 1921 1617 1979 et
1640 1916 1748 1981 eidem

239 2018 373 2081 ecclesie
409 2018 517 2081 illatas
541 2017 702 2094 invenisti,
738 2017 820 2079 sicut
843 2016 1008 2092 asseritur,
1042 2016 1262 2096 uurltipliciter
1296 2018 1483 2100 desolatam,
1515 2019 1563 2083 ita
1585 2018 1749 2084 modicum

239 2123 364 2204 recipis,
400 2124 482 2202 quod
517 2122 631 2184 exinde
667 2122 756 2184 irrata
789 2119 981 2201 pontificalis
1011 2119 1205 2200 exigenciam
1242 2121 1408 2201 diguitatis
1433 2127 1549 2186 statum
1575 2127 1667 2187 tuurn
1691 2123 1748 2188 de·

239 2232 348 2290 center
371 2233 481 2290 tencre
517 2246 578 2290 nou
602 2232 703 2306 potes,
740 2225 912 2305 desiderat,
947 2225 1029 2303 qaum
1055 2232 1088 2286 tu
1112 2225 1344 2305 preposituram
1368 2226 1543 2307 predictam
1575 2246 1646 2292 curu
1671 2247 1746 2310 apo·

240 2330 352 2396 stolice
377 2330 628 2411 dispensacionis
652 2329 767 2409 gracia,
792 2347 854 2408 qua
878 2329 1008 2391 obtenta
1030 2328 1116 2390 illam
1143 2330 1201 2392 tibi
1226 2328 1368 2395 coulerre
1392 2332 1565 2414 proposuit,
1596 2332 1748 2398 obtinere

240 2436 348 2499 valeas
380 2435 502 2514 sibique
538 2435 570 2496 in
600 2432 724 2515 prelato
760 2432 988 2515 caracalla-ier)
1022 2432 1124 2498 crificia
1158 2434 1248 2497 iuxta
1286 2434 1441 2515 prefatam
1480 2437 1747 2502 consuetudinem

239 2540 411 2604 deservire.
448 2540 552 2617 erare
576 2559 632 2621 pro
658 2544 747 2620 parm
765 2546 819 2601 tua
843 2544 877 2601 et
899 2537 1101 2617 imperatoris
1125 2538 1266 2601 eiusdem
1283 2537 1344 2602 fuit
1366 2539 1457 2603 nobis
1481 2539 1648 2605 humiliter
1671 2560 1747 2624 sup·

239 2645 400 2726 plicatum,
425 2650 460 2706 ut
484 2643 581 2707 statui
605 2648 659 2705 tua
684 2641 814 2721 suisque
839 2641 1008 2705 desideriis
1030 2642 1063 2703 iu
1087 2641 1145 2703 bac
1173 2649 1262 2723 parte
1286 2643 1454 2723 providere
1479 2645 1519 2708 de
1542 2645 1746 2727 benignitate

240 2748 416 2830 apostolica
440 2748 649 2829 dignarennu:
677 2748 740 2811 Nos
764 2747 873 2826 itaque
898 2753 961 2809 tam
976 2746 1057 2808 votis
1082 2746 1283 2826 imperatoris
1308 2747 1450 2812 eiusdem
1474 2766 1626 2830 anrurere,
1650 2768 1746 2830 qnam

238 2854 402 2935 proruissis
427 2854 491 2916 tuis
515 2852 681 2934 prouidere
707 2851 954 2915 necessitatibus
978 2850 1152 2931 cupientes,
1176 2849 1357 2914 huiusmodi
1382 2852 1674 2933 supplicaciouibus
1698 2855 1746 2918 in·

239 2958 356 3038 clinati,
380 2965 494 3038 tecum,
518 2963 553 3020 ut
576 2957 808 3038 preposituram
832 2956 932 3037 ipsam
956 2955 1001 3018 sic
1018 2960 1190 3033 venerantem,
1217 2954 1244 3017 si
1268 2972 1337 3018 eam
1354 2956 1412 3019 tibi
1428 2975 1486 3038 per
1501 2957 1622 3021 dictura
1635 2977 1746 3041 regem

239 3061 318 3124 aliars
343 3061 491 3125 carronice
528 3061 663 3123 consterni
687 3061 858 3141 contingat,
895 3059 993 3123 libere
1029 3060 1172 3139 recipcre
1207 3078 1243 3122 ac
1267 3059 1352 3123 illam
1377 3079 1446 3124 cum
1476 3061 1664 3144 episcopatu
1690 3069 1747 3128 tua

239 3165 392 3247 predicte,
417 3164 565 3244 ‹prrauudiu
589 3165 692 3227 cidem
717 3164 851 3227 ecclesie
876 3163 1035 3227 llirnleusi
1060 3162 1226 3245 prct'ueris,
1260 3164 1399 3227 ret-incre
1421 3163 1569 3247 [valeas],
1601 3184 1666 3230 nou
1690 3169 1746 3233 ob-

239 3269 405 3348 stantibus,
429 3268 511 3348 quod
537 3267 759 3331 Cistercieusis
783 3268 904 3330 culinis
928 3268 1088 3349 professor
1110 3268 1232 3349 existis,
1264 3287 1299 3332 ac
1322 3268 1533 3332 Lateranensi
1557 3276 1591 3333 et
1615 3271 1748 3351 quibus·

238 3393 359 3452 cunque
382 3373 454 3436 aliis
479 3372 761 3436 coristitucionilms
786 3371 968 3452 apostolicis
991 3390 1049 3434 uec
1072 3389 1134 3434 uon
1165 3372 1295 3436 statutis
1325 3378 1359 3436 ct
1382 3373 1669 3440 consuetudinibus
1694 3395 1748 3440 ec·

239 3478 407 3540 clesiarum
431 3484 464 3541 et
487 3477 606 3540 ordinis
641 3476 854 3558 predictorum
877 3476 1056 3557 contrariis,
1091 3477 1277 3558 iuramento,
1301 3476 1540 3542 confirmacione
1565 3481 1749 3560 apostolica

239 3582 289 3644 rel
314 3599 498 3661 ‹pracuuque
523 3580 672 3644 tirruitatc
698 3580 761 3643 alia
784 3579 922 3656 udlatiS,
958 3581 1150 3644 :anactoritatc
1185 3581 1359 3662 apostolica
1393 3582 1432 3645 dc
1467 3582 1601 3664 speciali
1636 3586 1749 3666 gracia

238 3687 467 3767 dispensamus,
492 3685 627 3767 proviso,
651 3685 734 3765 quod
758 3685 886 3748 iuterim
909 3684 955 3746 sic
972 3684 1011 3747 dc
1028 3684 1163 3748 ecclesie
1189 3691 1242 3748 tua
1266 3684 1443 3748 lliudensis
1460 3685 1747 3753 adrniuistraciane

237 3791 415 3873 provideam,
440 3790 523 3870 qued
547 3790 671 3871 ipsein
696 3788 916 3871 spiritualibus
940 3807 1000 3851 uon
1026 3788 1153 3851 ledatur
1176 3807 1235 3851 uec
1258 3787 1290 3851 in
1314 3789 1542 3870 temporalibus
1567 3790 1747 3857 detrimen-

237 3903 302 3959 tum
327 3901 497 3976 propterea
520 3895 674 3975 paciatur,
700 3894 844 3972 qrrodque
869 3894 1071 3973 prepositura
1096 3893 1305 3974 ipsuinterinx
1329 3892 1429 3957 eciam
1446 3893 1562 3958 debitis
1579 3895 1748 3978 obsequiis

232 4020 294 4063 uon
318 4000 482 4063 t'rmuletur
501 4046 508 4060 .
528 4052 533 4061 .
555 4047 588 4061 ..
617 3999 650 4060 D.
679 3998 833 4061 dulmene
860 3997 901 4059 Vl
926 3997 990 4059 kal.
1017 3998 1180 4061 latrunculi
1207 4017 1232 4060 a.
1259 4004 1380 4062 octcrro.

363 4188 394 4240 ll.
413 4183 461 4239 Aa.
485 4186 674 4240 [illailla
698 4217 723 4224 -
746 4192 772 4251 a)
792 4186 976 4252 ,caracellario‘
1001 4190 1051 4237 alr.

235 4472 350 4535 1035.
375 4471 439 4531 I'ra
466 4468 651 4532 lbaoaorico
683 4466 861 4531 chcdoun'la'
890 4467 928 4530 dc
951 4466 1112 4546 illatam)
1141 4465 1323 4547 presbytero
1355 4468 1528 4546 Prapeusc's
1558 4465 1637 4532 dinc.
1669 4489 1747 4552 sap·

227 4577 381 4656 plicatur,
406 4578 560 4656 pacatcuus
583 4573 611 4636 ei
634 4573 671 4636 dc
689 4577 840 4655 perpetuo
874 4571 1017 4652 berrqtcca
1041 4570 1156 4634 altaris
1179 4591 1203 4635 s.
1228 4570 1355 4634 Μανία(
1377 4572 1411 4634 in
1433 4569 1563 4636 ecclesia
1587 4565 1748 4652 Prapcnst‘

232 4717 274 4726 —
296 4684 429 4743 vacante
452 4699 522 4758 arara,
548 4683 582 4740 al
606 4677 800 4751 credebatur,
819 4698 880 4759 per
903 4675 1035 4739 liberam
1071 4675 1312 4759 respectionem
1334 4675 1494 4743 Jolcunnc's
1517 4675 1597 4739 aicta·
1620 4677 1746 4740 Panas·

231 4782 316 4865 einh)
341 4783 395 4847 sed
417 4806 456 4847 ca
479 4804 522 4867 aa,
547 4784 627 4867 qaod
650 4783 732 4846 idern
754 4781 916 4848 Jobannes
935 4779 1156 4864 parochialem
1179 4780 1343 4844 ecclesiam
1365 4780 1587 4861 Lepar'censcm
1610 4780 1635 4862 ⁰)
1654 4801 1742 4845 assc-

230 4892 318 4953 calas
340 4890 386 4951 cst
409 4923 449 4932 -
467 4887 682 4968 provideatur.
707 4924 749 4932 —
784 4886 877 4965 ,abac
901 4882 939 4947 G.
967 4888 1007 4949 la
1030 4885 1112 4969 parad
1135 4890 1281 4950 transcat
1304 4886 1372 4949 sinc
1395 4883 1464 4947 alia
1486 4883 1627 4949 leccione.
1666 4886 1744 4951 alac

555 4992 592 5057 G.
620 4993 657 5054 D.
683 4992 838 5055 Aairu'cac
868 4993 894 5052 V
920 4990 983 5055 Ital.
1010 4990 1164 5055 Febrnarr'
1187 5013 1216 5054 a.
1241 4988 1418 5067 octavo.“‘¹)

1170 5131 1332 5214 alcr'ac'oac,
1358 5132 1443 5196 1360
1467 5130 1625 5196 Jaucrarc'l
1647 5135 1701 5197 28.

372 5288 404 5345 Il.
424 5289 517 5356 Suppl.
538 5294 568 5342 31
589 5286 635 5339 sol.
655 5293 695 5339 *(3,
716 5318 747 5325 -
763 5290 786 5352 a)
805 5287 943 5352 ,Illacaua‘
962 5287 1056 5355 Suppl.
1080 5288 1105 5353 b)
1131 5287 1274 5355 ,l'rusnplc‘
1294 5284 1390 5354 Suppl.
1405 5287 1428 5351 ο)
1447 5283 1484 5352 ,in
1503 5283 1630 5354 Lignytz‘
1647 5284 1742 5355 Suppl.

232 5377 257 5447 d)
277 5379 309 5432 lu
333 5393 416 5446 rnarg.
435 5376 522 5431 dext:
542 5391 600 5444 ,pro
619 5384 744 5429 camera‘.
767 5405 792 5414 -
816 5374 892 5428 Cous.
910 5391 950 5428 ar.
971 5381 1030 5427 951.
