3944 6060
229 459 295 523 220
838 458 908 509 Acta
925 454 1077 509 innocentii
1094 456 1140 509 v1.

227 666 320 731 560.
358 667 453 728 Petro
479 663 598 728 Titanis
632 664 670 726 de
712 663 904 729 Vratistaoia
933 667 1096 743 confertur
1128 663 1320 728 scholastria
1354 663 1501 729 ecclesiae
1535 665 1740 732 Lubuceusis.

232 768 449 851 „Landobitia
478 767 670 851 probitatis“
707 767 884 850 „Aninione
919 770 990 833 IIII
1020 768 1064 835 id.
1099 767 1254 833 Jonuorii
1287 788 1316 831 a.
1348 767 1487 849 quinto.“
1511 804 1556 818 -
1590 770 1629 832 ln
1651 790 1676 834 e.
1699 791 1737 833 m.

228 896 256 937 s.
289 871 416 938 Mariae
444 874 479 935 in
507 874 616 937 Arena
645 876 737 936 estro
767 892 874 937 muros
905 871 1165 936 Vratistaoienses
1199 874 1229 934 et
1258 872 1293 934 in
1324 870 1448 935 Lubens
1486 871 1740 938 Vrotistooiensis

289 976 368 1041 dioc.
393 978 657 1040 monasteriorum
679 975 844 1039 abbatibus
868 997 905 1040 oc
927 976 1044 1041 decano
1066 974 1213 1039 ecciesiae
1235 995 1261 1038 s.
1285 974 1426 1056 Apricoti
1447 975 1682 1042 Acinionensis.

1169 1111 1332 1190 Ammona,
1358 1113 1441 1178 1357
1463 1115 1622 1181 Januarii
1646 1117 1697 1180 10.

259 1223 394 1324 jx.

365 1355 395 1408 li
414 1353 678 1408 Av.137f01.291.

231 1686 324 1750 551.
350 1684 525 1748 Ludooicus
553 1684 713 1766 Unqariae
733 1704 791 1748 rec
812 1688 953 1762 royatur‚
976 1687 1129 1762 audenus
1153 1681 1255 1746 Paulo
1277 1684 1418 1766 episcopo
1443 1681 1607 1761 (dorcensi,
1631 1684 1674 1748 ad
1696 1705 1741 1747 re·

224 1787 437 1866 formandam
447 1807 560 1869 pacem
571 1789 653 1850 iuter
667 1785 845 1854 Johannem
872 1787 927 1868 „de
941 1784 1092 1850 Boemio“
1118 1787 1329 1851 marchionem
1349 1787 1511 1851 Moraoiae
1532 1791 1562 1851 ct
1576 1787 1740 1852 Albertum

233 1890 341 1955 ducem
364 1891 517 1954 Austriae
539 1891 582 1954 ad
599 1897 711 1973 portes
735 1889 813 1954 ittas
834 1890 1001 1963 destinato.
1024 1890 1165 1955 consitiis
1187 1895 1217 1955 et
1232 1889 1366 1954 auxiliis
1385 1890 1526 1954 assistat.
1552 1887 1739 1973 „Cupientes

228 1994 400 2078 periculis“
419 1995 592 2068 „Aninione
602 1995 645 2059 id.
658 1994 814 2062 Januarii
827 2016 857 2059 a.
870 1994 1006 2077 quinto.“
1020 2031 1064 2041 —
1080 1997 1155 2060 Ine.
1168 2016 1209 2058 ru.
1225 1993 1420 2072 misacam)
1431 1994 1560 2074 repinae
1573 1994 1741 2078 Unqariaa

233 2099 309 2161 hem
320 2100 447 2179 repinoe
463 2098 681 2182 (superiacit),
698 2099 771 2161 item
783 2099 916 2161 mutatis
931 2098 1094 2161 mutandis
1110 2097 1343 2181 archiepiscopo
1352 2098 1571 2182 Striqoniensi,
1587 2098 1743 2180 archiepi-

231 2220 322 2282 scopo
346 2197 513 2279 Ootocensi‚
536 2202 770 2285 archiepiscopo
790 2201 1036 2286 Satneburpensi‚
1060 2201 1194 2265 Arnesto
1219 2201 1450 2284 archiepiscopo
1472 2203 1643 2284 propensi,
1668 2203 1741 2267 item

635 2306 668 2368 in
691 2328 715 2369 e.
739 2327 780 2370 m.
804 2306 947 2371 dobanni
968 2307 1111 2388 episcopo
1137 2305 1342 2371 Otomucensi.

1170 2443 1333 2516 Ammiano,
1359 2445 1442 2507 1357
1464 2444 1622 2510 Jauaora'
1644 2446 1699 2508 13.

364 2631 394 2684 R.
416 2632 476 2685 Vct.
495 2637 544 2684 239
563 2632 609 2685 tol.
629 2632 663 2698 2⁴,
683 2633 713 2685 R.
735 2633 793 2684 Vat.
813 2638 862 2683 '24⁴
881 2632 907 2684 Η
931 2632 1060 2697 (Archet.)
1080 2649 1119 2685 nr.
1139 2638 1179 2685 25.
1200 2663 1232 2672 -
1252 2633 1301 2685 Ed.
1320 2633 1394 2700 apud
1413 2633 1538 2697 Theiner,
1557 2631 1632 2686 Mon.
1653 2632 1741 2699 Hung.

234 2717 261 2770 11
275 2734 335 2786 pag.
349 2723 390 2771 28.
406 2749 436 2757 -
457 2729 481 2781 ἢ)
500 2719 641 2781 ,Elizsbct‘
654 2718 715 2772 Vnt.
726 2749 758 2757 -
773 2716 804 2770 ln
824 2726 899 2786 tergo
920 2719 1053 2771 minutae:
1072 2720 1112 2785 ‚R
1133 2712 1343 2773 Transmontefi.
1361 2719 1741 2788 V111pr0h‹›cser0⁴,qua1n

233 2811 325 2857 notam
345 2805 539 2872 registraturae
559 2805 664 2873 signum
686 2804 823 2872 seqnitur:
842 2805 957 2870 ‚11.1111‘.

886 3001 1091 3012 *—

232 3188 325 3253 552.
349 3186 494 3251 Mathias
520 3187 686 3252 Laurentii
702 3188 878 3270 presbyter,
902 3188 983 3251 iuris
1001 3189 1135 3269 peritus,
1158 3188 1290 3251 nuncius
1307 3187 1480 3251 iunocentii
1497 3208 1607 3268 papae
1637 3188 1681 3251 VI
1701 3187 1745 3250 ad

236 3292 450 3354 Romanorum
470 3291 693 3373 imperatorem
715 3291 803 3354 etad
824 3313 927 3372 repern
947 3290 1099 3355 Potoniac
1121 3312 1220 3373 nuper
1241 3293 1367 3374 missus,
1390 3290 1560 3372 supplicat,
1584 3295 1743 3372 quatenus

232 3394 295 3457 sibi
306 3395 344 3458 de
356 3397 543 3459 canonicatu
555 3395 611 3459 sub
626 3395 838 3477 expectatione
848 3394 1049 3477 praebendae
1064 3397 1098 3458 in
1112 3395 1242 3460 ecclesia
1258 3393 1457 3459 Crocooiensi
1468 3395 1686 3477 provideatur.
1701 3431 1743 3440 —

238 3498 336 3578 „Fiat
362 3499 400 3564 G.
439 3500 483 3563 Et
505 3499 586 3577 quod
616 3505 761 3562 transeat
790 3498 859 3562 sine
888 3497 955 3561 atio
985 3498 1125 3564 leccionc.
1166 3498 1239 3562 otae
1264 3495 1301 3561 G.
1342 3500 1384 3561 D.
1408 3499 1563 3561 Aninione
1595 3498 1629 3560 X
1635 3499 1664 3557 1¹⁷
1679 3498 1744 3562 eat.

804 3603 969 3666 Februarii
991 3624 1021 3665 o.
1039 3604 1174 3682 quinto.“

1172 3740 1333 3811 Aoinione,
1357 3739 1443 3803 1357
1466 3739 1622 3806 Jonuarii
1647 3741 1697 3802 18.

368 3881 398 3932 R.
419 3880 514 3948 Suppl.
533 3884 566 3931 ⁶27
587 3879 630 3931 101.
654 3886 691 3931 18.

236 4212 325 4276 653.
353 4208 552 4274 Curre-manno
575 4215 649 4271 noto
672 4207 829 4290 quondam
844 4206 1020 4270 Boernundi
1043 4208 1080 4270 de
1098 4206 1326 4284 Geisenheim·)
1351 4206 1530 4271 baccatario
1554 4209 1587 4270 in
1610 4206 1744 4272 decretis

232 4314 417 4397 providetur
447 4313 484 4376 de
506 4315 695 4376 canonicatu
723 4311 870 4375 ecclesiae
900 4309 1235 4395 Aschaffenburpensis
1266 4314 1476 4391 Mapnntinae
1504 4311 1581 4375 dioc.
1610 4311 1668 4374 sub
1691 4333 1745 4374 eoc-

231 4420 410 4498 pectotione
429 4417 637 4499 praebendae.
663 4416 866 4498 „Literarum
889 4415 1042 4479 sciencia“
1071 4415 1245 4497 „Aninione
1266 4413 1353 4480 XIII
1363 4414 1427 4479 hot.
1451 4415 1619 4479 Februarii
1636 4416 1744 4498 ponti·

224 4521 349 4602 ficatus
373 4523 473 4586 nostri
495 4544 524 4584 a.
549 4522 684 4603 quinto‘
711 4558 751 4567 —
779 4523 815 4583 ln
838 4542 861 4583 e.
886 4541 926 4582 nr.
949 4520 1092 4602 episcopo
1115 4520 1370 4583 Luthomnstensi
1399 4525 1429 4583 et
1451 4520 1575 4583 decano
1598 4538 1624 4583 s.
1649 4517 1743 4602 Apri-

237 4623 297 4688 coti
328 4627 546 4690 Aciniouensis
583 4646 620 4688 ac
650 4625 851 4689 thesaurario
885 4646 910 4688 S.
944 4625 1084 4689 cirston's
1115 4624 1325 4706 Confidentiae
1360 4623 1556 4688 Treuercnsis
1586 4623 1664 4689 dioc.
1695 4643 1744 4687 ec·

899 4728 1077 4792 etesiarum.

286 4857 380 4937 ,ΞΧ
392 4925 397 4936 .
1176 4864 1338 4948 liciniano,
1365 4867 1447 4930 1357
1469 4866 1627 4933 Januorii
1647 4866 1699 4930 20.

367 5056 398 5108 R.
418 5058 466 5107 As.
490 5061 535 5109 137
555 5056 601 5108 fol.
623 5062 679 5109 192.
700 5086 730 5094 —
746 5068 770 5120 ἃ)
789 5056 973 5124 ‚Gysenheim‘
993 5059 1039 5106 Ar.

887 5319 1093 5327 -——
