3944 6060
231 415 296 480 394
829 413 899 467 Acta
917 410 1072 467 iunocentii
1088 409 1135 467 vl.

199 642 201 648 ·
231 623 322 689 991.
347 619 533 706 Compositio
557 621 646 686 Petri
667 621 791 688 Jcoliai
812 621 851 686 dc
873 622 1072 688 lauterbacb
1094 643 1189 706 sopor
1205 624 1334 688 annalia
1357 622 1395 688 dc
1404 620 1590 707 parochiali
1604 619 1740 689 ecclesio

865 725 900 790 irs
923 725 1100 791 Nausiedel.
1424 726 1426 731 ’

1423 869 1510 932 1359
1531 864 1619 936 latii·
1640 868 1698 932 20.

358 1058 440 1124 Item
463 1058 503 1122 do
526 1056 716 1140 parrochiali
751 1057 886 1122 ecclesia
909 1057 941 1122 in
964 1056 1118 1148 Ncusidel
1152 1056 1381 1138 Olomucensis,
1406 1057 1497 1134 dioc,
1521 1062 1659 1122 vacante
1683 1076 1743 1140 per

229 1164 362 1228 liberam
385 1163 635 1246 resignacionem
664 1159 818 1227 Johaunis
849 1163 888 1227 de
911 1161 1128 1242 Luthomusel,
1158 1161 1220 1226 luit
1242 1162 1401 1244 provisum
1432 1162 1527 1226 Petro
1549 1160 1676 1227 anlini
1700 1161 1742 1226 de

230 1265 439 1333 Luchirbach.
464 1266 524 1331 Die
547 1266 607 1330 XX
628 1266 706 1330 Julii
730 1286 757 1331 a.
781 1264 971 1331 MOCOLIX
1001 1267 1177 1348 composuit
1199 1267 1239 1331 ad
1261 1265 1398 1330 mediam
1420 1271 1543 1348 partem
1575 1263 1742 1330 inrctuum

230 1372 413 1437 solvendam
436 1369 520 1435 inira
541 1369 658 1435 festum
681 1371 710 1435 b.
735 1370 890 1436 lobannis
914 1370 1099 1436 Babtistea.
1116 1368 1297 1452 mccclx,
1320 1370 1524 1453 presentibus
1546 1368 1584 1434 R.
1609 1369 1653 1435 de
1677 1369 1741 1434 Re-

230 1475 377 1558 buubigis
400 1481 434 1540 et
453 1526 459 1540 .
479 1526 486 1541 .
507 1527 513 1539 .
534 1482 576 1550 .·)
599 1474 758 1539 Amaldus
779 1473 944 1540 lobannis.

359 1664 427 1719 Goll.
457 1664 546 1718 Alam.
574 1670 626 1719 290
658 1663 705 1719 iol.
736 1670 786 1717 45⁴.
824 1695 850 1704 -
875 1675 899 1728 ι)
929 1665 1002 1720 Loco
1030 1664 1146 1720 nominis
1181 1665 1280 1718 lacuna
1303 1663 1332 1717 in
1359 1664 1545 1733 manuscripto
1584 1662 1738 1733 reperitur.

232 1783 264 1791 —
283 1753 324 1806 Dc
342 1750 539 1822 compositione
557 1751 699 1821 praedicta
716 1751 745 1804 iu
763 1750 831 1806 Coll.
850 1750 939 1804 Alam.
958 1758 975 1804 t
993 1750 1039 1804 iol.
1059 1756 1084 1804 9‘
1103 1765 1221 1818 sequeus
1240 1757 1305 1805 uota
1323 1751 1473 1821 reperitur:
1493 1751 1549 1819 ,Da
1566 1748 1739 1819 parrochiali

230 1838 348 1893 ecclesia
364 1838 393 1892 iu
412 1837 545 1893 Ncusidel
563 1838 752 1894 olomucensis
771 1837 849 1906 dioc,
868 1843 983 1892 vacante
1006 1853 1056 1906 per
1067 1838 1182 1892 liberam
1193 1838 1406 1907 resignaciouem
1424 1836 1559 1893 Jobannis
1579 1836 1614 1891 de
1632 1836 1740 1891 Lutbe·

230 1927 326 1994 musal,
344 1925 397 1980 fuit
414 1925 552 1996 provisum
570 1925 651 1981 Petro
669 1925 772 1980 Jeulini
796 1925 822 1980 Il
840 1941 906 1979 nou.
926 1925 1093 1995 Septembris
1118 1943 1142 1980 a.
1167 1926 1219 1992 VI;
1245 1927 1397 1996 composuit
1422 1926 1457 1980 ad
1483 1924 1600 1979 mediam
1627 1930 1738 1994 partem

230 2012 367 2067 fructuum
387 2021 414 2066 et
432 2017 674 2068 emolumentorum
693 2012 774 2067 unius
793 2012 860 2066 anui
876 2011 947 2067 dicte
966 2012 1089 2080 ecclesie,
1114 2013 1271 2069 solvendam
1290 2013 1363 2068 inira
1381 2013 1481 2068 festum
1499 2013 1525 2067 b.
1543 2012 1665 2066 lobrnis
1684 2011 1736 2066 Ba

231 2102 315 2171 ptiste
333 2117 358 2156 a.
378 2099 548 2156 MCCCLX.“
569 2100 631 2169 (Ed.
651 2099 726 2170 apud
746 2100 856 2170 liirscb,
873 2103 1001 2156 Anuatcn
1019 2101 1104 2171 Ipag.
1124 2106 1156 2154 ta
1175 2119 1215 2155 nr.
1236 2103 1288 2169 11.)
1306 2133 1340 2142 -
1358 2101 1435 2156 Cous.
1453 2117 1494 2155 nr.
1512 2104 1563 2154 8³7
1582 2106 1611 2154 et
1623 2104 1685 2154 888.
1704 2129 1738 2138 -

230 2189 261 2242 ln
280 2205 364 2257 marg.
383 2187 506 2243 infcriori
524 2194 607 2243 notae
624 2188 652 2242 iu
672 2187 740 2242 coll.
759 2188 849 2242 Alam.
867 2195 884 2242 4
901 2188 1057 2257 descriptae
1076 2189 1237 2243 adnotatur:

352 2292 478 2358 ,Summa
495 2291 720 2361 compoucncium
744 2292 778 2346 ad
806 2291 922 2349 mediam
941 2299 1047 2361 partem
1066 2291 1202 2348 fructuum
1225 2325 1250 2333 -
1272 2293 1320 2348 Ill.

353 2380 463 2433 Summa
480 2377 646 2433 universalis
657 2387 828 2448 receptorum
845 2378 953 2434 indico.
973 2379 1147 2434 Olomucensi
1169 2412 1196 2422 -
1218 2380 1318 2435 cxvll
1335 2379 1394 2434 flor.
1407 2379 1461 2434 Xll
1473 2380 1522 2434 sol.

553 2506 566 2530 „
649 2465 881 2535 composicionum
898 2465 928 2519 in
946 2466 1063 2535 pecunia
1080 2483 1137 2522 non
1156 2467 1247 2522 soluta
1264 2499 1298 2508 -
1316 2450 1411 2522 vemt
1427 2467 1486 2521 flor.

396 2544 416 2618 '„
487 2551 575 2607 tocius
594 2551 711 2607 diocesis
730 2552 951 2622 compoucncium
969 2553 1005 2607 ad
1023 2552 1141 2608 mediam
1159 2562 1265 2624 partem
1278 2554 1415 2609 fructuum
1437 2584 1464 2594 -
1487 2553 1519 2606 V.

405 2680 417 2704 „
488 2657 545 2694 uon
564 2640 788 2709 compoucncium
806 2641 836 2694 in
854 2640 928 2695 dicta
945 2640 1049 2696 diocesi
1069 2672 1101 2680 -
1122 2642 1185 2695 v1.¹·

370 2744 465 2812 Quoad
484 2762 604 2800 summas
624 2745 778 2815 praedictas
798 2744 868 2800 coni.
887 2745 993 2808 Kirsch,
1010 2742 1140 2800 Antiatem
1169 2749 1260 2815 lpag.
1282 2751 1390 2799 to-ta.

229 3130 321 3197 992.
349 3128 499 3195 Ubtstaas
522 3130 560 3194 dc
582 3130 669 3195 Nooc‘
691 3130 783 3195 Sedlo
804 3130 973 3214 suppl-icat,
1008 3137 1161 3213 quolenus
1193 3131 1255 3196 sibi
1276 3131 1314 3194 dc
1335 3129 1480 3213 beneficio
1509 3128 1735 3213 ecclesiastico,

429 3234 472 3299 ad
493 3234 688 3299 collationem
711 3234 894 3300 manosterii
910 3235 1111 3299 Pamucensis
1132 3239 1300 3319 spectante,
1319 3234 1536 3318 provideatur.

1033 3390 1128 3476 Apud
1157 3391 1393 3474 Villomnooom,
1418 3392 1504 3457 1359
1525 3391 1612 3461 latta·
1634 3395 1688 3459 21.

360 3584 525 3668 Supplicot
547 3583 587 3650 gs
613 3586 667 3650 11η
698 3584 827 3649 humilis
850 3591 957 3650 vester
980 3583 1129 3649 Vbislaus
1152 3583 1192 3648 de
1215 3583 1377 3648 Nouesedl
1408 3600 1530 3665 pauper
1559 3585 1735 3670 presbyter

232 3689 402 3772 Progensis
426 3690 516 3773 dioc,
539 3695 696 3770 quatenus
719 3689 780 3755 sibi
792 3688 930 3772 graciam
953 3688 1124 3771 specialem
1147 3686 1312 3761 iacientes
1337 3687 1376 3751 de
1400 3685 1553 3752 beneficio
1578 3689 1734 3755 ecclesia·

233 3794 314 3858 atico
338 3813 406 3858 cum
431 3812 506 3857 cura
529 3794 579 3857 vel
604 3795 671 3859 sine
695 3812 780 3876 cara,
804 3798 972 3876 spectante
996 3791 1203 3857 communiter
1233 3791 1283 3856 vel
1306 3791 1432 3855 divisim
1455 3791 1495 3855 ad
1525 3791 1735 3859 collacionem

231 3903 290 3962 etc.
314 3898 439 3962 abbatis
463 3903 497 3961 et
519 3904 693 3963 conventus
716 3897 900 3962 monasterii
934 3897 967 3961 in
989 3895 1110 3962 Pomuk
1134 3895 1253 3959 ordinis
1284 3894 1506 3960 cisterciensis
1530 3896 1615 3961 dicte
1640 3898 1734 3976 dioc,

231 4003 257 4066 si
281 4002 364 4081 quod
387 4007 479 4065 vacat
501 4002 541 4064 ad
564 4019 706 4083 presens,
730 4002 780 4065 vel
804 4020 874 4065 cum
903 4001 1072 4074 vacaverit,
1108 4001 1213 4063 eidem
1244 3999 1416 4080 dignemini
1446 3999 1624 4083 providere,
1660 4021 1732 4067 cum

231 4105 452 4186 accepcecione
475 4110 545 4184 etc,
572 4106 859 4183 nonobstantibus,
884 4105 968 4185 quud
991 4105 1074 4168 idem
1099 4105 1139 4169 ad
1155 4104 1358 4169 collacionem
1382 4121 1439 4168 seu
1455 4106 1733 4185 presentacionam

230 4210 353 4275 abbatis
376 4209 560 4273 monasterii
583 4210 615 4273 iu
639 4210 833 4294 Zabyrdouis
857 4210 977 4274 ordinis
1000 4209 1305 4274 Premonstratensis
1340 4207 1560 4273 Olomuceusis
1584 4210 1665 4276 dioc.
1699 4213 1732 4276 in

231 4313 330 4378 forma
353 4314 508 4379 communi
529 4332 705 4396 pauperum
729 4331 786 4396 per
809 4312 880 4378 sam
905 4313 984 4378 Vmn
1009 4313 1183 4396 predictam
1207 4332 1289 4377 anno
1311 4314 1413 4394 primo
1436 4311 1553 4377 factem
1583 4315 1729 4381 noscitur

231 4423 411 4500 expectare,
446 4436 539 4498 quam
562 4418 767 4483 collusionem
801 4418 862 4482 sibi
886 4418 964 4483 dicit
994 4418 1119 4482 omniuo
1149 4417 1306 4496 inutilem,
1341 4417 1425 4480 unde
1459 4417 1634 4499 dignemini
1669 4419 1730 4484 sibi

231 4524 346 4586 dictam
379 4523 515 4604 graciam
554 4523 594 4586 ad
629 4523 806 4604 predictum
848 4523 994 4587 abbatem
1035 4523 1068 4586 in
1102 4521 1222 4586 Pomuk
1255 4521 1421 4585 immutare
1455 4521 1506 4585 vel
1545 4521 1653 4586 saltim
1691 4523 1729 4587 de

231 4646 311 4691 rrovo
335 4627 502 4709 providere
525 4633 650 4691 etcum
685 4626 829 4692 omnibus
851 4646 913 4693 non
937 4626 1137 4693 obstantibus
1171 4632 1206 4690 et
1228 4626 1380 4691 clausulis
1410 4625 1576 4707 oportunis
1599 4631 1634 4690 et
1657 4644 1729 4691 exe-

230 4731 402 4795 catonibus

360 4852 432 4917 Fiat
456 4853 492 4917 G.
517 4853 560 4917 nt
582 4853 651 4918 siue
675 4854 738 4918 alia
760 4853 909 4919 leocioue.
933 4853 1006 4918 -Fiat
1029 4853 1065 4918 G.

359 4976 397 5040 Ι).
422 4975 506 5056 apud
530 4974 759 5039 Villamnouam
783 4976 1007 5040 Aninionensis
1031 4976 1109 5039 dioc.
1135 4975 1195 5039 Xll
1218 4975 1280 5039 kal.
1306 4975 1442 5057 Augusti
1466 4994 1495 5040 a.
1518 4976 1663 5058 septimo.

359 5146 391 5202 R.
412 5145 508 5216 Suppl.
527 5150 562 5198 ab
580 5143 629 5198 iol.
650 5147 717 5200 1³6⁵.
