<?xml version="1.0" encoding="UTF-8"?>
<!DOCTYPE html PUBLIC "-//W3C//DTD XHTML 1.0 Transitional//EN"
    "http://www.w3.org/TR/xhtml1/DTD/xhtml1-transitional.dtd">
<html xmlns="http://www.w3.org/1999/xhtml" xml:lang="en" lang="en">
 <head>
  <title>
</title>
<meta http-equiv="Content-Type" content="text/html;charset=utf-8" />
  <meta name='ocr-system' content='tesseract 3.04.00' />
  <meta name='ocr-capabilities' content='ocr_page ocr_carea ocr_par ocr_line ocrx_word'/>
</head>
<body>
  <div class='ocr_page' id='page_1' title='image "./monumentavatica00vatigoog_0399.png"; bbox 0 0 3944 6060; ppageno 0'>
   <div class='ocr_carea' id='block_1_1' title="bbox 243 371 1155 441">
    <p class='ocr_par' dir='ltr' id='par_1_1' title="bbox 243 371 1155 441">
     <span class='ocr_line' id='line_1_1' title="bbox 243 371 1155 441; baseline -0.02 0"><span class='ocrx_word' id='word_1_1' title='bbox 243 376 308 441; x_wconf 81' lang='lat'>346</span> <span class='ocrx_word' id='word_1_2' title='bbox 842 373 913 425; x_wconf 84' lang='lat' dir='ltr'>Acts</span> <span class='ocrx_word' id='word_1_3' title='bbox 935 371 1088 426; x_wconf 87' lang='lat' dir='ltr'>innocentii</span> <span class='ocrx_word' id='word_1_4' title='bbox 1109 372 1155 425; x_wconf 89' lang='lat' dir='ltr'>Vl.</span> 
     </span>
    </p>
   </div>
   <div class='ocr_carea' id='block_1_2' title="bbox 240 580 1760 870">
    <p class='ocr_par' dir='ltr' id='par_1_2' title="bbox 240 580 1760 870">
     <span class='ocr_line' id='line_1_2' title="bbox 241 580 1760 662; baseline -0.002 -16"><span class='ocrx_word' id='word_1_5' title='bbox 241 581 466 648; x_wconf 83' lang='lat' dir='ltr'>conterendam</span> <span class='ocrx_word' id='word_1_6' title='bbox 501 582 560 645; x_wconf 93' lang='lat' dir='ltr'>tibi</span> <span class='ocrx_word' id='word_1_7' title='bbox 585 631 591 645; x_wconf 92' lang='lat'>.</span> <span class='ocrx_word' id='word_1_8' title='bbox 612 633 618 645; x_wconf 92' lang='lat'>.</span> <span class='ocrx_word' id='word_1_9' title='bbox 640 631 672 644; x_wconf 94' lang='lat'>..</span> <span class='ocrx_word' id='word_1_10' title='bbox 707 581 873 645; x_wconf 89' lang='lat' dir='ltr'>donaciani</span> <span class='ocrx_word' id='word_1_11' title='bbox 905 581 1080 662; x_wconf 90' lang='lat' dir='ltr'>apostolice</span> <span class='ocrx_word' id='word_1_12' title='bbox 1117 598 1317 645; x_wconf 79' lang='lat' dir='ltr'><strong>reservamus</strong></span> <span class='ocrx_word' id='word_1_13' title='bbox 1337 630 1343 643; x_wconf 94' lang='lat'><strong><em>.</em></strong></span> <span class='ocrx_word' id='word_1_14' title='bbox 1365 632 1371 643; x_wconf 91' lang='lat'><strong>.</strong></span> <span class='ocrx_word' id='word_1_15' title='bbox 1392 633 1398 644; x_wconf 92' lang='lat'>.</span> <span class='ocrx_word' id='word_1_16' title='bbox 1420 630 1438 660; x_wconf 86' lang='lat'>.‚</span> <span class='ocrx_word' id='word_1_17' title='bbox 1463 600 1526 645; x_wconf 93' lang='lat' dir='ltr'>non</span> <span class='ocrx_word' id='word_1_18' title='bbox 1549 580 1760 646; x_wconf 76' lang='lat' dir='ltr'>obstantibus</span> 
     </span>
     <span class='ocr_line' id='line_1_3' title="bbox 243 684 1755 766; baseline -0.002 -15"><span class='ocrx_word' id='word_1_19' title='bbox 243 736 279 751; x_wconf 88' lang='lat'>..</span> <span class='ocrx_word' id='word_1_20' title='bbox 316 735 361 766; x_wconf 86' lang='lat'>..,</span> <span class='ocrx_word' id='word_1_21' title='bbox 385 686 469 766; x_wconf 89' lang='lat' dir='ltr'>quod</span> <span class='ocrx_word' id='word_1_22' title='bbox 492 685 524 748; x_wconf 89' lang='lat' dir='ltr'>in</span> <span class='ocrx_word' id='word_1_23' title='bbox 549 685 714 749; x_wconf 89' lang='lat' dir='ltr'>Bremensi</span> <span class='ocrx_word' id='word_1_24' title='bbox 745 704 814 748; x_wconf 89' lang='lat' dir='ltr'>cum</span> <span class='ocrx_word' id='word_1_25' title='bbox 846 684 1033 761; x_wconf 76' lang='lat' dir='ltr'>obediencia</span> <span class='ocrx_word' id='word_1_26' title='bbox 1055 690 1090 748; x_wconf 90' lang='lat' dir='ltr'>et</span> <span class='ocrx_word' id='word_1_27' title='bbox 1112 685 1144 747; x_wconf 93' lang='lat' dir='ltr'>in</span> <span class='ocrx_word' id='word_1_28' title='bbox 1175 685 1343 750; x_wconf 87' lang='lat' dir='ltr'>Lubicensi</span> <span class='ocrx_word' id='word_1_29' title='bbox 1366 685 1513 750; x_wconf 89' lang='lat' dir='ltr'>ecclesiis</span> <span class='ocrx_word' id='word_1_30' title='bbox 1543 685 1755 749; x_wconf 79' lang='lat' dir='ltr'>canonicatus</span> 
     </span>
     <span class='ocr_line' id='line_1_4' title="bbox 240 787 1663 870; baseline -0.001 -18"><span class='ocrx_word' id='word_1_31' title='bbox 240 794 277 853; x_wconf 90' lang='lat' dir='ltr'>et</span> <span class='ocrx_word' id='word_1_32' title='bbox 299 788 478 870; x_wconf 88' lang='lat' dir='ltr'>prebendas</span> <span class='ocrx_word' id='word_1_33' title='bbox 501 789 642 853; x_wconf 88' lang='lat' dir='ltr'>nosceris</span> <span class='ocrx_word' id='word_1_34' title='bbox 665 789 809 853; x_wconf 90' lang='lat' dir='ltr'>obtinere</span> <span class='ocrx_word' id='word_1_35' title='bbox 829 842 837 855; x_wconf 88' lang='lat'><strong>.</strong></span> <span class='ocrx_word' id='word_1_36' title='bbox 857 837 863 850; x_wconf 96' lang='lat'><strong>.</strong></span> <span class='ocrx_word' id='word_1_37' title='bbox 883 837 916 851; x_wconf 90' lang='lat'>..</span> <span class='ocrx_word' id='word_1_38' title='bbox 941 789 968 851; x_wconf 86' lang='lat' dir='ltr'>l)</span> <span class='ocrx_word' id='word_1_39' title='bbox 1002 787 1159 852; x_wconf 84' lang='lat' dir='ltr'>Auinione</span> <span class='ocrx_word' id='word_1_40' title='bbox 1176 787 1223 850; x_wconf 90' lang='lat'>111</span> <span class='ocrx_word' id='word_1_41' title='bbox 1245 788 1289 851; x_wconf 91' lang='lat' dir='ltr'>id.</span> <span class='ocrx_word' id='word_1_42' title='bbox 1306 788 1491 852; x_wconf 85' lang='lat' dir='ltr'>Decembris</span> <span class='ocrx_word' id='word_1_43' title='bbox 1515 806 1543 851; x_wconf 90' lang='lat' dir='ltr'>a.</span> <span class='ocrx_word' id='word_1_44' title='bbox 1561 794 1663 852; x_wconf 84' lang='lat' dir='ltr'>sexta.</span> 
     </span>
    </p>
   </div>
   <div class='ocr_carea' id='block_1_3' title="bbox 244 926 1757 1097">
    <p class='ocr_par' dir='ltr' id='par_1_3' title="bbox 244 926 1757 1097">
     <span class='ocr_line' id='line_1_5' title="bbox 372 926 1757 1009; baseline 0.001 -19"><span class='ocrx_word' id='word_1_45' title='bbox 372 927 409 990; x_wconf 92' lang='lat' dir='ltr'>In</span> <span class='ocrx_word' id='word_1_46' title='bbox 432 946 461 990; x_wconf 89' lang='lat' dir='ltr'>e.</span> <span class='ocrx_word' id='word_1_47' title='bbox 485 947 524 991; x_wconf 93' lang='lat' dir='ltr'>m.</span> <span class='ocrx_word' id='word_1_48' title='bbox 691 926 928 1008; x_wconf 88' lang='lat' dir='ltr'>archiepiscopo</span> <span class='ocrx_word' id='word_1_49' title='bbox 959 927 1090 1009; x_wconf 87' lang='lat' dir='ltr'>Rigensi</span> <span class='ocrx_word' id='word_1_50' title='bbox 1124 932 1158 989; x_wconf 89' lang='lat' dir='ltr'>et</span> <span class='ocrx_word' id='word_1_51' title='bbox 1176 977 1183 989; x_wconf 94' lang='lat'>.</span> <span class='ocrx_word' id='word_1_52' title='bbox 1204 976 1210 988; x_wconf 94' lang='lat'><strong><em>.</em></strong></span> <span class='ocrx_word' id='word_1_53' title='bbox 1230 973 1265 990; x_wconf 91' lang='lat'>..</span> <span class='ocrx_word' id='word_1_54' title='bbox 1296 926 1415 990; x_wconf 89' lang='lat' dir='ltr'>decano</span> <span class='ocrx_word' id='word_1_55' title='bbox 1447 944 1471 990; x_wconf 90' lang='lat' dir='ltr'>s.</span> <span class='ocrx_word' id='word_1_56' title='bbox 1496 926 1638 1008; x_wconf 81' lang='lat' dir='ltr'>Agricoli</span> <span class='ocrx_word' id='word_1_57' title='bbox 1663 944 1702 990; x_wconf 84' lang='lat' dir='ltr'>aa</span> <span class='ocrx_word' id='word_1_58' title='bbox 1722 978 1757 991; x_wconf 89' lang='lat'>..</span> 
     </span>
     <span class='ocr_line' id='line_1_6' title="bbox 244 1031 1057 1097; baseline -0.001 -3"><span class='ocrx_word' id='word_1_59' title='bbox 244 1031 378 1095; x_wconf 84' lang='lat' dir='ltr'>sacriste</span> <span class='ocrx_word' id='word_1_60' title='bbox 402 1031 533 1097; x_wconf 88' lang='lat' dir='ltr'>Maioris</span> <span class='ocrx_word' id='word_1_61' title='bbox 557 1032 819 1095; x_wconf 81' lang='lat' dir='ltr'>Aninionensium</span> <span class='ocrx_word' id='word_1_62' title='bbox 843 1031 1057 1094; x_wconf 88' lang='lat' dir='ltr'>ecclesiarum.</span> 
     </span>
    </p>
   </div>
   <div class='ocr_carea' id='block_1_4' title="bbox 377 1218 1023 1282">
    <p class='ocr_par' dir='ltr' id='par_1_4' title="bbox 377 1218 1023 1282">
     <span class='ocr_line' id='line_1_7' title="bbox 377 1218 1023 1282; baseline -0.005 -9"><span class='ocrx_word' id='word_1_63' title='bbox 377 1221 407 1273; x_wconf 80' lang='lat' dir='ltr'>n.</span> <span class='ocrx_word' id='word_1_64' title='bbox 426 1223 476 1272; x_wconf 75' lang='lat' dir='ltr'>Ar.</span> <span class='ocrx_word' id='word_1_65' title='bbox 497 1226 547 1274; x_wconf 80' lang='lat'>138</span> <span class='ocrx_word' id='word_1_66' title='bbox 568 1220 613 1272; x_wconf 86' lang='lat' dir='ltr'>fol.</span> <span class='ocrx_word' id='word_1_67' title='bbox 634 1225 703 1282; x_wconf 77' lang='lat'>218,</span> <span class='ocrx_word' id='word_1_68' title='bbox 722 1219 752 1270; x_wconf 91' lang='lat' dir='ltr'>R.</span> <span class='ocrx_word' id='word_1_69' title='bbox 772 1218 823 1272; x_wconf 83' lang='lat' dir='ltr'>Vnt</span> <span class='ocrx_word' id='word_1_70' title='bbox 852 1224 902 1272; x_wconf 82' lang='lat'>233</span> <span class='ocrx_word' id='word_1_71' title='bbox 916 1218 963 1271; x_wconf 91' lang='lat' dir='ltr'>fol.</span> <span class='ocrx_word' id='word_1_72' title='bbox 983 1225 1023 1273; x_wconf 84' lang='grc'>92.</span> 
     </span>
    </p>
   </div>
   <div class='ocr_carea' id='block_1_5' title="bbox 900 1429 1099 1439">
    <p class='ocr_par' dir='ltr' id='par_1_5' title="bbox 900 1429 1099 1439">
     <span class='ocr_line' id='line_1_8' title="bbox 900 1429 1099 1439; baseline 0.01 -2"><span class='ocrx_word' id='word_1_73' title='bbox 900 1429 1099 1439; x_wconf 75' lang='grc' dir='ltr'>ι·-</span> 
     </span>
    </p>
   </div>
   <div class='ocr_carea' id='block_1_6' title="bbox 241 1597 1759 1994">
    <p class='ocr_par' dir='ltr' id='par_1_6' title="bbox 242 1597 1758 1682">
     <span class='ocr_line' id='line_1_9' title="bbox 242 1597 1758 1682; baseline 0.002 -18"><span class='ocrx_word' id='word_1_74' title='bbox 242 1599 332 1665; x_wconf 75' lang='lat'><em>872.</em></span> <span class='ocrx_word' id='word_1_75' title='bbox 367 1598 507 1664; x_wconf 67' lang='lat' dir='ltr'>saldon</span> <span class='ocrx_word' id='word_1_76' title='bbox 530 1597 633 1661; x_wconf 86' lang='lat' dir='ltr'>Fortis</span> <span class='ocrx_word' id='word_1_77' title='bbox 656 1597 861 1682; x_wconf 84' lang='lat' dir='ltr'>conferuntur</span> <span class='ocrx_word' id='word_1_78' title='bbox 882 1599 1089 1664; x_wconf 76' lang='lat' dir='ltr'>canonicatus</span> <span class='ocrx_word' id='word_1_79' title='bbox 1113 1618 1152 1662; x_wconf 90' lang='lat' dir='ltr'>ac</span> <span class='ocrx_word' id='word_1_80' title='bbox 1173 1598 1358 1681; x_wconf 79' lang='lat' dir='ltr'>praebenda</span> <span class='ocrx_word' id='word_1_81' title='bbox 1380 1605 1409 1664; x_wconf 86' lang='lat' dir='ltr'>ct</span> <span class='ocrx_word' id='word_1_82' title='bbox 1432 1600 1583 1665; x_wconf 75' lang='lat' dir='ltr'>sacristia</span> <span class='ocrx_word' id='word_1_83' title='bbox 1606 1600 1758 1667; x_wconf 77' lang='lat' dir='ltr'>oeclesiac</span> 
     </span>
    </p>

    <p class='ocr_par' dir='ltr' id='par_1_7' title="bbox 243 1701 1759 1786">
     <span class='ocr_line' id='line_1_10' title="bbox 243 1701 1759 1786; baseline 0.001 -20"><span class='ocrx_word' id='word_1_84' title='bbox 243 1701 460 1782; x_wconf 82' lang='lat' dir='ltr'>Niverneusis,</span> <span class='ocrx_word' id='word_1_85' title='bbox 483 1722 558 1785; x_wconf 82' lang='lat' dir='ltr'>quos</span> <span class='ocrx_word' id='word_1_86' title='bbox 577 1721 639 1784; x_wconf 91' lang='lat' dir='ltr'>pro</span> <span class='ocrx_word' id='word_1_87' title='bbox 662 1701 737 1766; x_wconf 84' lang='lat' dir='ltr'>aliis</span> <span class='ocrx_word' id='word_1_88' title='bbox 758 1702 914 1784; x_wconf 79' lang='lat' dir='ltr'>beneficiis</span> <span class='ocrx_word' id='word_1_89' title='bbox 930 1703 1135 1786; x_wconf 85' lang='lat' dir='ltr'>pcrrnutaoit.</span> <span class='ocrx_word' id='word_1_90' title='bbox 1164 1702 1360 1784; x_wconf 80' lang='lat' dir='ltr'>„Apostolice</span> <span class='ocrx_word' id='word_1_91' title='bbox 1373 1704 1475 1768; x_wconf 82' lang='lat' dir='ltr'>seclis“</span> <span class='ocrx_word' id='word_1_92' title='bbox 1503 1703 1682 1784; x_wconf 78' lang='lat' dir='ltr'>„Aulularia</span> <span class='ocrx_word' id='word_1_93' title='bbox 1704 1705 1759 1768; x_wconf 85' lang='lat' dir='ltr'>XI</span> 
     </span>
    </p>

    <p class='ocr_par' dir='ltr' id='par_1_8' title="bbox 241 1802 1757 1994">
     <span class='ocr_line' id='line_1_11' title="bbox 241 1802 1757 1873; baseline 0.003 -6"><span class='ocrx_word' id='word_1_94' title='bbox 241 1802 304 1868; x_wconf 84' lang='lat' dir='ltr'>lral.</span> <span class='ocrx_word' id='word_1_95' title='bbox 327 1805 486 1872; x_wconf 83' lang='lat' dir='ltr'>Jauuarii</span> <span class='ocrx_word' id='word_1_96' title='bbox 508 1828 537 1868; x_wconf 89' lang='lat' dir='ltr'>a.</span> <span class='ocrx_word' id='word_1_97' title='bbox 562 1810 658 1871; x_wconf 80' lang='lat' dir='ltr'>serto.</span> <span class='ocrx_word' id='word_1_98' title='bbox 696 1842 738 1852; x_wconf 96' lang='lat'><em>-</em></span> <span class='ocrx_word' id='word_1_99' title='bbox 760 1807 800 1869; x_wconf 83' lang='lat' dir='ltr'>ln</span> <span class='ocrx_word' id='word_1_100' title='bbox 827 1828 852 1869; x_wconf 87' lang='lat' dir='ltr'>e.</span> <span class='ocrx_word' id='word_1_101' title='bbox 876 1829 917 1872; x_wconf 85' lang='lat' dir='ltr'>m.</span> <span class='ocrx_word' id='word_1_102' title='bbox 941 1807 1051 1870; x_wconf 87' lang='lat' dir='ltr'>abbati</span> <span class='ocrx_word' id='word_1_103' title='bbox 1071 1806 1257 1870; x_wconf 84' lang='lat' dir='ltr'>monasterii</span> <span class='ocrx_word' id='word_1_104' title='bbox 1278 1826 1303 1869; x_wconf 90' lang='lat' dir='ltr'>s.</span> <span class='ocrx_word' id='word_1_105' title='bbox 1328 1806 1467 1873; x_wconf 80' lang='lat' dir='ltr'>Martini</span> <span class='ocrx_word' id='word_1_106' title='bbox 1490 1806 1701 1872; x_wconf 82' lang='lat' dir='ltr'>Nioeruerisis</span> <span class='ocrx_word' id='word_1_107' title='bbox 1724 1813 1757 1872; x_wconf 85' lang='lat' dir='ltr'>el</span> 
     </span>
     <span class='ocr_line' id='line_1_12' title="bbox 355 1909 1397 1994; baseline 0.002 -23"><span class='ocrx_word' id='word_1_108' title='bbox 355 1946 389 1971; x_wconf 59' lang='lat' dir='ltr'>r:</span> <span class='ocrx_word' id='word_1_109' title='bbox 569 1909 791 1974; x_wconf 78' lang='lat' dir='ltr'>archidiacono</span> <span class='ocrx_word' id='word_1_110' title='bbox 814 1909 968 1990; x_wconf 76' lang='lat' dir='ltr'>Properasi</span> <span class='ocrx_word' id='word_1_111' title='bbox 986 1932 1024 1975; x_wconf 89' lang='lat' dir='ltr'>ac</span> <span class='ocrx_word' id='word_1_112' title='bbox 1044 1909 1180 1994; x_wconf 75' lang='lat' dir='ltr'>officiali</span> <span class='ocrx_word' id='word_1_113' title='bbox 1201 1910 1397 1974; x_wconf 84' lang='lat' dir='ltr'>Nioerrieusi.</span> 
     </span>
    </p>
   </div>
   <div class='ocr_carea' id='block_1_7' title="bbox 291 2001 1706 2128">
    <p class='ocr_par' dir='ltr' id='par_1_9' title="bbox 291 2001 1706 2128">
     <span class='ocr_line' id='line_1_13' title="bbox 291 2001 1706 2128; baseline 0.017 -38"><span class='ocrx_word' id='word_1_114' title='bbox 291 2032 341 2081; x_wconf 76' lang='lat' dir='ltr'>,x</span> <span class='ocrx_word' id='word_1_115' title='bbox 354 2001 401 2081; x_wconf 66' lang='grc' dir='ltr'>Ξ.</span> <span class='ocrx_word' id='word_1_116' title='bbox 875 2083 880 2097; x_wconf 89' lang='grc'><strong><em>.</em></strong></span> <span class='ocrx_word' id='word_1_117' title='bbox 1143 2049 1307 2128; x_wconf 59' lang='lat' dir='ltr'>Aciliam,</span> <span class='ocrx_word' id='word_1_118' title='bbox 1338 2051 1423 2114; x_wconf 82' lang='lat'><em>1358</em></span> <span class='ocrx_word' id='word_1_119' title='bbox 1445 2049 1629 2114; x_wconf 68' lang='lat' dir='ltr'>neaman</span> <span class='ocrx_word' id='word_1_120' title='bbox 1652 2055 1706 2116; x_wconf 81' lang='lat'>22.</span> 
     </span>
    </p>
   </div>
   <div class='ocr_carea' id='block_1_8' title="bbox 372 2238 693 2292">
    <p class='ocr_par' dir='ltr' id='par_1_10' title="bbox 372 2238 693 2292">
     <span class='ocr_line' id='line_1_14' title="bbox 372 2238 693 2292; baseline -0.006 -1"><span class='ocrx_word' id='word_1_121' title='bbox 372 2238 404 2291; x_wconf 87' lang='lat' dir='ltr'>R.</span> <span class='ocrx_word' id='word_1_122' title='bbox 423 2240 472 2290; x_wconf 79' lang='lat' dir='ltr'>Ar.</span> <span class='ocrx_word' id='word_1_123' title='bbox 499 2244 548 2292; x_wconf 89' lang='lat'>138</span> <span class='ocrx_word' id='word_1_124' title='bbox 567 2238 613 2292; x_wconf 85' lang='lat' dir='ltr'>sol.</span> <span class='ocrx_word' id='word_1_125' title='bbox 633 2243 693 2291; x_wconf 80' lang='grc'><strong>597.</strong></span> 
     </span>
    </p>
   </div>
   <div class='ocr_carea' id='block_1_9' title="bbox 894 2410 1100 2425">
    <p class='ocr_par' dir='ltr' id='par_1_11' title="bbox 894 2410 1100 2425">
     <span class='ocr_line' id='line_1_15' title="bbox 894 2410 1100 2425; baseline -0.005 -4"><span class='ocrx_word' id='word_1_126' title='bbox 894 2410 1100 2425; x_wconf 72' lang='grc' dir='ltr'>-μ-ι</span> 
     </span>
    </p>
   </div>
   <div class='ocr_carea' id='block_1_10' title="bbox 240 2581 1754 2771">
    <p class='ocr_par' dir='ltr' id='par_1_12' title="bbox 240 2581 1754 2771">
     <span class='ocr_line' id='line_1_16' title="bbox 240 2581 1754 2667; baseline 0.001 -18"><span class='ocrx_word' id='word_1_127' title='bbox 240 2584 332 2650; x_wconf 73' lang='grc'><strong><em>873.</em></strong></span> <span class='ocrx_word' id='word_1_128' title='bbox 377 2581 525 2649; x_wconf 77' lang='lat' dir='ltr'>Albrrtus</span> <span class='ocrx_word' id='word_1_129' title='bbox 555 2582 714 2649; x_wconf 85' lang='lat' dir='ltr'>Bcbuslai</span> <span class='ocrx_word' id='word_1_130' title='bbox 736 2585 774 2647; x_wconf 75' lang='lat' dir='ltr'>alc</span> <span class='ocrx_word' id='word_1_131' title='bbox 811 2584 913 2649; x_wconf 80' lang='lat' dir='ltr'>Liticr</span> <span class='ocrx_word' id='word_1_132' title='bbox 942 2583 1110 2667; x_wconf 76' lang='lat' dir='ltr'>supplicat,</span> <span class='ocrx_word' id='word_1_133' title='bbox 1143 2586 1297 2665; x_wconf 82' lang='lat' dir='ltr'>quatenus</span> <span class='ocrx_word' id='word_1_134' title='bbox 1325 2584 1468 2665; x_wconf 84' lang='lat' dir='ltr'>provisio</span> <span class='ocrx_word' id='word_1_135' title='bbox 1501 2583 1539 2648; x_wconf 76' lang='lat' dir='ltr'>cle</span> <span class='ocrx_word' id='word_1_136' title='bbox 1562 2584 1754 2667; x_wconf 79' lang='lat' dir='ltr'>praebenda</span> 
     </span>
     <span class='ocr_line' id='line_1_17' title="bbox 284 2685 1706 2771; baseline 0.004 -21"><span class='ocrx_word' id='word_1_137' title='bbox 284 2685 428 2752; x_wconf 83' lang='lat' dir='ltr'>ecclesiae</span> <span class='ocrx_word' id='word_1_138' title='bbox 450 2688 625 2769; x_wconf 79' lang='lat' dir='ltr'>Prapcasis</span> <span class='ocrx_word' id='word_1_139' title='bbox 647 2687 711 2752; x_wconf 86' lang='lat' dir='ltr'>sibi</span> <span class='ocrx_word' id='word_1_140' title='bbox 726 2690 823 2766; x_wconf 82' lang='lat' dir='ltr'>facta</span> <span class='ocrx_word' id='word_1_141' title='bbox 846 2687 953 2751; x_wconf 86' lang='lat' dir='ltr'>ualeat</span> <span class='ocrx_word' id='word_1_142' title='bbox 976 2690 1032 2751; x_wconf 93' lang='lat' dir='ltr'>aut</span> <span class='ocrx_word' id='word_1_143' title='bbox 1054 2686 1116 2750; x_wconf 85' lang='lat' dir='ltr'>sibi</span> <span class='ocrx_word' id='word_1_144' title='bbox 1138 2686 1176 2749; x_wconf 83' lang='lat' dir='ltr'>dc</span> <span class='ocrx_word' id='word_1_145' title='bbox 1198 2685 1307 2750; x_wconf 82' lang='lat' dir='ltr'>cadem</span> <span class='ocrx_word' id='word_1_146' title='bbox 1329 2687 1366 2751; x_wconf 81' lang='lat' dir='ltr'>cle</span> <span class='ocrx_word' id='word_1_147' title='bbox 1388 2707 1465 2751; x_wconf 79' lang='lat' dir='ltr'>novo</span> <span class='ocrx_word' id='word_1_148' title='bbox 1482 2689 1706 2771; x_wconf 79' lang='lat' dir='ltr'>provideatur.</span> 
     </span>
    </p>
   </div>
   <div class='ocr_carea' id='block_1_11' title="bbox 1157 2823 1705 2895">
    <p class='ocr_par' dir='ltr' id='par_1_13' title="bbox 1157 2823 1705 2895">
     <span class='ocr_line' id='line_1_18' title="bbox 1157 2823 1705 2895; baseline 0.004 -8"><span class='ocrx_word' id='word_1_149' title='bbox 1157 2823 1321 2895; x_wconf 83' lang='lat' dir='ltr'>Aviuiouc,</span> <span class='ocrx_word' id='word_1_150' title='bbox 1344 2825 1430 2888; x_wconf 77' lang='lat'><em>1358</em></span> <span class='ocrx_word' id='word_1_151' title='bbox 1447 2825 1628 2890; x_wconf 77' lang='lat' dir='ltr'>Decembris</span> <span class='ocrx_word' id='word_1_152' title='bbox 1650 2827 1705 2889; x_wconf 81' lang='lat'>28.</span> 
     </span>
    </p>
   </div>
   <div class='ocr_carea' id='block_1_12' title="bbox 233 3013 1754 4446">
    <p class='ocr_par' dir='ltr' id='par_1_14' title="bbox 233 3013 1754 4446">
     <span class='ocr_line' id='line_1_19' title="bbox 370 3013 1753 3096; baseline 0.004 -20"><span class='ocrx_word' id='word_1_153' title='bbox 370 3013 450 3077; x_wconf 92' lang='lat' dir='ltr'>ltem</span> <span class='ocrx_word' id='word_1_154' title='bbox 475 3032 545 3077; x_wconf 90' lang='lat' dir='ltr'>cum</span> <span class='ocrx_word' id='word_1_155' title='bbox 568 3013 719 3078; x_wconf 84' lang='lat' dir='ltr'>Albertus</span> <span class='ocrx_word' id='word_1_156' title='bbox 732 3015 864 3079; x_wconf 81' lang='lat' dir='ltr'>corrdaru</span> <span class='ocrx_word' id='word_1_157' title='bbox 888 3013 1049 3095; x_wconf 89' lang='lat' dir='ltr'>Bohaslay</span> <span class='ocrx_word' id='word_1_158' title='bbox 1073 3013 1111 3076; x_wconf 84' lang='lat' dir='ltr'>de</span> <span class='ocrx_word' id='word_1_159' title='bbox 1136 3013 1274 3093; x_wconf 82' lang='lat' dir='ltr'>Bacuz·)</span> <span class='ocrx_word' id='word_1_160' title='bbox 1300 3013 1407 3096; x_wconf 90' lang='lat' dir='ltr'>vigore</span> <span class='ocrx_word' id='word_1_161' title='bbox 1420 3014 1601 3079; x_wconf 86' lang='lat' dir='ltr'>litterarum</span> <span class='ocrx_word' id='word_1_162' title='bbox 1624 3023 1753 3081; x_wconf 87' lang='lat' dir='ltr'>vestra·</span> 
     </span>
     <span class='ocr_line' id='line_1_20' title="bbox 239 3116 1752 3199; baseline 0.003 -19"><span class='ocrx_word' id='word_1_163' title='bbox 239 3136 319 3194; x_wconf 88' lang='lat' dir='ltr'>rum,</span> <span class='ocrx_word' id='word_1_164' title='bbox 352 3137 411 3199; x_wconf 91' lang='lat' dir='ltr'>per</span> <span class='ocrx_word' id='word_1_165' title='bbox 444 3136 522 3197; x_wconf 84' lang='lat' dir='ltr'>quas</span> <span class='ocrx_word' id='word_1_166' title='bbox 557 3118 776 3183; x_wconf 87' lang='lat' dir='ltr'>canonicatum</span> <span class='ocrx_word' id='word_1_167' title='bbox 810 3118 946 3181; x_wconf 89' lang='lat' dir='ltr'>ecclesie</span> <span class='ocrx_word' id='word_1_168' title='bbox 979 3116 1150 3198; x_wconf 91' lang='lat' dir='ltr'>Pragensis</span> <span class='ocrx_word' id='word_1_169' title='bbox 1181 3116 1338 3199; x_wconf 84' lang='lat' dir='ltr'>obtinens,</span> <span class='ocrx_word' id='word_1_170' title='bbox 1366 3119 1559 3198; x_wconf 86' lang='lat' dir='ltr'>prebendam</span> <span class='ocrx_word' id='word_1_171' title='bbox 1589 3119 1671 3185; x_wconf 87' lang='lat' dir='ltr'>inibi</span> <span class='ocrx_word' id='word_1_172' title='bbox 1694 3137 1752 3184; x_wconf 86' lang='lat' dir='ltr'>ex-</span> 
     </span>
     <span class='ocr_line' id='line_1_21' title="bbox 240 3220 1754 3304; baseline 0.004 -20"><span class='ocrx_word' id='word_1_173' title='bbox 240 3221 451 3303; x_wconf 67' lang='lat' dir='ltr'>spectabatb,</span> <span class='ocrx_word' id='word_1_174' title='bbox 476 3223 667 3303; x_wconf 88' lang='lat' dir='ltr'>prebendam</span> <span class='ocrx_word' id='word_1_175' title='bbox 703 3240 778 3285; x_wconf 90' lang='lat' dir='ltr'>vero</span> <span class='ocrx_word' id='word_1_176' title='bbox 812 3222 930 3286; x_wconf 89' lang='lat' dir='ltr'>ibidem</span> <span class='ocrx_word' id='word_1_177' title='bbox 963 3239 1022 3303; x_wconf 89' lang='lat' dir='ltr'>per</span> <span class='ocrx_word' id='word_1_178' title='bbox 1055 3220 1175 3284; x_wconf 91' lang='lat' dir='ltr'>obitum</span> <span class='ocrx_word' id='word_1_179' title='bbox 1207 3222 1363 3300; x_wconf 86' lang='lat' dir='ltr'>quandam</span> <span class='ocrx_word' id='word_1_180' title='bbox 1394 3222 1526 3304; x_wconf 88' lang='lat' dir='ltr'>Nicolay</span> <span class='ocrx_word' id='word_1_181' title='bbox 1549 3223 1589 3287; x_wconf 92' lang='lat' dir='ltr'>de</span> <span class='ocrx_word' id='word_1_182' title='bbox 1613 3223 1754 3290; x_wconf 81' lang='lat' dir='ltr'>Pateuia</span> 
     </span>
     <span class='ocr_line' id='line_1_22' title="bbox 238 3325 1752 3409; baseline 0.002 -20"><span class='ocrx_word' id='word_1_183' title='bbox 238 3325 340 3407; x_wconf 90' lang='lat' dir='ltr'>ipsius</span> <span class='ocrx_word' id='word_1_184' title='bbox 363 3326 498 3391; x_wconf 87' lang='lat' dir='ltr'>ecclesie</span> <span class='ocrx_word' id='word_1_185' title='bbox 522 3326 672 3408; x_wconf 85' lang='lat' dir='ltr'>canonici,</span> <span class='ocrx_word' id='word_1_186' title='bbox 696 3327 750 3406; x_wconf 90' lang='lat' dir='ltr'>qui</span> <span class='ocrx_word' id='word_1_187' title='bbox 777 3333 868 3390; x_wconf 86' lang='lat' dir='ltr'>extra</span> <span class='ocrx_word' id='word_1_188' title='bbox 901 3326 1074 3390; x_wconf 87' lang='lat' dir='ltr'>Romanam</span> <span class='ocrx_word' id='word_1_189' title='bbox 1093 3325 1211 3388; x_wconf 88' lang='lat' dir='ltr'>curiam</span> <span class='ocrx_word' id='word_1_190' title='bbox 1242 3326 1391 3407; x_wconf 75' lang='lat' dir='ltr'>decessit</span> <span class='ocrx_word' id='word_1_191' title='bbox 1415 3333 1580 3391; x_wconf 84' lang='lat' dir='ltr'>vacantem</span> <span class='ocrx_word' id='word_1_192' title='bbox 1603 3327 1752 3409; x_wconf 86' lang='lat' dir='ltr'>legitime</span> 
     </span>
     <span class='ocr_line' id='line_1_23' title="bbox 239 3428 1752 3512; baseline 0.004 -20"><span class='ocrx_word' id='word_1_193' title='bbox 239 3430 418 3511; x_wconf 87' lang='lat' dir='ltr'>acceptarit</span> <span class='ocrx_word' id='word_1_194' title='bbox 441 3437 475 3494; x_wconf 90' lang='lat' dir='ltr'>et</span> <span class='ocrx_word' id='word_1_195' title='bbox 498 3431 537 3494; x_wconf 88' lang='lat' dir='ltr'>de</span> <span class='ocrx_word' id='word_1_196' title='bbox 560 3430 617 3494; x_wconf 86' lang='lat' dir='ltr'>illa</span> <span class='ocrx_word' id='word_1_197' title='bbox 640 3431 701 3495; x_wconf 88' lang='lat' dir='ltr'>sibi</span> <span class='ocrx_word' id='word_1_198' title='bbox 725 3430 885 3512; x_wconf 88' lang='lat' dir='ltr'>provideri</span> <span class='ocrx_word' id='word_1_199' title='bbox 923 3428 1001 3492; x_wconf 85' lang='lat' dir='ltr'>lecit</span> <span class='ocrx_word' id='word_1_200' title='bbox 1038 3429 1202 3509; x_wconf 85' lang='lat' dir='ltr'>ipsamque</span> <span class='ocrx_word' id='word_1_201' title='bbox 1236 3428 1419 3495; x_wconf 88' lang='lat' dir='ltr'>huiusmodi</span> <span class='ocrx_word' id='word_1_202' title='bbox 1453 3431 1690 3512; x_wconf 88' lang='lat' dir='ltr'>acceptacionis</span> <span class='ocrx_word' id='word_1_203' title='bbox 1715 3438 1752 3498; x_wconf 89' lang='lat' dir='ltr'>et</span> 
     </span>
     <span class='ocr_line' id='line_1_24' title="bbox 237 3532 1753 3617; baseline 0.003 -20"><span class='ocrx_word' id='word_1_204' title='bbox 237 3534 428 3616; x_wconf 85' lang='lat' dir='ltr'>provisionis</span> <span class='ocrx_word' id='word_1_205' title='bbox 451 3535 559 3617; x_wconf 88' lang='lat' dir='ltr'>vigore</span> <span class='ocrx_word' id='word_1_206' title='bbox 583 3541 674 3599; x_wconf 90' lang='lat' dir='ltr'>tenet</span> <span class='ocrx_word' id='word_1_207' title='bbox 696 3542 731 3598; x_wconf 91' lang='lat' dir='ltr'>et</span> <span class='ocrx_word' id='word_1_208' title='bbox 753 3535 897 3614; x_wconf 80' lang='lat' dir='ltr'>possidet</span> <span class='ocrx_word' id='word_1_209' title='bbox 919 3532 1048 3614; x_wconf 86' lang='lat' dir='ltr'>pacifice</span> <span class='ocrx_word' id='word_1_210' title='bbox 1072 3539 1106 3596; x_wconf 95' lang='lat' dir='ltr'>et</span> <span class='ocrx_word' id='word_1_211' title='bbox 1129 3533 1236 3612; x_wconf 87' lang='lat' dir='ltr'>quiete</span> <span class='ocrx_word' id='word_1_212' title='bbox 1259 3541 1291 3596; x_wconf 93' lang='lat' dir='ltr'>et</span> <span class='ocrx_word' id='word_1_213' title='bbox 1317 3533 1421 3597; x_wconf 90' lang='lat' dir='ltr'>dictus</span> <span class='ocrx_word' id='word_1_214' title='bbox 1445 3533 1596 3599; x_wconf 86' lang='lat' dir='ltr'>Albertus</span> <span class='ocrx_word' id='word_1_215' title='bbox 1619 3535 1753 3602; x_wconf 82' lang='lat' dir='ltr'>dubitet</span> 
     </span>
     <span class='ocr_line' id='line_1_25' title="bbox 237 3637 1752 3725; baseline 0.003 -25"><span class='ocrx_word' id='word_1_216' title='bbox 237 3637 371 3702; x_wconf 87' lang='lat' dir='ltr'>alicuius</span> <span class='ocrx_word' id='word_1_217' title='bbox 395 3639 625 3703; x_wconf 87' lang='lat' dir='ltr'>reservaaionis</span> <span class='ocrx_word' id='word_1_218' title='bbox 647 3643 796 3720; x_wconf 85' lang='lat' dir='ltr'>pretextu</span> <span class='ocrx_word' id='word_1_219' title='bbox 821 3656 917 3719; x_wconf 90' lang='lat' dir='ltr'>snper</span> <span class='ocrx_word' id='word_1_220' title='bbox 939 3638 1008 3719; x_wconf 85' lang='lat' dir='ltr'>ipsu</span> <span class='ocrx_word' id='word_1_221' title='bbox 1033 3637 1194 3718; x_wconf 88' lang='lat' dir='ltr'>prebenda</span> <span class='ocrx_word' id='word_1_222' title='bbox 1224 3637 1432 3718; x_wconf 88' lang='lat' dir='ltr'>imposterum</span> <span class='ocrx_word' id='word_1_223' title='bbox 1454 3655 1549 3720; x_wconf 90' lang='lat' dir='ltr'>posse</span> <span class='ocrx_word' id='word_1_224' title='bbox 1572 3638 1752 3725; x_wconf 80' lang='lat' dir='ltr'>molestari,</span> 
     </span>
     <span class='ocr_line' id='line_1_26' title="bbox 237 3741 1752 3824; baseline 0.002 -19"><span class='ocrx_word' id='word_1_225' title='bbox 237 3741 397 3824; x_wconf 90' lang='lat' dir='ltr'>supplicat</span> <span class='ocrx_word' id='word_1_226' title='bbox 419 3743 523 3806; x_wconf 90' lang='lat' dir='ltr'>eidem</span> <span class='ocrx_word' id='word_1_227' title='bbox 547 3741 586 3806; x_wconf 72' lang='lat' dir='ltr'>Sti</span> <span class='ocrx_word' id='word_1_228' title='bbox 605 3743 667 3824; x_wconf 55' lang='lat' dir='ltr'>Vm,</span> <span class='ocrx_word' id='word_1_229' title='bbox 691 3747 848 3823; x_wconf 90' lang='lat' dir='ltr'>qnatenus</span> <span class='ocrx_word' id='word_1_230' title='bbox 864 3741 1120 3823; x_wconf 88' lang='lat' dir='ltr'>acceptacionem</span> <span class='ocrx_word' id='word_1_231' title='bbox 1145 3746 1178 3804; x_wconf 89' lang='lat' dir='ltr'>et</span> <span class='ocrx_word' id='word_1_232' title='bbox 1200 3741 1412 3821; x_wconf 84' lang='lat' dir='ltr'>provisionem</span> <span class='ocrx_word' id='word_1_233' title='bbox 1437 3741 1597 3823; x_wconf 88' lang='lat' dir='ltr'>predictas</span> <span class='ocrx_word' id='word_1_234' title='bbox 1620 3749 1656 3806; x_wconf 90' lang='lat' dir='ltr'>et</span> <span class='ocrx_word' id='word_1_235' title='bbox 1683 3743 1752 3808; x_wconf 87' lang='lat' dir='ltr'>alia</span> 
     </span>
     <span class='ocr_line' id='line_1_27' title="bbox 236 3844 1749 3928; baseline 0.002 -19"><span class='ocrx_word' id='word_1_236' title='bbox 236 3845 311 3909; x_wconf 88' lang='lat' dir='ltr'>inde</span> <span class='ocrx_word' id='word_1_237' title='bbox 335 3854 447 3910; x_wconf 87' lang='lat' dir='ltr'>secuta</span> <span class='ocrx_word' id='word_1_238' title='bbox 470 3847 644 3928; x_wconf 86' lang='lat' dir='ltr'>dignemini</span> <span class='ocrx_word' id='word_1_239' title='bbox 667 3865 729 3912; x_wconf 92' lang='lat' dir='ltr'>uon</span> <span class='ocrx_word' id='word_1_240' title='bbox 764 3848 912 3911; x_wconf 85' lang='lat' dir='ltr'>abstante</span> <span class='ocrx_word' id='word_1_241' title='bbox 947 3844 1169 3910; x_wconf 85' lang='lat' dir='ltr'>reservacione</span> <span class='ocrx_word' id='word_1_242' title='bbox 1204 3863 1389 3925; x_wconf 89' lang='lat' dir='ltr'>quacunque</span> <span class='ocrx_word' id='word_1_243' title='bbox 1413 3845 1586 3910; x_wconf 90' lang='lat' dir='ltr'>decernere</span> <span class='ocrx_word' id='word_1_244' title='bbox 1608 3846 1749 3928; x_wconf 91' lang='lat' dir='ltr'>perinde</span> 
     </span>
     <span class='ocr_line' id='line_1_28' title="bbox 236 3949 1751 4031; baseline 0.002 -17"><span class='ocrx_word' id='word_1_245' title='bbox 236 3950 353 4022; x_wconf 86' lang='lat' dir='ltr'>valere,</span> <span class='ocrx_word' id='word_1_246' title='bbox 378 3951 429 4014; x_wconf 90' lang='lat' dir='ltr'>vel</span> <span class='ocrx_word' id='word_1_247' title='bbox 453 3952 513 4015; x_wconf 90' lang='lat' dir='ltr'>sibi</span> <span class='ocrx_word' id='word_1_248' title='bbox 537 3951 576 4014; x_wconf 88' lang='lat' dir='ltr'>de</span> <span class='ocrx_word' id='word_1_249' title='bbox 606 3952 671 4030; x_wconf 87' lang='lat' dir='ltr'>illa,</span> <span class='ocrx_word' id='word_1_250' title='bbox 705 3951 733 4016; x_wconf 91' lang='lat' dir='ltr'>si</span> <span class='ocrx_word' id='word_1_251' title='bbox 764 3952 806 4014; x_wconf 88' lang='lat' dir='ltr'>sit</span> <span class='ocrx_word' id='word_1_252' title='bbox 836 3949 1072 4030; x_wconf 89' lang='lat' dir='ltr'>quomodolibet</span> <span class='ocrx_word' id='word_1_253' title='bbox 1102 3955 1275 4030; x_wconf 83' lang='lat' dir='ltr'>reservata,</span> <span class='ocrx_word' id='word_1_254' title='bbox 1300 3951 1339 4012; x_wconf 79' lang='lat' dir='ltr'>cle</span> <span class='ocrx_word' id='word_1_255' title='bbox 1369 3968 1450 4014; x_wconf 86' lang='lat' dir='ltr'>novo</span> <span class='ocrx_word' id='word_1_256' title='bbox 1480 3950 1659 4031; x_wconf 84' lang='lat' dir='ltr'>providere,</span> <span class='ocrx_word' id='word_1_257' title='bbox 1683 3969 1751 4017; x_wconf 91' lang='lat' dir='ltr'>nou</span> 
     </span>
     <span class='ocr_line' id='line_1_29' title="bbox 233 4053 1751 4135; baseline 0.003 -19"><span class='ocrx_word' id='word_1_258' title='bbox 233 4054 393 4135; x_wconf 86' lang='lat' dir='ltr'>obstante,</span> <span class='ocrx_word' id='word_1_259' title='bbox 417 4055 501 4134; x_wconf 89' lang='lat' dir='ltr'>quod</span> <span class='ocrx_word' id='word_1_260' title='bbox 525 4055 713 4118; x_wconf 88' lang='lat' dir='ltr'>decanatum</span> <span class='ocrx_word' id='word_1_261' title='bbox 737 4055 769 4117; x_wconf 92' lang='lat' dir='ltr'>in</span> <span class='ocrx_word' id='word_1_262' title='bbox 805 4072 830 4116; x_wconf 93' lang='lat' dir='ltr'>s.</span> <span class='ocrx_word' id='word_1_263' title='bbox 854 4054 961 4135; x_wconf 84' lang='lat' dir='ltr'>Egidii</span> <span class='ocrx_word' id='word_1_264' title='bbox 985 4053 1155 4135; x_wconf 86' lang='lat' dir='ltr'>Pragensis</span> <span class='ocrx_word' id='word_1_265' title='bbox 1190 4072 1226 4115; x_wconf 90' lang='lat' dir='ltr'>ac</span> <span class='ocrx_word' id='word_1_266' title='bbox 1250 4053 1468 4117; x_wconf 89' lang='lat' dir='ltr'>canonicatum</span> <span class='ocrx_word' id='word_1_267' title='bbox 1492 4060 1526 4117; x_wconf 88' lang='lat' dir='ltr'>et</span> <span class='ocrx_word' id='word_1_268' title='bbox 1548 4054 1751 4135; x_wconf 84' lang='lat' dir='ltr'>prebendam</span> 
     </span>
     <span class='ocr_line' id='line_1_30' title="bbox 235 4156 1750 4240; baseline 0.003 -21"><span class='ocrx_word' id='word_1_269' title='bbox 235 4174 305 4219; x_wconf 90' lang='lat' dir='ltr'>cum</span> <span class='ocrx_word' id='word_1_270' title='bbox 336 4157 543 4238; x_wconf 91' lang='lat' dir='ltr'>prestimonio</span> <span class='ocrx_word' id='word_1_271' title='bbox 578 4157 657 4222; x_wconf 86' lang='lat' dir='ltr'>alias</span> <span class='ocrx_word' id='word_1_272' title='bbox 691 4157 878 4222; x_wconf 89' lang='lat' dir='ltr'>obediencia</span> <span class='ocrx_word' id='word_1_273' title='bbox 910 4164 1091 4237; x_wconf 90' lang='lat' dir='ltr'>nuncupato</span> <span class='ocrx_word' id='word_1_274' title='bbox 1125 4156 1159 4218; x_wconf 94' lang='lat' dir='ltr'>in</span> <span class='ocrx_word' id='word_1_275' title='bbox 1193 4156 1450 4238; x_wconf 88' lang='lat' dir='ltr'>Wissegradensi</span> <span class='ocrx_word' id='word_1_276' title='bbox 1485 4175 1584 4238; x_wconf 92' lang='lat' dir='ltr'>prope</span> <span class='ocrx_word' id='word_1_277' title='bbox 1609 4157 1750 4240; x_wconf 84' lang='lat' dir='ltr'>Pragam</span> 
     </span>
     <span class='ocr_line' id='line_1_31' title="bbox 234 4259 1740 4343; baseline 0.003 -20"><span class='ocrx_word' id='word_1_278' title='bbox 234 4260 380 4324; x_wconf 92' lang='lat' dir='ltr'>ecclesiis</span> <span class='ocrx_word' id='word_1_279' title='bbox 404 4260 527 4324; x_wconf 89' lang='lat' dir='ltr'>obtinet</span> <span class='ocrx_word' id='word_1_280' title='bbox 543 4267 578 4324; x_wconf 89' lang='lat' dir='ltr'>et</span> <span class='ocrx_word' id='word_1_281' title='bbox 600 4280 696 4343; x_wconf 87' lang='lat' dir='ltr'>super</span> <span class='ocrx_word' id='word_1_282' title='bbox 718 4262 853 4341; x_wconf 87' lang='lat' dir='ltr'>quadum</span> <span class='ocrx_word' id='word_1_283' title='bbox 869 4261 988 4324; x_wconf 86' lang='lat' dir='ltr'>vicaria</span> <span class='ocrx_word' id='word_1_284' title='bbox 1010 4259 1192 4324; x_wconf 87' lang='lat' dir='ltr'>inecclesia</span> <span class='ocrx_word' id='word_1_285' title='bbox 1212 4259 1363 4342; x_wconf 85' lang='lat' dir='ltr'>Pragensi</span> <span class='ocrx_word' id='word_1_286' title='bbox 1395 4260 1428 4323; x_wconf 92' lang='lat' dir='ltr'>in</span> <span class='ocrx_word' id='word_1_287' title='bbox 1451 4261 1574 4342; x_wconf 88' lang='lat' dir='ltr'>palacia</span> <span class='ocrx_word' id='word_1_288' title='bbox 1599 4259 1656 4325; x_wconf 72' lang='lat'>5²¹³</span> <span class='ocrx_word' id='word_1_289' title='bbox 1681 4263 1740 4327; x_wconf 67' lang='lat' dir='ltr'>Vf⁶</span> 
     </span>
     <span class='ocr_line' id='line_1_32' title="bbox 233 4364 1166 4446; baseline 0.002 -20"><span class='ocrx_word' id='word_1_290' title='bbox 233 4364 349 4446; x_wconf 77' lang='lat' dir='ltr'>litiget,</span> <span class='ocrx_word' id='word_1_291' title='bbox 373 4384 442 4429; x_wconf 91' lang='lat' dir='ltr'>cum</span> <span class='ocrx_word' id='word_1_292' title='bbox 465 4365 744 4430; x_wconf 88' lang='lat' dir='ltr'>nonobstantibus</span> <span class='ocrx_word' id='word_1_293' title='bbox 768 4371 801 4428; x_wconf 90' lang='lat' dir='ltr'>et</span> <span class='ocrx_word' id='word_1_294' title='bbox 818 4364 968 4428; x_wconf 86' lang='lat' dir='ltr'>clausulis</span> <span class='ocrx_word' id='word_1_295' title='bbox 992 4364 1166 4446; x_wconf 89' lang='lat' dir='ltr'>oportunis.</span> 
     </span>
    </p>
   </div>
   <div class='ocr_carea' id='block_1_13' title="bbox 231 4607 1750 4895">
    <p class='ocr_par' dir='ltr' id='par_1_15' title="bbox 231 4607 1750 4895">
     <span class='ocr_line' id='line_1_33' title="bbox 363 4607 1749 4689; baseline 0.003 -18"><span class='ocrx_word' id='word_1_296' title='bbox 363 4607 567 4672; x_wconf 84' lang='lat' dir='ltr'>Sanctissime</span> <span class='ocrx_word' id='word_1_297' title='bbox 591 4614 691 4688; x_wconf 85' lang='lat' dir='ltr'>pater,</span> <span class='ocrx_word' id='word_1_298' title='bbox 716 4607 889 4689; x_wconf 83' lang='lat' dir='ltr'>dignemini</span> <span class='ocrx_word' id='word_1_299' title='bbox 925 4625 1033 4671; x_wconf 91' lang='lat' dir='ltr'>omnes</span> <span class='ocrx_word' id='word_1_300' title='bbox 1068 4614 1102 4670; x_wconf 88' lang='lat' dir='ltr'>et</span> <span class='ocrx_word' id='word_1_301' title='bbox 1124 4607 1266 4688; x_wconf 84' lang='lat' dir='ltr'>singulas</span> <span class='ocrx_word' id='word_1_302' title='bbox 1300 4608 1462 4689; x_wconf 88' lang='lat' dir='ltr'>predictas</span> <span class='ocrx_word' id='word_1_303' title='bbox 1486 4608 1749 4689; x_wconf 79' lang='lat' dir='ltr'>supplicaciones</span> 
     </span>
     <span class='ocr_line' id='line_1_34' title="bbox 232 4711 1750 4793; baseline 0.005 -19"><span class='ocrx_word' id='word_1_304' title='bbox 232 4728 295 4775; x_wconf 92' lang='lat' dir='ltr'>non</span> <span class='ocrx_word' id='word_1_305' title='bbox 318 4711 510 4775; x_wconf 87' lang='lat' dir='ltr'>cancellatas</span> <span class='ocrx_word' id='word_1_306' title='bbox 541 4713 667 4792; x_wconf 87' lang='lat' dir='ltr'>signare</span> <span class='ocrx_word' id='word_1_307' title='bbox 702 4719 743 4793; x_wconf 85' lang='lat' dir='ltr'>et,</span> <span class='ocrx_word' id='word_1_308' title='bbox 784 4717 878 4792; x_wconf 90' lang='lat' dir='ltr'>prout</span> <span class='ocrx_word' id='word_1_309' title='bbox 911 4711 1040 4791; x_wconf 89' lang='lat' dir='ltr'>petitur,</span> <span class='ocrx_word' id='word_1_310' title='bbox 1075 4713 1225 4775; x_wconf 88' lang='lat' dir='ltr'>rnandare</span> <span class='ocrx_word' id='word_1_311' title='bbox 1260 4712 1413 4793; x_wconf 82' lang='lat' dir='ltr'>expediri,</span> <span class='ocrx_word' id='word_1_312' title='bbox 1436 4713 1498 4776; x_wconf 91' lang='lat' dir='ltr'>nisi</span> <span class='ocrx_word' id='word_1_313' title='bbox 1520 4712 1554 4777; x_wconf 92' lang='lat' dir='ltr'>in</span> <span class='ocrx_word' id='word_1_314' title='bbox 1576 4714 1750 4781; x_wconf 85' lang='lat' dir='ltr'>beneficiis</span> 
     </span>
     <span class='ocr_line' id='line_1_35' title="bbox 231 4815 843 4895; baseline -0.002 -17"><span class='ocrx_word' id='word_1_315' title='bbox 231 4815 342 4895; x_wconf 89' lang='lat' dir='ltr'>petitis</span> <span class='ocrx_word' id='word_1_316' title='bbox 365 4815 463 4878; x_wconf 90' lang='lat' dir='ltr'>fuerit</span> <span class='ocrx_word' id='word_1_317' title='bbox 486 4815 578 4878; x_wconf 87' lang='lat' dir='ltr'>alteri</span> <span class='ocrx_word' id='word_1_318' title='bbox 602 4815 652 4878; x_wconf 94' lang='lat' dir='ltr'>ius</span> <span class='ocrx_word' id='word_1_319' title='bbox 676 4815 843 4895; x_wconf 86' lang='lat' dir='ltr'>quesitum</span> 
     </span>
    </p>
   </div>
   <div class='ocr_carea' id='block_1_14' title="bbox 361 4936 1204 5003">
    <p class='ocr_par' dir='ltr' id='par_1_16' title="bbox 361 4936 1204 5003">
     <span class='ocr_line' id='line_1_36' title="bbox 361 4936 1204 5003; baseline 0.002 -3"><span class='ocrx_word' id='word_1_320' title='bbox 361 4936 434 5000; x_wconf 87' lang='lat' dir='ltr'>Fiat</span> <span class='ocrx_word' id='word_1_321' title='bbox 458 4936 494 5001; x_wconf 85' lang='lat' dir='ltr'>G.</span> <span class='ocrx_word' id='word_1_322' title='bbox 520 4937 557 4999; x_wconf 88' lang='lat' dir='ltr'>l).</span> <span class='ocrx_word' id='word_1_323' title='bbox 583 4937 739 5001; x_wconf 85' lang='lat' dir='ltr'>Aninione</span> <span class='ocrx_word' id='word_1_324' title='bbox 765 4937 870 5000; x_wconf 88' lang='lat' dir='ltr'>Vkal.</span> <span class='ocrx_word' id='word_1_325' title='bbox 894 4937 1039 5002; x_wconf 77' lang='lat' dir='ltr'>ianuarii</span> <span class='ocrx_word' id='word_1_326' title='bbox 1055 4957 1082 5001; x_wconf 91' lang='lat' dir='ltr'>a.</span> <span class='ocrx_word' id='word_1_327' title='bbox 1102 4945 1204 5003; x_wconf 84' lang='lat' dir='ltr'>sexto.</span> 
     </span>
    </p>
   </div>
   <div class='ocr_carea' id='block_1_15' title="bbox 357 5123 1416 5193">
    <p class='ocr_par' dir='ltr' id='par_1_17' title="bbox 357 5123 1416 5193">
     <span class='ocr_line' id='line_1_37' title="bbox 357 5123 1416 5193; baseline 0.002 -17"><span class='ocrx_word' id='word_1_328' title='bbox 357 5123 389 5176; x_wconf 89' lang='lat' dir='ltr'>R.</span> <span class='ocrx_word' id='word_1_329' title='bbox 408 5123 502 5192; x_wconf 88' lang='lat' dir='ltr'>Suppl.</span> <span class='ocrx_word' id='word_1_330' title='bbox 523 5129 555 5177; x_wconf 78' lang='lat'>29</span> <span class='ocrx_word' id='word_1_331' title='bbox 574 5123 620 5177; x_wconf 85' lang='lat' dir='ltr'>lol.</span> <span class='ocrx_word' id='word_1_332' title='bbox 640 5129 708 5188; x_wconf 75' lang='lat'><strong>348&#39;,</strong></span> <span class='ocrx_word' id='word_1_333' title='bbox 727 5154 760 5164; x_wconf 90' lang='lat'><em>-</em></span> <span class='ocrx_word' id='word_1_334' title='bbox 786 5128 810 5190; x_wconf 80' lang='lat' dir='ltr'>a)</span> <span class='ocrx_word' id='word_1_335' title='bbox 830 5124 955 5193; x_wconf 84' lang='lat' dir='ltr'>Corrige:</span> <span class='ocrx_word' id='word_1_336' title='bbox 974 5124 1095 5191; x_wconf 80' lang='lat' dir='ltr'>,Luticz‘.</span> <span class='ocrx_word' id='word_1_337' title='bbox 1114 5157 1138 5164; x_wconf 97' lang='lat'>-</span> <span class='ocrx_word' id='word_1_338' title='bbox 1164 5128 1183 5192; x_wconf 89' lang='lat'>¹)</span> <span class='ocrx_word' id='word_1_339' title='bbox 1202 5125 1280 5180; x_wconf 79' lang='lat' dir='ltr'>Cant.</span> <span class='ocrx_word' id='word_1_340' title='bbox 1298 5143 1338 5179; x_wconf 92' lang='lat' dir='ltr'>nr.</span> <span class='ocrx_word' id='word_1_341' title='bbox 1358 5133 1416 5180; x_wconf 78' lang='lat'>410.</span> 
     </span>
    </p>
   </div>
   <div class='ocr_carea' id='block_1_16' title="bbox 0 0 1976 6057">
    <p class='ocr_par' dir='ltr' id='par_1_18' title="bbox 0 0 1976 6057">
     <span class='ocr_line' id='line_1_38' title="bbox 0 0 1976 6057; baseline 0 0"><span class='ocrx_word' id='word_1_342' title='bbox 0 0 1976 6057; x_wconf 95' lang='lat' dir='ltr'> </span> 
     </span>
    </p>
   </div>
  </div>
 </body>
</html>
