3944 6060
1567 440 1571 445 -
1666 391 1739 457 xlx

239 600 496 682 conficiebantur,
525 619 587 682 quo
610 602 758 666 inundato
781 600 944 666 executori
968 602 1124 682 (tempore
1148 599 1326 664 Innocentii
1348 598 1401 663 VI.
1426 598 1518 680 quasi
1540 615 1665 681 semper
1687 599 1743 663 uni

239 705 416 786 executori)
439 705 618 779 mandatur,
642 710 679 769 ut
701 704 797 769 alicui
820 704 860 769 de
883 705 1072 770 canonicatu
1095 705 1153 768 sub
1176 705 1399 785 expectatione
1422 701 1624 785 praebendae
1639 702 1743 785 provi·

239 810 319 874 dere
352 815 509 892 procuret,
544 809 572 874 ai
595 827 667 874 eum
701 808 824 873 adhoc
857 807 1005 873 idoneum
1039 824 1112 872 esse
1146 806 1334 889 reppererit.
1382 805 1484 880 (Cori.
1508 805 1608 873 Mont.
1632 805 1744 874 Vatl

240 933 288 978 nr.
311 914 398 989 304.)

371 1034 477 1100 Etiam
499 1034 697 1118 provisiones
720 1035 760 1098 de
783 1033 971 1100 canonicatu
994 1034 1052 1098 sub
1076 1033 1301 1114 expectatione
1323 1033 1526 1115 praebendae
1549 1033 1583 1097 in
1599 1030 1740 1097 editione

240 1146 351 1205 nostra
372 1139 521 1205 brevibus
544 1144 667 1203 tantum
691 1138 829 1218 regestis
852 1137 938 1219 typis
961 1136 1186 1202 describuntur
1210 1135 1304 1215 (conf.
1328 1156 1376 1200 nr.
1399 1135 1465 1215 24).

328 1279 448 1343 Eadem
469 1277 572 1343 forma
594 1277 725 1342 mutatis
748 1277 909 1342 mutandis
932 1255 1077 1358 personis
1101 1276 1162 1340 iam
1185 1275 1273 1358 prius
1297 1275 1329 1339 iu
1352 1273 1520 1340 canonicos
1543 1292 1563 1339 a
1585 1272 1735 1356 capitulis

240 1383 447 1448 ecclesiarum
471 1381 643 1463 assumptis
666 1381 867 1463 praebendae
884 1380 1040 1444 ineadem
1056 1379 1192 1444 ecclesia
1213 1383 1383 1444 vacaturas
1399 1383 1612 1443 reservantur.
1636 1375 1741 1452 (Conl.
1793 1416 1796 1421 -

240 1487 325 1552 Mon.
351 1487 422 1552 Vat.
445 1487 461 1551 1
483 1505 529 1551 nr.
557 1488 626 1557 118,
650 1486 735 1550 Mon.
760 1484 832 1549 Vat.
856 1484 887 1548 Π
909 1503 957 1547 nr.
984 1484 1046 1556 14.)

370 1629 400 1692 3.
424 1624 622 1689 Provisiones
646 1624 684 1687 de
706 1621 917 1703 dignitatibus
939 1622 986 1686 vel
1006 1620 1227 1704 personatibus
1250 1625 1307 1685 aot
1329 1619 1461 1701 officiis:

370 1749 404 1826 a)
427 1746 627 1810 Provisiones
649 1744 686 1808 de
708 1743 897 1809 canonicatu
918 1741 976 1805 sub
999 1743 1212 1826 expectatione
1232 1741 1438 1824 praebendae,
1473 1741 1650 1822 dignitatis,
1670 1761 1745 1823 per-

239 1856 372 1915 sonatus
394 1869 449 1914 seu
471 1848 580 1931 officii,
605 1848 720 1929 quibus
742 1867 805 1913 non
829 1848 930 1913 solum
953 1846 1165 1931 praebendae,
1190 1846 1247 1910 sed
1270 1845 1368 1909 etiam
1391 1844 1554 1926 quaelibet
1569 1843 1743 1925 dignitates

241 1973 300 2019 seu
323 1953 426 2019 officia
449 1953 583 2018 alicuius
606 1952 760 2018 ecclesiae
785 1952 978 2017 cathedralis
1002 1950 1053 2015 vel
1077 1951 1266 2032 collegiatae
1290 1949 1431 2015 litteram
1447 1949 1618 2032 accipienti
1640 1967 1742 2013 reser-

240 2064 365 2135 vantur,
399 2056 549 2121 aformis
583 2056 798 2138 provisionum
833 2056 872 2121 de
896 2054 1083 2120 canonicatu
1119 2055 1177 2118 sub
1201 2053 1424 2136 expectatione
1455 2053 1656 2135 praebendae
1679 2072 1740 2118 non

239 2161 374 2226 multum
398 2161 600 2227 dissentiunt.
626 2159 727 2235 (Cous.
752 2160 838 2224 Mon.
863 2158 934 2224 Vat.
959 2161 974 2224 l
996 2179 1043 2223 nr.
1067 2159 1132 2230 87.)

371 2283 520 2348 Formula
543 2281 721 2347 collationis
743 2280 934 2364 provisionis
957 2281 1032 2346 talis
1047 2279 1169 2346 tenoris
1184 2285 1243 2362 est,
1267 2285 1303 2345 ut
1318 2278 1477 2360 sequitur:
1504 2279 1741 2359 ,canonicatum

239 2386 395 2452 ecclesiae
419 2386 494 2450 talis
518 2386 576 2451 tibi
599 2384 791 2450 conserimus
814 2391 848 2448 et
870 2385 1072 2467 providemus
1096 2384 1193 2448 etiam
1217 2384 1257 2447 de
1280 2384 1403 2460 eodem,
1426 2384 1641 2465 praebendam
1665 2402 1739 2448 vero

239 2509 383 2555 necnon
407 2489 595 2573 dignitatem
619 2493 668 2553 vel
692 2495 896 2571 personatum
920 2507 976 2554 seu
1001 2488 1138 2553 officium
1162 2508 1231 2552 cum
1255 2507 1330 2552 cura
1352 2487 1403 2553 vel
1420 2487 1489 2552 sine
1506 2505 1582 2553 cura
1599 2531 1634 2552 ..
1659 2489 1741 2552 ..si

239 2613 321 2674 qnae
356 2594 408 2658 vel
431 2595 458 2659 si
482 2595 535 2676 qui
558 2601 614 2659 aut
637 2595 665 2659 si
688 2614 749 2675 qua
782 2595 815 2658 in
838 2594 924 2659 dicta
947 2594 1082 2658 ecclesia
1116 2593 1224 2674 (simul
1257 2593 1309 2657 vel
1339 2592 1530 2673 successive)
1564 2598 1679 2657 vacant
1701 2594 1739 2656 ad

238 2715 394 2780 praesens
429 2700 481 2763 vel
505 2717 574 2762 cum
597 2698 789 2780 vacaverint,
820 2747 907 2764 ....
932 2696 1141 2762 conferendas
1164 2697 1214 2762 vel
1238 2695 1445 2763 conferendos
1469 2701 1527 2760 aut
1549 2695 1741 2762 conferenda

239 2801 301 2866 tibi
320 2850 327 2865 .
348 2852 354 2866 .
375 2850 383 2865 .
403 2854 408 2867 .
426 2802 590 2868 donationi
607 2802 801 2884 apostolicae
817 2803 1048 2866 reservamus‘.
1072 2800 1313 2882 Nonnumquam
1329 2800 1547 2882 dignitatibus,
1570 2800 1740 2881 dequibus

238 2904 300 2970 hoc
323 2905 414 2971 modo
437 2907 633 2988 providetur,
670 2906 750 2970 certi
773 2905 852 2971 fines
875 2906 1066 2987 terminique
1101 2907 1222 2970 verbis:
1261 2905 1447 2988 ,dummodo
1470 2904 1650 2971 huiusmodi
1674 2904 1738 2987 dig·

238 3009 325 3073 nitas
348 3009 470 3074 maior.
488 3060 495 3074 .
514 3062 520 3075 .
539 3061 545 3075 .
569 3013 642 3093 post
665 3010 877 3092 episcopalem
901 3029 964 3074 nou
987 3011 1123 3075 existat“
1150 3010 1395 3075 constituuntur.

370 3131 517 3198 Partibus
554 3131 687 3212 reliquis
723 3130 842 3197 formae
880 3136 1048 3196 contextus
1086 3131 1275 3214 provisionis
1308 3131 1489 3196 huiusmodi
1523 3150 1593 3194 cum
1630 3130 1739 3195 formis

239 3234 429 3316 provisionis
471 3237 511 3300 de
556 3236 743 3301 canonicatu
790 3237 848 3301 sub
885 3236 1108 3319 expectatione
1145 3236 1347 3318 praebendae
1385 3236 1586 3300 conveniunt.
1634 3232 1737 3309 (Cous.

237 3357 285 3401 nr.
309 3340 375 3419 83.)

369 3461 400 3541 b)
423 3461 621 3525 Prooisiones
654 3461 814 3526 ramicis
837 3461 875 3526 de
896 3460 1051 3541 dignitate
1082 3459 1131 3525 oei
1158 3463 1334 3542 personatu
1368 3463 1425 3523 aut
1458 3458 1573 3536 officio.
1618 3461 1739 3525 Eadem

237 3564 339 3629 lorrua
360 3565 491 3630 mutatis
514 3565 673 3630 mutandis
697 3567 841 3648 personis
864 3565 926 3629 iam
948 3565 1037 3647 prius
1068 3565 1272 3630 canonicatus
1295 3583 1364 3628 cum
1388 3564 1438 3627 vel
1462 3563 1531 3627 sine
1556 3566 1738 3646 praebenda

238 3668 373 3732 alicuius
396 3667 550 3735 ecclesiae
574 3669 790 3735 obtinentibus
814 3670 996 3752 dignitates,
1018 3674 1208 3751 personatus
1230 3669 1282 3733 vel
1306 3668 1409 3733 officia
1424 3668 1457 3732 in
1473 3669 1586 3732 eadem
1602 3669 1739 3732 ecclesia

237 3778 452 3838 reservantur.
497 3772 624 3848 <Forma
646 3773 678 3837 in
702 3774 786 3839 Mon.
810 3774 882 3839 Vat.
906 3775 929 3838 l.
953 3793 1000 3838 nr.
1024 3776 1089 3856 52.)
1134 3773 1229 3837 Tales
1263 3790 1387 3853 quoque
1420 3771 1617 3853 provisiones
1641 3790 1737 3854 saepe

236 3876 378 3940 mandati
399 3875 530 3941 formam
552 3876 681 3958 habent,
715 3897 776 3958 quo
810 3879 863 3942 uni
898 3878 1061 3943 executori
1084 3878 1260 3958 mandatur,
1284 3881 1318 3940 ut
1341 3876 1491 3942 canonico
1515 3875 1609 3940 alicui
1633 3876 1738 3957 digni-

237 3984 348 4060 tatem,
372 3986 575 4062 personatum
599 3981 651 4045 vel
674 3980 810 4046 officium
841 3987 985 4046 reservet
1016 3980 1119 4062 (Cori.
1143 4001 1188 4045 nr.
1216 3981 1311 4062 755).
1348 3980 1549 4044 Provisiones
1573 3979 1613 4043 de
1637 3980 1737 4061 digni·

236 4084 358 4148 tatibus
381 4084 433 4149 vel
455 4085 677 4166 personatibus
701 4091 756 4150 aut
779 4084 890 4150 officiis
908 4087 938 4148 in
955 4086 1095 4150 editione
1112 4091 1223 4151 nostra
1237 4084 1374 4166 regestis
1390 4084 1492 4148 solum
1508 4083 1594 4165 typis
1611 4085 1736 4148 dantur.

236 4187 340 4266 (Ocni.
364 4206 411 4253 nr.
436 4189 502 4268 83.)

366 4311 397 4374 4.
423 4310 619 4375 Prouisiones
643 4309 857 4391 beneficiorum
880 4316 961 4375 certo
984 4310 1073 4373 modo
1095 4313 1319 4374 vocaturorom
1340 4311 1373 4374 in
1397 4310 1503 4373 media
1532 4313 1623 4390 parts
1652 4307 1737 4373 inter

236 4413 435 4496 provisiones
458 4413 498 4478 de
521 4414 684 4480 beneficiis
709 4415 893 4481 vacantibus
916 4415 1012 4479 etde
1035 4413 1199 4479 beneficiis
1222 4414 1381 4480 vacaturis
1404 4414 1478 4495 poni
1501 4419 1644 4493 possunt.
1680 4413 1736 4475 Eis

235 4524 327 4583 certa
348 4516 511 4598 beneficia,
537 4537 618 4599 quae
643 4519 731 4583 brevi
754 4536 867 4583 vacare
890 4524 1068 4601 sperantur,
1090 4519 1231 4584 litteram
1256 4517 1425 4609 accipienti
1447 4522 1659 4582 reservantur.
1693 4515 1736 4580 Ut

234 4622 265 4687 si
288 4621 359 4703 quis
381 4621 604 4687 beneficiorum
630 4639 794 4703 possessor
816 4621 911 4687 alicui
935 4621 1090 4687 ecclesiae
1113 4624 1145 4686 in
1169 4622 1351 4705 episcopum
1377 4621 1556 4703 praefectus
1592 4624 1625 4684 et
1658 4638 1734 4684 non·

234 4727 313 4791 dum
334 4732 537 4791 consecratus
559 4725 666 4803 fuerit,
691 4725 852 4808 beneficia,
875 4744 956 4807 qnae
980 4726 1143 4792 obtinebat
1165 4731 1200 4790 et
1222 4745 1302 4807 quae
1326 4724 1565 4791 consecratione
1589 4723 1658 4789 eius
1681 4742 1734 4787 va·

233 4832 363 4908 cabunt,
386 4829 459 4895 aliis
481 4830 626 4913 personis
648 4830 806 4894 reservari
824 4830 983 4900 solebant.

365 4952 479 5017 Forma
501 4952 576 5017 talis
599 4952 825 5017 reservationis
848 4952 881 5016 in
904 4952 988 5016 Mon.
1013 4952 1084 5018 Vat.
1108 4953 1124 5017 1
1147 4971 1192 5016 nr.
1222 4957 1255 5017 11
1282 4952 1448 5033 reperitur.
1496 4949 1642 5014 Narratio
1666 4949 1735 5013 eius

231 5064 271 5122 ut
293 5057 327 5122 in
350 5056 583 5139 provisionibus
606 5056 646 5120 de
670 5055 832 5122 beneficiis
856 5056 1041 5122 vacantibus
1064 5076 1121 5123 nos
1144 5057 1184 5121 ds
1208 5056 1310 5136 modo,
1337 5075 1398 5136 quo
1421 5053 1607 5120 beneficium
1631 5071 1731 5118 reser-

230 5169 343 5227 vatum
366 5161 500 5233 vacabit,
525 5162 678 5227 certiores
701 5160 786 5226 facit.
833 5161 1008 5243 Dispositio
1042 5162 1135 5226 bvrius
1169 5167 1219 5225 est
1243 5161 1378 5226 tenoris:
1407 5178 1482 5240 ,nos
1507 5159 1650 5223 volentes
1674 5157 1733 5222 tibi

231 5265 478 5346 ...gratiam
502 5266 607 5329 facere
631 5266 810 5348 specialem,
836 5265 1021 5330 beneficium
1046 5267 1120 5346 tale,
1150 5285 1219 5330 cum
1242 5259 1417 5347 praemisso
1441 5265 1489 5329 vel
1526 5263 1588 5326 alio
1622 5261 1732 5342 quovis

1587 5398 1629 5452 ΠΟ
