3944 6060
707 486 773 536 1357
792 479 952 537 Novembris
971 489 987 536 9
1006 511 1039 523 -
1056 480 1220 538 Novembris
1237 490 1279 537 21.
1677 486 1739 550 261

235 692 341 756 manni
365 691 494 773 obitum,
516 691 570 772 qui
593 696 684 756 extra
707 692 879 756 Romanam
903 692 1022 756 curiam
1045 693 1129 758 diem
1152 693 1268 757 clausit
1290 699 1475 775 extremum,
1501 694 1684 757 vacaverint
1707 697 1741 757 et

234 814 345 860 vacare
369 801 539 862 noscantur
562 796 602 860 ad
624 813 766 879 presens,
786 847 792 859 .
813 845 818 857 .
840 848 845 859 .
866 849 872 860 .
896 815 953 862 nos
976 797 1120 863 volentes
1143 797 1201 862 tibi
1232 798 1264 860 in
1287 798 1356 862 inre
1379 798 1491 880 perito,
1515 804 1550 862 nt
1573 797 1737 872 asseritur.

235 898 287 978 qui
310 900 501 965 auctoritato
525 899 703 965 litterarum
727 906 915 974 nostrarum,
942 906 978 965 ut
1000 901 1127 982 asseris,
1160 901 1193 965 in
1216 902 1329 966 eadem
1360 901 1496 967 ecclesia
1519 900 1738 967 canonicatum

235 1003 359 1067 obtines
383 1009 416 1068 et
438 1004 630 1086 prebendam
653 1004 844 1087 expectas,²)
864 1056 871 1069 .
891 1058 897 1070 .
919 1056 952 1070 ..
986 1004 1270 1071 consideracione.
1291 1058 1297 1071 .
1318 1057 1352 1071 ..
1384 1006 1494 1071 Karoli
1528 1007 1739 1072 Romanorum

236 1107 487 1189 imperatoris..
508 1159 542 1173 ..
566 1114 600 1172 et
624 1107 752 1173 Boemie
776 1109 861 1191 regis
886 1109 1030 1188 illustris,
1054 1109 1145 1175 nobis
1168 1129 1225 1192 pro
1249 1115 1291 1194 te,
1315 1110 1433 1176 dilecto
1449 1109 1689 1193 prothonotario
1706 1115 1741 1174 et

236 1213 408 1278 secretario
431 1230 488 1277 suo
507 1262 513 1276 .
534 1265 540 1277 .
561 1262 568 1275 .
588 1261 605 1295 .,
630 1212 848 1296 supplicantis,
872 1214 1009 1296 graciam
1025 1213 1130 1279 iacere
1154 1213 1334 1298 specialem,
1356 1215 1532 1298 predictam
1547 1215 1740 1298 prebendam

235 1318 279 1381 sic
303 1321 468 1382 vacantem
489 1368 496 1382 .
515 1367 521 1380 .
542 1367 575 1382 ..
600 1318 775 1400 apostolica
797 1319 857 1384 tibi
880 1319 1070 1385 auctoritate
1094 1318 1283 1385 omiserimus
1313 1324 1346 1385 et
1369 1320 1408 1384 de
1431 1320 1488 1384 illa
1511 1320 1612 1384 eciam
1635 1320 1739 1402 provi·

236 1421 344 1486 demus
363 1471 370 1486 .
391 1472 397 1487 .
418 1474 424 1486 .
444 1475 463 1503 .,
485 1439 547 1486 nou
571 1422 821 1488 obstantibus..
841 1474 848 1488 .
868 1474 887 1505 .,
909 1423 993 1504 qnod
1015 1423 1048 1488 in
1071 1423 1224 1506 Pragensi
1247 1425 1304 1488 snb
1328 1423 1554 1505 expectacione
1577 1425 1739 1505 prebende

236 1531 269 1590 ct
290 1525 323 1589 in
346 1543 372 1591 s.
396 1526 485 1591 Petri
507 1526 540 1590 iu
562 1526 692 1590 Brunua
714 1527 859 1592 ecclesiis
882 1547 952 1593 oum
975 1528 1138 1611 prebenda
1161 1528 1365 1594 canonicatus
1389 1546 1425 1592 ac
1441 1527 1671 1610 parrochialem
1688 1546 1738 1593 ec·

235 1629 362 1695 alasiam
386 1629 419 1695 iu
442 1630 601 1713 Grolicz·)
637 1630 857 1697 Olomucensis
887 1637 922 1697 et
951 1632 1123 1698 Misnensis
1154 1633 1233 1698 dioc.
1269 1632 1403 1698 obtines.
1439 1631 1592 1698 Volumus
1623 1638 1739 1715 autem,

235 1734 326 1817 quod,
349 1735 655 1816 quamprimum...
676 1785 683 1798 .
719 1736 803 1801 dicte
827 1737 987 1818 prebende
1011 1755 1069 1820 per
1091 1755 1148 1803 nos
1172 1737 1231 1801 tibi
1254 1737 1371 1803 collate
1393 1736 1629 1819 possessiouem
1652 1737 1737 1820 paci·

236 1836 323 1902 licam
354 1837 454 1902 fueris
477 1844 652 1922 assecutus,
686 1840 830 1922 predicte
860 1841 968 1905 littere
999 1847 1119 1922 nostre,
1153 1861 1211 1924 per
1234 1859 1313 1923 quas
1343 1842 1376 1906 in
1399 1842 1511 1907 eadem
1535 1841 1738 1907 Olomucensi

236 1941 370 2008 ecclesia
380 1943 584 2026 prebendam,
608 1950 645 2009 nt
666 1944 834 2027 prefertur,
857 1951 1007 2029 expectas
1030 1953 1064 2010 et
1079 1963 1248 2029 processus
1264 1945 1365 2011 babiti
1389 1963 1448 2028 per
1462 1946 1590 2010 easdem
1614 1952 1649 2011 et
1664 1965 1739 2028 quc·

236 2065 356 2128 cunque
379 2048 454 2112 inda
475 2055 587 2112 secuta
608 2049 712 2129 quoad
735 2050 927 2131 prebendam
951 2051 1116 2116 dumtaxat
1138 2051 1203 2114 sint
1218 2070 1309 2117 cassa
1335 2058 1369 2115 et
1384 2051 1476 2116 irrita
1493 2103 1501 2118 .
1522 2103 1528 2115 .
1548 2100 1556 2115 .
1576 2102 1583 2116 .
1607 2051 1644 2115 D.
1663 2051 1738 2116 Aui-

236 2153 327 2218 nione
350 2151 413 2217 XII
435 2153 497 2218 kal.
523 2153 707 2219 Decembris
730 2173 757 2217 a.
782 2154 901 2234 quinto.

364 2294 399 2357 ln
422 2310 449 2356 e.
471 2311 501 2356 ru
505 2342 619 2358 .....
651 2293 889 2376 archiepiscopo
919 2294 1071 2377 Prageusi
1102 2301 1135 2359 ct
1154 2346 1186 2361 ‚.
1218 2295 1368 2378 episcopo
1394 2293 1671 2359 Waratislauieusi
1701 2312 1737 2359 ac

238 2445 244 2458 .
264 2448 270 2461 .
289 2447 296 2462 .
316 2447 323 2462 .
343 2398 451 2463 abbati
472 2398 658 2464 monasterii
682 2395 879 2463 Gedlicensis
902 2398 1072 2481 Pragansis
1095 2399 1165 2463 dioc
1167 2448 1280 2464 .....

363 2587 395 2641 R.
412 2589 463 2640 Ar.
485 2591 531 2643 137
551 2586 598 2640 iol.
617 2593 675 2655 124,
688 2586 792 2642 livet.
811 2592 861 2642 23⁴2
880 2587 930 2642 solt
947 2590 1081 2654 lab-⁸)
1101 2587 1227 2658 Corrige:
1246 2587 1372 2656 ,Gorlicz‘
1386 2618 1412 2628 —
1436 2590 1538 2656 ¹)1sot
1555 2587 1674 2659 Augusti
1693 2596 1734 2644 23.

238 2674 350 2742 ')Coni.
370 2691 412 2728 nr.
431 2681 489 2730 201.
512 2705 538 2714 -
560 2672 638 2729 Cous.
656 2692 696 2730 nr.
715 2679 774 2729 libb.

882 2872 1084 2880 ———-——-——

237 3011 322 3078 666.
348 3008 535 3093 Compositio
567 3010 657 3073 Petri
679 2988 849 3074 Laurentii
877 3029 971 3093 saper
994 3009 1125 3073 annalis
1155 3007 1192 3072 de
1214 3007 1405 3073 scholastria
1434 3007 1580 3075 aetesiae
1606 2972 1731 3074 Olomu-

927 3133 1037 3179 cerias.

1324 3235 1410 3301 1357
1433 3235 1617 3301 Novembris
1639 3240 1690 3303 20.

360 3431 473 3495 Actum
498 3428 564 3513 [dic
587 3427 645 3493 XX
657 3429 775 3493 mansis
799 3426 996 3510 Novembris,
1021 3447 1048 3492 a.
1066 3447 1085 3491 a
1100 3427 1270 3492 nativitate
1295 3427 1413 3492 domini
1429 3426 1569 3493 MOCCL
1586 3429 1731 3510 septimo,

236 3532 377 3600 indomo
401 3534 519 3600 domini
542 3534 674 3599 Eblonis
697 3534 737 3597 de
760 3532 904 3597 blederio
928 3531 1036 3597 clerici
1059 3551 1182 3597 camere
1199 3529 1418 3618 apostolice]·)
1435 3533 1550 3597 Petrus
1565 3533 1733 3597 laurencii

235 3640 417 3704 scolasticus
440 3640 575 3704 ecclesie
600 3638 820 3704 Olomucensis
843 3635 954 3700 finavit
983 3655 1040 3719 pro
1071 3635 1311 3701 confirmacione
1335 3636 1395 3701 sibi
1426 3635 1511 3701 iacta
1541 3654 1600 3719 per
1623 3637 1731 3701 sedem

235 3743 436 3824 apostolicam
467 3744 507 3808 de
530 3743 753 3826 acceptacione
784 3741 869 3805 facta
891 3759 949 3823 per
971 3741 1075 3823 ipsum
1100 3741 1139 3805 de
1163 3740 1249 3805 dicta
1279 3739 1447 3804 scolastria
1477 3741 1517 3805 ad
1540 3741 1655 3805 LXXV
1678 3739 1732 3806 ilo·

235 3862 324 3911 renos
347 3846 388 3911 de
411 3846 578 3912 Florencia
608 3846 760 3928 ponderis
783 3844 946 3908 sentencie
970 3843 1138 3908 solvendos
1169 3842 1251 3907 infra
1273 3844 1449 3926 proximum
1480 3843 1595 3910 festum
1619 3847 1648 3910 b.
1672 3845 1733 3908 Mi-

234 3948 350 4017 chaelis
371 3968 497 4016 camere
521 3950 554 4015 in
576 3951 718 4016 Romana
741 3949 829 4013 curia
851 3967 921 4012 cum
945 3947 1141 4029 obligacione
1165 3954 1200 4012 et
1223 3948 1295 4012 aliis
1312 3954 1348 4011 ut
1372 3965 1468 4031 supra
1487 4000 1493 4012 .
1515 4002 1520 4012 .
1542 3997 1574 4012 ..
1599 3949 1731 4012 Presen-

233 4054 315 4120 tibus
344 4056 474 4120 Andrea
503 4054 608 4120 Fortis
632 4054 853 4118 archidiacono
876 4053 909 4116 in
932 4051 1069 4116 ecclesia
1091 4053 1297 4134 Zagrabiensi
1328 4059 1362 4117 et
1385 4053 1524 4118 Geraldo
1547 4053 1640 4118 Fabri
1669 4054 1731 4117 cle·

233 4159 293 4225 rico
317 4160 558 4225 Suessiouensis
582 4160 660 4224 dioc.
690 4196 724 4204 -
751 4158 910 4222 Amaldus
933 4155 1095 4221 lobannis.

358 4351 426 4406 coll.
444 4355 467 4404 8.
486 4350 533 4404 l'ol.
553 4355 610 4403 143.
630 4379 662 4388 -
681 4349 747 4417 Reg,
766 4347 840 4417 apud
860 4347 966 4411 Kirsch,
986 4352 1112 4402 Annateu
1131 4347 1260 4416 lpag.70
1279 4346 1419 4401 adnotatio
1432 4354 1456 4399 4.
1479 4375 1505 4385 —
1532 4348 1556 4413 a)
1570 4345 1732 4414 Suppletum

234 4453 263 4494 cx
279 4439 355 4494 notis
372 4437 609 4509 praecedentibus.
627 4467 652 4475 -
665 4436 696 4490 ln
715 4443 783 4491 uota
801 4442 933 4504 sequente
952 4435 1002 4488 sub
1021 4434 1115 4489 eodem
1134 4432 1199 4487 dato
1217 4432 1353 4502 reperitur
1361 4432 1454 4486 testis:
1478 4432 1623 4496 „Nicolaus
1634 4429 1732 4486 iacobi

233 4524 263 4582 dc
279 4527 380 4582 Brux“.

233 4860 316 4928 667.
340 4858 447 4925 abbas
476 4863 506 4924 ei
529 4861 695 4923 convectas
724 4857 911 4921 monasterii
939 4855 967 4922 b.
991 4856 1119 4921 Mariae
1147 4855 1281 4936 cirpinis
1309 4854 1345 4917 in
1367 4854 1475 4919 Arena
1507 4858 1601 4919 extra
1622 4872 1728 4918 maros

360 4962 624 5028 Vratisiavienscs
648 4961 840 5045 supplicant,
872 4965 1025 5045 quotenus
1047 4959 1111 5024 sibi
1132 4962 1363 5025 conservatores
1385 4959 1603 5024 concedantar.

1134 5099 1295 5177 Aoiaioac,
1321 5097 1404 5163 1357
1428 5097 1612 5163 Novembris
1634 5099 1685 5161 21.

357 5293 543 5377 Significant
571 5291 613 5358 Sti
637 5293 691 5359 Vre
715 5291 823 5357 devoti
856 5290 956 5356 vestri
979 5298 1122 5356 oratores
1153 5291 1251 5355 abbas
1283 5295 1317 5355 et
1339 5294 1513 5354 conventus
1544 5285 1729 5352 monasterii

233 5397 260 5465 b.
288 5398 391 5464 Marie
412 5398 553 5483 Virginis
575 5399 609 5464 iu
639 5399 746 5462 Areua
775 5403 1001 5463 extramuros
1030 5395 1312 5461 Wratlslauleuses
1344 5392 1464 5459 ordinis
1492 5410 1516 5456 s.
1548 5389 1729 5473 Augustini,
