3990 6052
722 451 786 501 ¹367
804 444 970 516 Septembris
989 451 1024 501 25
1045 477 1070 489 -
1092 449 1219 504 Octobris
1238 455 1278 503 28.
1688 445 1761 519 255·

244 654 335 722 652.
359 652 487 720 abaco
516 655 640 720 Atbcrti
659 656 852 740 praeposito
876 656 1062 738 tottapiutot
1084 657 1230 723 ccclesiae
1258 679 1283 724 s.
1312 660 1397 723 Petri
1419 659 1454 723 ia
1490 661 1625 726 Brenno
1647 681 1751 760 concc-
1803 647 1806 652 ’

243 759 339 838 dtur,
362 764 397 823 at
414 756 633 843 prucsca'totio
655 762 723 826 cios
745 761 789 827 od
817 761 937 826 dictam
958 763 1123 828 ecclesium
1145 766 1175 827 ct
1197 763 1360 828 institutio
1389 765 1423 830 ia
1450 765 1668 849 praepositum
1692 786 1749 831 oo·

948 866 1045 932 itant.

299 985 301 989 ·
332 981 365 1072 ’Ξ
784 1089 788 1095 ⁴
1192 1006 1354 1086 Aoiaiotsc,
1377 1008 1465 1073 1357
1489 1007 1632 1073 Octobris
1655 1011 1705 1078 25.

375 1195 412 1259 l).
437 1194 456 1259 l.
481 1196 611 1262 ailberto
643 1196 767 1262 Alberti
795 1199 958 1281 preposito
989 1199 1156 1282 collegiata
1188 1200 1322 1265 ecclesie
1353 1217 1385 1284 s.
1422 1200 1509 1264 Petri
1542 1201 1574 1265 in
1609 1201 1749 1282 Brunna,

246 1297 465 1365 Olamutensis
477 1299 557 1366 dioc.
570 1301 707 1366 salutem
719 1306 778 1367 etc.
795 1303 967 1369 Probitatis
980 1310 1014 1369 et
1029 1304 1182 1369 virtutum
1198 1357 1204 1368 .
1219 1353 1247 1369 ..
1264 1302 1369 1369 ‚Sane
1382 1304 1499 1386 petitio
1514 1323 1571 1387 pro
1587 1311 1679 1388 parte
1695 1311 1752 1371 tua

245 1404 335 1470 nobis
364 1422 468 1488 nuper
499 1405 643 1471 exhibita
674 1406 867 1490 continebat,
901 1409 985 1489 quod
1015 1407 1090 1473 alim
1124 1408 1327 1493 prepositura
1357 1394 1525 1492 collegiata
1556 1409 1692 1474 ecclesie
1725 1428 1750 1475 s.

245 1509 332 1575 Petri
354 1509 387 1574 in
403 1510 533 1575 Brunna
555 1509 778 1577 Olomucensis
794 1511 882 1594 dioc,
906 1530 967 1594 que
991 1511 1130 1596 dignitas
1154 1519 1265 1578 curata
1287 1513 1408 1592 existit,
1425 1519 1460 1579 et
1474 1531 1568 1595 quam
1591 1500 1749 1596 quondam

246 1613 446 1680 Hermannus
468 1614 508 1679 de
539 1614 703 1698 Duriugia,
726 1616 908 1700 prepositus
931 1616 1032 1700 ipsius
1063 1617 1209 1701 ecclesie,
1234 1617 1307 1682 dum
1330 1619 1463 1700 viveret,
1494 1619 1668 1702 obtinebat,
1693 1636 1753 1701 per

245 1719 345 1802 ipsius
374 1718 549 1785 Hermanui
580 1720 711 1804 obitum,
743 1721 797 1801 qui
820 1738 922 1804 nuper
952 1726 1043 1786 extra
1073 1721 1246 1787 Romanam
1276 1723 1395 1788 curiam
1426 1722 1574 1806 decessit,
1606 1728 1748 1803 vacante,

247 1876 253 1889 .
273 1874 281 1890 .
299 1874 305 1885 .
325 1875 331 1889 .
350 1824 513 1891 abbatissa
534 1829 569 1889 et
591 1831 764 1891 conventus
787 1825 972 1891 manasterii
996 1826 1036 1892 de
1059 1825 1217 1891 Portaceli
1246 1827 1280 1890 ln
1302 1827 1504 1910 Tusnmvin·)
1527 1826 1750 1893 cistertiensis

245 1928 364 1995 ordinis
396 1929 480 1995 dicte
504 1929 597 2012 diac,
631 1929 672 1994 ad
701 1947 781 2012 quas
804 1930 1005 2013 presentatio
1039 1930 1195 2013 prepositi
1225 1931 1326 2013 ipsius
1349 1932 1493 2016 ecclesie,
1528 1931 1582 2013 qui
1605 1936 1656 1996 est
1690 1915 1747 2013 pro

246 2039 396 2117 tempore,
418 2034 458 2099 de
479 2034 610 2116 antiqua
632 2039 667 2098 et
681 2036 857 2117 approbata
879 2033 1108 2101 consuetudine
1131 2036 1293 2118 pertinere
1316 2036 1501 2114 dinoscitur,
1525 2041 1558 2101 te
1574 2036 1615 2102 ad
1631 2036 1749 2125 dittam

246 2139 477 2222 preposituram
511 2140 556 2205 sit
579 2144 744 2205 vacantem
773 2157 844 2207 ven.
879 2139 916 2205 ir.
940 2145 1050 2205 nostro
1080 2138 1217 2205 Iohanni
1250 2141 1400 2224 episcopo
1431 2139 1637 2207 Olomuteusi·
1668 2139 1752 2205 infra

246 2251 371 2328 tempus
407 2244 583 2328 legitimum
615 2247 774 2326 canonice,
805 2245 866 2311 nisi
901 2243 1075 2328 apostolica
1108 2244 1253 2310 obstaret
1288 2246 1475 2329 reservatio,
1510 2246 1752 2328 presentarunt,

246 2349 391 2432 idemque
425 2349 593 2433 episcopus
628 2351 668 2415 ad
691 2349 966 2434 presentationem
995 2348 1175 2415 huiusmodi
1211 2356 1254 2433 te,
1288 2350 1322 2414 in
1342 2351 1605 2434 presbyteratus
1639 2349 1750 2416 ordine

246 2453 463 2534 constitutum,
496 2455 688 2521 auctoritate
724 2455 886 2521 ordinaria
919 2453 951 2518 ia
985 2453 1180 2536 prepositum
1211 2454 1353 2519 instituit
1385 2453 1521 2519 ecclesie
1555 2454 1749 2538 supradicte,

245 2564 341 2640 tuque
374 2558 483 2643 vigore
519 2559 771 2641 presentationis
805 2564 839 2624 et
860 2558 1076 2624 institucionis
1110 2556 1290 2624 huiusmodi
1325 2557 1481 2641 prefatam
1515 2559 1750 2642 preposituram

246 2661 333 2728 fuisti
356 2663 436 2728 alias
459 2663 609 2730 canonice
633 2670 808 2730 assecutus.
842 2664 920 2729 Cum
943 2669 1058 2746 autem,
1081 2663 1165 2727 sicut
1187 2663 1299 2727 eadem
1321 2663 1439 2745 petitio
1470 2664 1690 2747 subiungebat,
1715 2669 1750 2728 tu

247 2768 381 2851 dubites,
403 2770 637 2852 preposituram
666 2770 768 2853 ipsam
791 2775 934 2853 tempore
958 2768 1209 2853 presentationis
1237 2787 1294 2835 scu
1325 2767 1540 2833 institucionis
1572 2765 1752 2832 huiusmodi

247 2870 311 2939 lore
342 2872 548 2956 dispositioni
580 2875 753 2958 apostolice
777 2879 981 2956 reservatam,
1012 2878 1107 2954 teque
1138 2890 1236 2954 super
1259 2889 1297 2937 ea
1327 2889 1420 2954 passe
1452 2876 1624 2954 propterea
1652 2870 1751 2952 impa-

248 2982 365 3043 sterum
397 2977 571 3059 molestari,
586 2997 644 3045 nos
656 2980 708 3045 dd.
726 2979 758 3044 ff.
783 2977 915 3061 capituli
930 2977 1031 3061 ipsius
1047 2976 1192 3060 ecclesie,
1215 2994 1272 3059 pro
1295 2980 1328 3040 te
1351 2975 1442 3040 nobis
1462 3027 1468 3040 .
1488 3026 1494 3039 .
1573 2973 1751 3057 supplicatu·

248 3081 336 3163 tium,
359 3082 486 3164 tuisque
518 3084 808 3167 supplicationibus
831 3082 983 3166 inclinati,
1005 3082 1158 3160 volumus,
1183 3085 1217 3147 et
1240 3080 1308 3163 tibi,
1332 3080 1365 3145 in
1381 3080 1518 3145 ecclesia
1542 3078 1752 3151 Cremsirensi

247 3187 463 3263 canonicatum
487 3195 524 3255 et
553 3189 747 3272 prebendam
777 3208 814 3254 at
843 3187 1074 3272 parrochialem
1104 3186 1271 3251 ecclesiam
1295 3186 1327 3251 in
1359 3184 1528 3251 Petrowitz
1561 3183 1646 3248 ditte
1670 3181 1751 3256 diat.

248 3291 413 3372 obtinenti,
438 3293 614 3374 apostolica
643 3293 834 3359 auctoritate
866 3292 1076 3375 concedimus,
1108 3291 1191 3372 quod
1214 3290 1393 3356 huiusmodi
1425 3288 1635 3373 presentatio·
1649 3292 1683 3352 et
1705 3287 1752 3352 in·

248 3396 374 3462 stitutio
398 3415 434 3462 at
458 3397 564 3462 omnia
585 3398 659 3462 inde
683 3403 794 3463 secuta
816 3397 949 3480 perinde
973 3416 992 3462 a
1015 3397 1090 3461 data
1112 3394 1311 3478 presencium
1335 3394 1463 3459 valeant
1485 3394 1674 3476 plenamque
1698 3391 1751 3456 ob-

247 3500 367 3566 tineant
389 3500 511 3566 roboris
533 3500 726 3585 firmitatem,
751 3520 787 3565 at
804 3502 831 3566 si
847 3502 887 3567 de
910 3501 996 3566 ditta
1008 3500 1210 3584 prepositura
1233 3499 1320 3564 nulla
1343 3518 1400 3581 per
1414 3498 1522 3563 sedem
1547 3494 1751 3579 apostolicam

247 3605 422 3672 reservatio
446 3604 530 3670 latta
552 3605 644 3672 foret.
669 3605 822 3671 Volumus
854 3612 969 3687 autem,
993 3606 1086 3686 quod,
1117 3603 1346 3685 quamprimum
1370 3603 1486 3668 dictam
1518 3600 1750 3684 preposituram

247 3707 341 3775 bacris
363 3707 494 3792 pacifice
510 3715 686 3793 assecutus,
710 3710 827 3774 dictam
852 3708 1081 3794 parrochialem
1105 3707 1284 3787 ecclesiam,
1308 3725 1402 3788 quam
1418 3711 1535 3771 extunc
1559 3720 1673 3770 vacare
1691 3704 1750 3769 de·

246 3814 409 3895 cemimus,
432 3814 559 3879 omnino
582 3819 677 3896 prout
699 3815 739 3878 ad
762 3814 795 3879 id
819 3814 918 3879 etiam
942 3819 974 3877 te
999 3817 1113 3893 aptante
1136 3811 1290 3893 abtulisti,
1313 3811 1475 3876 dimittere
1499 3808 1640 3876 tenearis
1659 3859 1667 3874 .
1687 3858 1693 3872 .
1714 3856 1748 3874 ..

248 3915 286 3982 D.
308 3917 466 3984 Auinione
492 3917 568 3983 VIII
591 3916 654 3982 lral.
678 3917 865 3983 Novembris
889 3937 916 3984 a.
940 3917 1061 4000 qulnto.

371 4105 403 4161 R
423 4107 474 4160 As.
489 4112 537 4162 1³⁶
555 4105 601 4161 rot.
620 4111 689 4161 ltt‘.
708 4138 740 4148 —
763 4111 788 4173 a)
800 4107 923 4177 Corrige.
944 4107 1129 4175 ,Tusuouicsfi
1147 4107 1228 4161 -De
1248 4105 1454 4161 confirmations
1468 4079 1614 4174 'praedicta
1631 4100 1659 4156 in
1677 4063 1747 4157 coll.

247 4190 329 4252 Alam.
349 4192 425 4248 tiol,
445 4198 477 4248 st
498 4192 620 4261 (Kirsch,
639 4195 768 4248 dunstan
787 4195 799 4248 l
817 4211 879 4264 pag.
900 4200 961 4260 194)
979 4201 1007 4249 et
1024 4194 1053 4248 in
1071 4193 1104 4248 R.
1122 4193 1218 4263 Suppl.
1238 4200 1272 4250 28
1290 4191 1337 4248 iol.
1361 4187 1417 4247 169⁴
1436 4190 1538 4247 mantio
1556 4188 1595 4244 nt.

247 4508 334 4576 663.
357 4506 495 4573 Carolus
519 4511 732 4574 Rmsoaorum
761 4511 936 4592 imperator
957 4505 1126 4590 supplicat,
1155 4511 1309 4591 quotenos
1343 4504 1483 4571 Tbobt‘oc
1505 4508 1579 4568 acto
1614 4500 1754 4567 Tiobioe

249 4609 284 4677 dc
304 4610 474 4679 Kamaaics
495 4616 526 4677 ct
546 4610 696 4693 Beciyai
717 4611 930 4694 indulatotar,
955 4613 991 4673 ot
1013 4610 1218 4676 odoratiorem
1240 4631 1266 4676 a.
1290 4608 1454 4674 Benedicti
1485 4608 1626 4672 transire
1648 4605 1755 4671 calcat

330 4719 360 4780 ct
383 4721 537 4801 quotenos
567 4714 712 4784 Jobaaas'
734 4716 772 4781 de
795 4713 994 4780 Hoieaicim
1017 4713 1054 4778 dc
1083 4714 1227 4780 custodio
1250 4713 1431 4794 Eystttcasi
1448 4710 1666 4794 provideatur.

1185 4852 1350 4931 Atiat'onc,
1376 4850 1460 4915 1357
1487 4849 1627 4916 Octobris
1650 4849 1704 4914 28.

346 5040 538 5131 Supplitat
560 5044 601 5112 Sl
633 5046 688 5108 Vf⁰
713 5099 719 5112 .
741 5097 747 5109 .
768 5097 772 5107 .
796 5098 801 5111 .
839 5044 976 5110 Karalus
1006 5046 1218 5110 Romanorum
1241 5043 1424 5126 imperator,
1457 5046 1613 5122 quatenus
1637 5039 1699 5104 sibi
1721 5038 1754 5102 in

253 5167 414 5232 personam
438 5152 487 5218 sui
510 5151 630 5234 patrini
652 5150 777 5235 dilecti,
800 5168 895 5232 quem
925 5150 994 5232 ipse
1018 5149 1058 5214 de
1082 5166 1170 5214 sacro
1194 5147 1344 5230 baptismi
1377 5144 1464 5211 laute
1487 5143 1615 5226 levavit,
1645 5141 1755 5207 fratris

251 5252 373 5339 l'bobie,
396 5253 454 5321 filii
476 5255 593 5322 nobilis
615 5256 677 5322 viri
700 5255 821 5322 Thubie
845 5253 923 5320 dicti
949 5253 989 5318 de
1013 5252 1160 5318 Kemnitn
1176 5252 1216 5317 de
1239 5250 1422 5333 Betbingeu
1445 5246 1574 5314 baronis
1597 5245 1646 5310 sui
1662 5244 1751 5327 regni

248 5356 382 5445 boemie,
404 5359 523 5427 ordinis
546 5360 780 5444 predicatorum
803 5357 954 5444 professi,
977 5356 1148 5439 specialem
1182 5355 1320 5440 graciam
1343 5352 1507 5432 iacientes,
1531 5349 1636 5417 eidem
1659 5344 1752 5412 fratri
