<?xml version="1.0" encoding="UTF-8"?>
<!DOCTYPE html PUBLIC "-//W3C//DTD XHTML 1.0 Transitional//EN"
    "http://www.w3.org/TR/xhtml1/DTD/xhtml1-transitional.dtd">
<html xmlns="http://www.w3.org/1999/xhtml" xml:lang="en" lang="en">
 <head>
  <title>
</title>
<meta http-equiv="Content-Type" content="text/html;charset=utf-8" />
  <meta name='ocr-system' content='tesseract 3.04.00' />
  <meta name='ocr-capabilities' content='ocr_page ocr_carea ocr_par ocr_line ocrx_word'/>
</head>
<body>
  <div class='ocr_page' id='page_1' title='image "./monumentavatica00vatigoog_0269.png"; bbox 0 0 3944 6060; ppageno 0'>
   <div class='ocr_carea' id='block_1_1' title="bbox 230 436 1138 510">
    <p class='ocr_par' dir='ltr' id='par_1_1' title="bbox 230 436 1138 510">
     <span class='ocr_line' id='line_1_1' title="bbox 230 436 1138 510; baseline -0.021 -3"><span class='ocrx_word' id='word_1_1' title='bbox 230 445 294 510; x_wconf 76' lang='lat'><strong>‘212</strong></span> <span class='ocrx_word' id='word_1_2' title='bbox 836 443 904 492; x_wconf 80' lang='lat' dir='ltr'><strong>Acta</strong></span> <span class='ocrx_word' id='word_1_3' title='bbox 922 437 1076 492; x_wconf 83' lang='lat' dir='ltr'><strong>Innocentii</strong></span> <span class='ocrx_word' id='word_1_4' title='bbox 1093 436 1138 490; x_wconf 91' lang='lat' dir='ltr'><strong>VI.</strong></span> 
     </span>
    </p>
   </div>
   <div class='ocr_carea' id='block_1_2' title="bbox 231 644 1738 1246">
    <p class='ocr_par' dir='ltr' id='par_1_2' title="bbox 231 644 1738 1037">
     <span class='ocr_line' id='line_1_2' title="bbox 231 644 1738 730; baseline -0.003 -17"><span class='ocrx_word' id='word_1_5' title='bbox 231 649 336 715; x_wconf 87' lang='lat' dir='ltr'><strong>facere</strong></span> <span class='ocrx_word' id='word_1_6' title='bbox 359 649 539 730; x_wconf 76' lang='lat' dir='ltr'><strong>specialem,</strong></span> <span class='ocrx_word' id='word_1_7' title='bbox 563 648 680 711; x_wconf 91' lang='lat' dir='ltr'><strong>dictum</strong></span> <span class='ocrx_word' id='word_1_8' title='bbox 704 647 892 711; x_wconf 86' lang='lat' dir='ltr'><strong>decanatum</strong></span> <span class='ocrx_word' id='word_1_9' title='bbox 908 647 954 710; x_wconf 93' lang='lat' dir='ltr'><strong>sic</strong></span> <span class='ocrx_word' id='word_1_10' title='bbox 970 651 1136 710; x_wconf 84' lang='lat' dir='ltr'><strong>vacantem</strong></span> <span class='ocrx_word' id='word_1_11' title='bbox 1155 697 1161 710; x_wconf 92' lang='lat'><strong><em>.</em></strong></span> <span class='ocrx_word' id='word_1_12' title='bbox 1182 697 1190 713; x_wconf 88' lang='lat'><strong>.</strong></span> <span class='ocrx_word' id='word_1_13' title='bbox 1209 694 1216 708; x_wconf 94' lang='lat'><em>.</em></span> <span class='ocrx_word' id='word_1_14' title='bbox 1237 695 1243 708; x_wconf 94' lang='lat'><strong>.</strong></span> <span class='ocrx_word' id='word_1_15' title='bbox 1268 645 1443 727; x_wconf 88' lang='lat' dir='ltr'><strong>apostolica</strong></span> <span class='ocrx_word' id='word_1_16' title='bbox 1465 645 1523 710; x_wconf 91' lang='lat' dir='ltr'><strong>tibi</strong></span> <span class='ocrx_word' id='word_1_17' title='bbox 1546 644 1738 709; x_wconf 84' lang='lat' dir='ltr'><strong>auctoritate</strong></span> 
     </span>
     <span class='ocr_line' id='line_1_3' title="bbox 232 748 1737 831; baseline -0.003 -15"><span class='ocrx_word' id='word_1_18' title='bbox 232 751 424 818; x_wconf 77' lang='lat' dir='ltr'><strong>conferimus</strong></span> <span class='ocrx_word' id='word_1_19' title='bbox 447 757 481 815; x_wconf 92' lang='lat' dir='ltr'><strong>et</strong></span> <span class='ocrx_word' id='word_1_20' title='bbox 511 752 551 815; x_wconf 92' lang='lat' dir='ltr'><strong>de</strong></span> <span class='ocrx_word' id='word_1_21' title='bbox 581 751 637 814; x_wconf 94' lang='lat' dir='ltr'><strong>illo</strong></span> <span class='ocrx_word' id='word_1_22' title='bbox 669 751 769 816; x_wconf 88' lang='lat' dir='ltr'><strong>eciam</strong></span> <span class='ocrx_word' id='word_1_23' title='bbox 800 750 1002 831; x_wconf 84' lang='lat' dir='ltr'>providemus</span> <span class='ocrx_word' id='word_1_24' title='bbox 1021 800 1028 815; x_wconf 90' lang='lat'><em>.</em></span> <span class='ocrx_word' id='word_1_25' title='bbox 1048 797 1055 810; x_wconf 93' lang='lat'><strong><em>.</em></strong></span> <span class='ocrx_word' id='word_1_26' title='bbox 1075 800 1081 813; x_wconf 94' lang='lat'><em>.</em></span> <span class='ocrx_word' id='word_1_27' title='bbox 1102 799 1120 826; x_wconf 94' lang='lat'><strong>.,</strong></span> <span class='ocrx_word' id='word_1_28' title='bbox 1155 769 1217 815; x_wconf 94' lang='lat' dir='ltr'><strong>non</strong></span> <span class='ocrx_word' id='word_1_29' title='bbox 1248 749 1502 816; x_wconf 85' lang='lat' dir='ltr'><strong>obstantibus..</strong></span> <span class='ocrx_word' id='word_1_30' title='bbox 1523 799 1530 814; x_wconf 92' lang='lat'><strong>.</strong></span> <span class='ocrx_word' id='word_1_31' title='bbox 1548 798 1566 830; x_wconf 88' lang='lat'><strong>.,</strong></span> <span class='ocrx_word' id='word_1_32' title='bbox 1600 748 1684 829; x_wconf 91' lang='lat' dir='ltr'><strong>quod</strong></span> <span class='ocrx_word' id='word_1_33' title='bbox 1704 748 1737 812; x_wconf 93' lang='lat' dir='ltr'><strong>in</strong></span> 
     </span>
     <span class='ocr_line' id='line_1_4' title="bbox 233 851 1736 934; baseline -0.002 -14"><span class='ocrx_word' id='word_1_34' title='bbox 233 857 319 920; x_wconf 90' lang='lat' dir='ltr'><strong>dicta</strong></span> <span class='ocrx_word' id='word_1_35' title='bbox 342 854 545 919; x_wconf 91' lang='lat' dir='ltr'><strong>Olomucensi</strong></span> <span class='ocrx_word' id='word_1_36' title='bbox 568 855 705 918; x_wconf 90' lang='lat' dir='ltr'><strong>ecclesia</strong></span> <span class='ocrx_word' id='word_1_37' title='bbox 727 854 946 918; x_wconf 88' lang='lat' dir='ltr'><strong>canonicatum</strong></span> <span class='ocrx_word' id='word_1_38' title='bbox 969 859 1003 916; x_wconf 92' lang='lat' dir='ltr'><strong>et</strong></span> <span class='ocrx_word' id='word_1_39' title='bbox 1025 854 1227 934; x_wconf 89' lang='lat' dir='ltr'><strong>prebendam,</strong></span> <span class='ocrx_word' id='word_1_40' title='bbox 1251 859 1287 916; x_wconf 93' lang='lat' dir='ltr'><strong>ut</strong></span> <span class='ocrx_word' id='word_1_41' title='bbox 1302 851 1471 934; x_wconf 81' lang='lat' dir='ltr'><strong>prefertur,</strong></span> <span class='ocrx_word' id='word_1_42' title='bbox 1494 853 1637 917; x_wconf 90' lang='lat' dir='ltr'><strong>nosceris</strong></span> <span class='ocrx_word' id='word_1_43' title='bbox 1660 853 1736 917; x_wconf 90' lang='lat' dir='ltr'><strong>obti-</strong></span> 
     </span>
     <span class='ocr_line' id='line_1_5' title="bbox 232 957 1218 1037; baseline -0.004 -12"><span class='ocrx_word' id='word_1_44' title='bbox 232 979 309 1025; x_wconf 89' lang='lat' dir='ltr'><strong>nere</strong></span> <span class='ocrx_word' id='word_1_45' title='bbox 329 1011 334 1022; x_wconf 96' lang='lat'>.</span> <span class='ocrx_word' id='word_1_46' title='bbox 355 1010 360 1022; x_wconf 94' lang='lat'>.</span> <span class='ocrx_word' id='word_1_47' title='bbox 382 1012 388 1023; x_wconf 92' lang='lat'><strong><em>.</em></strong></span> <span class='ocrx_word' id='word_1_48' title='bbox 410 1006 416 1019; x_wconf 93' lang='lat'><strong>.</strong></span> <span class='ocrx_word' id='word_1_49' title='bbox 440 961 478 1022; x_wconf 91' lang='lat' dir='ltr'><strong>D.</strong></span> <span class='ocrx_word' id='word_1_50' title='bbox 504 959 660 1024; x_wconf 78' lang='lat' dir='ltr'><strong>Aninione</strong></span> <span class='ocrx_word' id='word_1_51' title='bbox 684 958 730 1022; x_wconf 86' lang='grc' dir='ltr'><strong>ΙΙΙ</strong></span> <span class='ocrx_word' id='word_1_52' title='bbox 747 976 819 1022; x_wconf 89' lang='lat' dir='ltr'><strong>non.</strong></span> <span class='ocrx_word' id='word_1_53' title='bbox 844 957 1032 1023; x_wconf 86' lang='lat' dir='ltr'><strong>Novembris</strong></span> <span class='ocrx_word' id='word_1_54' title='bbox 1050 976 1077 1020; x_wconf 88' lang='lat' dir='ltr'><strong>a.</strong></span> <span class='ocrx_word' id='word_1_55' title='bbox 1095 963 1218 1037; x_wconf 88' lang='lat' dir='ltr'><strong>quarto.</strong></span> 
     </span>
    </p>

    <p class='ocr_par' dir='ltr' id='par_1_3' title="bbox 234 1059 1737 1246">
     <span class='ocr_line' id='line_1_6' title="bbox 363 1059 1737 1144; baseline -0.004 -17"><span class='ocrx_word' id='word_1_56' title='bbox 363 1065 399 1127; x_wconf 92' lang='lat' dir='ltr'><strong>ln</strong></span> <span class='ocrx_word' id='word_1_57' title='bbox 422 1083 451 1127; x_wconf 90' lang='lat' dir='ltr'><strong>e.</strong></span> <span class='ocrx_word' id='word_1_58' title='bbox 481 1084 512 1127; x_wconf 94' lang='lat' dir='ltr'><strong>m</strong></span> <span class='ocrx_word' id='word_1_59' title='bbox 516 1111 632 1129; x_wconf 89' lang='grc'><strong>.....</strong></span> <span class='ocrx_word' id='word_1_60' title='bbox 664 1062 902 1144; x_wconf 89' lang='lat' dir='ltr'><strong>archiepiscopo</strong></span> <span class='ocrx_word' id='word_1_61' title='bbox 933 1061 1085 1142; x_wconf 83' lang='lat' dir='ltr'><strong>Pragensi</strong></span> <span class='ocrx_word' id='word_1_62' title='bbox 1116 1067 1150 1124; x_wconf 87' lang='lat' dir='ltr'><strong>et</strong></span> <span class='ocrx_word' id='word_1_63' title='bbox 1170 1109 1202 1122; x_wconf 93' lang='lat'><strong>..</strong></span> <span class='ocrx_word' id='word_1_64' title='bbox 1235 1061 1384 1142; x_wconf 91' lang='lat' dir='ltr'><strong>episcopo</strong></span> <span class='ocrx_word' id='word_1_65' title='bbox 1416 1060 1572 1125; x_wconf 88' lang='lat' dir='ltr'><strong>Gnrcensi</strong></span> <span class='ocrx_word' id='word_1_66' title='bbox 1601 1079 1638 1124; x_wconf 88' lang='lat' dir='ltr'><strong>ac</strong></span> <span class='ocrx_word' id='word_1_67' title='bbox 1664 1061 1694 1124; x_wconf 92' lang='lat' dir='ltr'><strong>d.</strong></span> <span class='ocrx_word' id='word_1_68' title='bbox 1716 1059 1737 1124; x_wconf 83' lang='lat' dir='ltr'><strong>f.</strong></span> 
     </span>
     <span class='ocr_line' id='line_1_7' title="bbox 234 1165 1259 1246; baseline -0.007 -12"><span class='ocrx_word' id='word_1_69' title='bbox 234 1169 458 1234; x_wconf 89' lang='lat' dir='ltr'><strong>archidiacono</strong></span> <span class='ocrx_word' id='word_1_70' title='bbox 488 1166 759 1244; x_wconf 83' lang='lat' dir='ltr'><strong>Boloslauiensi⁸)</strong></span> <span class='ocrx_word' id='word_1_71' title='bbox 784 1166 816 1229; x_wconf 95' lang='lat' dir='ltr'><strong>in</strong></span> <span class='ocrx_word' id='word_1_72' title='bbox 840 1165 977 1231; x_wconf 87' lang='lat' dir='ltr'><strong>ecclesia</strong></span> <span class='ocrx_word' id='word_1_73' title='bbox 1004 1166 1153 1246; x_wconf 82' lang='lat' dir='ltr'><strong>l¹ragensi</strong></span> <span class='ocrx_word' id='word_1_74' title='bbox 1174 1216 1180 1229; x_wconf 93' lang='lat'><strong>.</strong></span> <span class='ocrx_word' id='word_1_75' title='bbox 1200 1216 1206 1228; x_wconf 92' lang='lat'><em>.</em></span> <span class='ocrx_word' id='word_1_76' title='bbox 1227 1213 1259 1232; x_wconf 92' lang='lat'><strong>..</strong></span> 
     </span>
    </p>
   </div>
   <div class='ocr_carea' id='block_1_3' title="bbox 364 1351 1174 1421">
    <p class='ocr_par' dir='ltr' id='par_1_4' title="bbox 364 1351 1174 1421">
     <span class='ocr_line' id='line_1_8' title="bbox 364 1351 1174 1421; baseline -0.006 -12"><span class='ocrx_word' id='word_1_77' title='bbox 364 1356 395 1409; x_wconf 87' lang='lat' dir='ltr'><strong>R.</strong></span> <span class='ocrx_word' id='word_1_78' title='bbox 416 1359 465 1407; x_wconf 82' lang='lat' dir='ltr'><strong>Ar.</strong></span> <span class='ocrx_word' id='word_1_79' title='bbox 486 1361 534 1408; x_wconf 79' lang='lat'><strong>132</strong></span> <span class='ocrx_word' id='word_1_80' title='bbox 554 1355 599 1408; x_wconf 86' lang='lat' dir='ltr'><strong>iol.</strong></span> <span class='ocrx_word' id='word_1_81' title='bbox 620 1351 689 1408; x_wconf 67' lang='lat'><strong>203⁴.</strong></span> <span class='ocrx_word' id='word_1_82' title='bbox 713 1384 736 1392; x_wconf 94' lang='lat'>-</span> <span class='ocrx_word' id='word_1_83' title='bbox 760 1359 784 1420; x_wconf 71' lang='lat'><strong>⁴)</strong></span> <span class='ocrx_word' id='word_1_84' title='bbox 804 1353 927 1421; x_wconf 78' lang='lat' dir='ltr'><strong>corrige:</strong></span> <span class='ocrx_word' id='word_1_85' title='bbox 946 1351 1174 1418; x_wconf 66' lang='lat' dir='ltr'><strong>,Boieslauiensic</strong></span> 
     </span>
    </p>
   </div>
   <div class='ocr_carea' id='block_1_4' title="bbox 885 1565 1092 1572">
    <p class='ocr_par' dir='ltr' id='par_1_5' title="bbox 885 1565 1092 1572">
     <span class='ocr_line' id='line_1_9' title="bbox 885 1565 1092 1572; baseline -0.005 0"><span class='ocrx_word' id='word_1_86' title='bbox 885 1565 1092 1572; x_wconf 79' lang='lat'><strong>.—</strong></span> 
     </span>
    </p>
   </div>
   <div class='ocr_carea' id='block_1_5' title="bbox 234 1733 1748 3827">
    <p class='ocr_par' dir='ltr' id='par_1_6' title="bbox 234 1733 1748 3827">
     <span class='ocr_line' id='line_1_10' title="bbox 234 1733 1741 1816; baseline -0.006 -13"><span class='ocrx_word' id='word_1_87' title='bbox 234 1737 317 1803; x_wconf 72' lang='lat'><strong>527</strong></span> <span class='ocrx_word' id='word_1_88' title='bbox 344 1736 446 1800; x_wconf 81' lang='lat' dir='ltr'><strong>Paulo</strong></span> <span class='ocrx_word' id='word_1_89' title='bbox 472 1737 552 1799; x_wconf 78' lang='lat' dir='ltr'><strong>dicto</strong></span> <span class='ocrx_word' id='word_1_90' title='bbox 577 1735 667 1798; x_wconf 69' lang='lat' dir='ltr'><strong>Halae</strong></span> <span class='ocrx_word' id='word_1_91' title='bbox 689 1738 895 1812; x_wconf 63' lang='lat' dir='ltr'><strong>conparantur</strong></span> <span class='ocrx_word' id='word_1_92' title='bbox 916 1736 1123 1799; x_wconf 72' lang='lat' dir='ltr'><strong><em>canonicatus</em></strong></span> <span class='ocrx_word' id='word_1_93' title='bbox 1142 1739 1171 1797; x_wconf 80' lang='lat' dir='ltr'><strong>ct</strong></span> <span class='ocrx_word' id='word_1_94' title='bbox 1189 1733 1373 1816; x_wconf 81' lang='lat' dir='ltr'><strong>praebendo</strong></span> <span class='ocrx_word' id='word_1_95' title='bbox 1395 1733 1542 1797; x_wconf 76' lang='lat' dir='ltr'><strong>ccclesiae</strong></span> <span class='ocrx_word' id='word_1_96' title='bbox 1559 1733 1741 1813; x_wconf 77' lang='lat' dir='ltr'><strong>Propensis.</strong></span> 
     </span>
     <span class='ocr_line' id='line_1_11' title="bbox 306 1872 1699 1955; baseline -0.001 -19"><span class='ocrx_word' id='word_1_97' title='bbox 306 1895 382 1955; x_wconf 49' lang='grc' dir='ltr'><strong>,ΣΞ</strong></span> <span class='ocrx_word' id='word_1_98' title='bbox 1165 1873 1327 1954; x_wconf 81' lang='lat' dir='ltr'><strong>Aciaionc,</strong></span> <span class='ocrx_word' id='word_1_99' title='bbox 1350 1874 1437 1935; x_wconf 78' lang='lat'><strong><em>1356</em></strong></span> <span class='ocrx_word' id='word_1_100' title='bbox 1460 1872 1646 1937; x_wconf 81' lang='lat' dir='ltr'><strong>Novembris</strong></span> <span class='ocrx_word' id='word_1_101' title='bbox 1668 1872 1699 1934; x_wconf 84' lang='lat'><strong>6.</strong></span> 
     </span>
     <span class='ocr_line' id='line_1_12' title="bbox 284 1978 396 2028; baseline 0.009 -1"><span class='ocrx_word' id='word_1_102' title='bbox 284 1978 396 2028; x_wconf 60' lang='lat' dir='ltr'><strong>‚aa</strong></span> 
     </span>
     <span class='ocr_line' id='line_1_13' title="bbox 370 2081 1744 2160; baseline 0 -14"><span class='ocrx_word' id='word_1_103' title='bbox 370 2086 407 2146; x_wconf 85' lang='lat' dir='ltr'><strong>b.</strong></span> <span class='ocrx_word' id='word_1_104' title='bbox 431 2085 451 2148; x_wconf 87' lang='lat' dir='ltr'><strong>f.</strong></span> <span class='ocrx_word' id='word_1_105' title='bbox 477 2085 574 2150; x_wconf 90' lang='lat' dir='ltr'><strong>Paulo</strong></span> <span class='ocrx_word' id='word_1_106' title='bbox 599 2084 683 2148; x_wconf 89' lang='lat' dir='ltr'><strong>dicto</strong></span> <span class='ocrx_word' id='word_1_107' title='bbox 708 2082 800 2146; x_wconf 82' lang='lat' dir='ltr'><strong>Habe</strong></span> <span class='ocrx_word' id='word_1_108' title='bbox 824 2081 973 2145; x_wconf 89' lang='lat' dir='ltr'><strong>canonico</strong></span> <span class='ocrx_word' id='word_1_109' title='bbox 997 2081 1148 2160; x_wconf 71' lang='lat' dir='ltr'><strong>Pragensi</strong></span> <span class='ocrx_word' id='word_1_110' title='bbox 1179 2082 1314 2145; x_wconf 90' lang='lat' dir='ltr'><strong>salutern</strong></span> <span class='ocrx_word' id='word_1_111' title='bbox 1338 2090 1398 2145; x_wconf 92' lang='lat' dir='ltr'><strong>etc.</strong></span> <span class='ocrx_word' id='word_1_112' title='bbox 1429 2081 1603 2148; x_wconf 87' lang='lat' dir='ltr'><strong>Probitatis</strong></span> <span class='ocrx_word' id='word_1_113' title='bbox 1626 2089 1661 2146; x_wconf 93' lang='lat' dir='ltr'><strong>et</strong></span> <span class='ocrx_word' id='word_1_114' title='bbox 1684 2082 1744 2146; x_wconf 88' lang='lat' dir='ltr'><strong>uir·</strong></span> 
     </span>
     <span class='ocr_line' id='line_1_14' title="bbox 236 2184 1745 2268; baseline -0.001 -17"><span class='ocrx_word' id='word_1_115' title='bbox 236 2194 339 2252; x_wconf 92' lang='lat' dir='ltr'><strong>tntum</strong></span> <span class='ocrx_word' id='word_1_116' title='bbox 359 2240 365 2252; x_wconf 89' lang='lat'><strong>.</strong></span> <span class='ocrx_word' id='word_1_117' title='bbox 385 2237 390 2248; x_wconf 93' lang='lat'>.</span> <span class='ocrx_word' id='word_1_118' title='bbox 412 2238 445 2252; x_wconf 89' lang='grc'><strong>..</strong></span> <span class='ocrx_word' id='word_1_119' title='bbox 482 2189 608 2252; x_wconf 85' lang='lat' dir='ltr'>Dudum</span> <span class='ocrx_word' id='word_1_120' title='bbox 631 2188 787 2268; x_wconf 90' lang='lat' dir='ltr'><strong>siquidem</strong></span> <span class='ocrx_word' id='word_1_121' title='bbox 810 2203 918 2249; x_wconf 88' lang='lat' dir='ltr'><strong>omnes</strong></span> <span class='ocrx_word' id='word_1_122' title='bbox 952 2184 1155 2248; x_wconf 76' lang='lat' dir='ltr'>canonicatus</span> <span class='ocrx_word' id='word_1_123' title='bbox 1179 2192 1212 2248; x_wconf 90' lang='lat' dir='ltr'><strong>et</strong></span> <span class='ocrx_word' id='word_1_124' title='bbox 1234 2186 1412 2266; x_wconf 88' lang='lat' dir='ltr'><strong>prebendas</strong></span> <span class='ocrx_word' id='word_1_125' title='bbox 1442 2192 1614 2267; x_wconf 87' lang='lat' dir='ltr'><strong>ceteraque</strong></span> <span class='ocrx_word' id='word_1_126' title='bbox 1647 2188 1745 2251; x_wconf 88' lang='lat' dir='ltr'><strong>bene·</strong></span> 
     </span>
     <span class='ocr_line' id='line_1_15' title="bbox 237 2289 1748 2378; baseline -0.001 -23"><span class='ocrx_word' id='word_1_127' title='bbox 237 2291 307 2355; x_wconf 87' lang='lat' dir='ltr'><strong>ficia</strong></span> <span class='ocrx_word' id='word_1_128' title='bbox 330 2293 559 2372; x_wconf 87' lang='lat' dir='ltr'><strong>ecclesiastica,</strong></span> <span class='ocrx_word' id='word_1_129' title='bbox 584 2299 659 2357; x_wconf 91' lang='lat' dir='ltr'><strong>tunc</strong></span> <span class='ocrx_word' id='word_1_130' title='bbox 683 2292 766 2373; x_wconf 90' lang='lat' dir='ltr'><strong>apud</strong></span> <span class='ocrx_word' id='word_1_131' title='bbox 790 2289 996 2371; x_wconf 86' lang='lat' dir='ltr'><strong>apostolicam</strong></span> <span class='ocrx_word' id='word_1_132' title='bbox 1013 2289 1122 2352; x_wconf 88' lang='lat' dir='ltr'><strong>sedem</strong></span> <span class='ocrx_word' id='word_1_133' title='bbox 1139 2289 1288 2352; x_wconf 86' lang='lat' dir='ltr'><strong>vacancia</strong></span> <span class='ocrx_word' id='word_1_134' title='bbox 1310 2296 1344 2353; x_wconf 90' lang='lat' dir='ltr'><strong>et</strong></span> <span class='ocrx_word' id='word_1_135' title='bbox 1359 2290 1567 2378; x_wconf 83' lang='lat' dir='ltr'><strong>imposterum</strong></span> <span class='ocrx_word' id='word_1_136' title='bbox 1583 2297 1748 2372; x_wconf 85' lang='lat' dir='ltr'><strong>vacatura,</strong></span> 
     </span>
     <span class='ocr_line' id='line_1_16' title="bbox 238 2392 1746 2478; baseline -0.001 -19"><span class='ocrx_word' id='word_1_137' title='bbox 238 2396 401 2460; x_wconf 92' lang='lat' dir='ltr'><strong>collacioni</strong></span> <span class='ocrx_word' id='word_1_138' title='bbox 425 2403 459 2460; x_wconf 91' lang='lat' dir='ltr'><strong>et</strong></span> <span class='ocrx_word' id='word_1_139' title='bbox 482 2397 688 2478; x_wconf 90' lang='lat' dir='ltr'><strong>disposicioni</strong></span> <span class='ocrx_word' id='word_1_140' title='bbox 710 2401 818 2459; x_wconf 87' lang='lat' dir='ltr'><strong>nostre</strong></span> <span class='ocrx_word' id='word_1_141' title='bbox 836 2395 983 2457; x_wconf 85' lang='lat' dir='ltr'><strong>duximus</strong></span> <span class='ocrx_word' id='word_1_142' title='bbox 999 2393 1193 2456; x_wconf 89' lang='lat' dir='ltr'><strong>reservanda</strong></span> <span class='ocrx_word' id='word_1_143' title='bbox 1212 2447 1218 2459; x_wconf 91' lang='lat'>.</span> <span class='ocrx_word' id='word_1_144' title='bbox 1239 2445 1244 2456; x_wconf 94' lang='lat'><strong><em>.</em></strong></span> <span class='ocrx_word' id='word_1_145' title='bbox 1265 2443 1272 2456; x_wconf 93' lang='lat'><em>.</em></span> <span class='ocrx_word' id='word_1_146' title='bbox 1293 2443 1300 2458; x_wconf 89' lang='lat'><strong>.</strong></span> <span class='ocrx_word' id='word_1_147' title='bbox 1325 2392 1403 2457; x_wconf 88' lang='lat' dir='ltr'><strong>Cum</strong></span> <span class='ocrx_word' id='word_1_148' title='bbox 1419 2394 1527 2473; x_wconf 90' lang='lat' dir='ltr'><strong>itaque</strong></span> <span class='ocrx_word' id='word_1_149' title='bbox 1542 2393 1746 2475; x_wconf 89' lang='lat' dir='ltr'><strong>postmodum</strong></span> 
     </span>
     <span class='ocr_line' id='line_1_17' title="bbox 238 2497 1745 2581; baseline 0 -19"><span class='ocrx_word' id='word_1_150' title='bbox 238 2500 442 2563; x_wconf 78' lang='lat' dir='ltr'>canonicatus</span> <span class='ocrx_word' id='word_1_151' title='bbox 466 2506 499 2563; x_wconf 92' lang='lat' dir='ltr'><strong>et</strong></span> <span class='ocrx_word' id='word_1_152' title='bbox 521 2500 684 2581; x_wconf 89' lang='lat' dir='ltr'><strong>prebenda</strong></span> <span class='ocrx_word' id='word_1_153' title='bbox 700 2499 834 2562; x_wconf 87' lang='lat' dir='ltr'><strong>ecclesie</strong></span> <span class='ocrx_word' id='word_1_154' title='bbox 853 2497 1029 2578; x_wconf 82' lang='lat' dir='ltr'><strong>Pragensis,</strong></span> <span class='ocrx_word' id='word_1_155' title='bbox 1054 2515 1132 2577; x_wconf 84' lang='lat' dir='ltr'><strong>quos</strong></span> <span class='ocrx_word' id='word_1_156' title='bbox 1153 2548 1159 2559; x_wconf 91' lang='lat'><strong>.</strong></span> <span class='ocrx_word' id='word_1_157' title='bbox 1179 2545 1185 2558; x_wconf 93' lang='lat'><strong><em>.</em></strong></span> <span class='ocrx_word' id='word_1_158' title='bbox 1206 2544 1239 2561; x_wconf 92' lang='lat'><strong>..</strong></span> <span class='ocrx_word' id='word_1_159' title='bbox 1266 2498 1416 2562; x_wconf 69' lang='lat' dir='ltr'><strong>elbertus</strong></span> <span class='ocrx_word' id='word_1_160' title='bbox 1439 2499 1609 2579; x_wconf 88' lang='lat' dir='ltr'><strong>episcopus</strong></span> <span class='ocrx_word' id='word_1_161' title='bbox 1628 2498 1745 2562; x_wconf 88' lang='lat' dir='ltr'><strong>Zweri-</strong></span> 
     </span>
     <span class='ocr_line' id='line_1_18' title="bbox 238 2600 1747 2685; baseline 0.001 -20"><span class='ocrx_word' id='word_1_162' title='bbox 238 2604 346 2666; x_wconf 91' lang='lat' dir='ltr'><strong>nensis</strong></span> <span class='ocrx_word' id='word_1_163' title='bbox 381 2608 523 2685; x_wconf 87' lang='lat' dir='ltr'><strong>tempore</strong></span> <span class='ocrx_word' id='word_1_164' title='bbox 555 2602 763 2684; x_wconf 89' lang='lat' dir='ltr'><strong>promocionis</strong></span> <span class='ocrx_word' id='word_1_165' title='bbox 793 2619 851 2683; x_wconf 92' lang='lat' dir='ltr'><strong>per</strong></span> <span class='ocrx_word' id='word_1_166' title='bbox 882 2619 939 2664; x_wconf 91' lang='lat' dir='ltr'><strong>nos</strong></span> <span class='ocrx_word' id='word_1_167' title='bbox 969 2600 1052 2664; x_wconf 74' lang='lat' dir='ltr'><strong>fracte</strong></span> <span class='ocrx_word' id='word_1_168' title='bbox 1083 2601 1122 2664; x_wconf 94' lang='lat' dir='ltr'><strong>de</strong></span> <span class='ocrx_word' id='word_1_169' title='bbox 1155 2601 1223 2682; x_wconf 90' lang='lat' dir='ltr'><strong>ipso</strong></span> <span class='ocrx_word' id='word_1_170' title='bbox 1254 2601 1294 2664; x_wconf 91' lang='lat' dir='ltr'><strong>ad</strong></span> <span class='ocrx_word' id='word_1_171' title='bbox 1320 2601 1486 2665; x_wconf 89' lang='lat' dir='ltr'><strong>ecclesiam</strong></span> <span class='ocrx_word' id='word_1_172' title='bbox 1510 2603 1747 2666; x_wconf 89' lang='lat' dir='ltr'><strong>Zuerinensem</strong></span> 
     </span>
     <span class='ocr_line' id='line_1_19' title="bbox 238 2704 1745 2787; baseline 0.001 -18"><span class='ocrx_word' id='word_1_173' title='bbox 238 2711 314 2771; x_wconf 93' lang='lat' dir='ltr'><strong>tunc</strong></span> <span class='ocrx_word' id='word_1_174' title='bbox 344 2715 508 2771; x_wconf 83' lang='lat' dir='ltr'><strong>uacarrtem</strong></span> <span class='ocrx_word' id='word_1_175' title='bbox 539 2709 571 2771; x_wconf 93' lang='lat' dir='ltr'><strong>in</strong></span> <span class='ocrx_word' id='word_1_176' title='bbox 602 2708 714 2771; x_wconf 87' lang='lat' dir='ltr'><strong>eadem</strong></span> <span class='ocrx_word' id='word_1_177' title='bbox 740 2706 889 2787; x_wconf 84' lang='lat' dir='ltr'><strong>Progensi</strong></span> <span class='ocrx_word' id='word_1_178' title='bbox 921 2704 1058 2769; x_wconf 91' lang='lat' dir='ltr'><strong>ecclesia</strong></span> <span class='ocrx_word' id='word_1_179' title='bbox 1080 2705 1253 2786; x_wconf 78' lang='lat' dir='ltr'><strong>obtinebat,</strong></span> <span class='ocrx_word' id='word_1_180' title='bbox 1288 2725 1345 2787; x_wconf 86' lang='lat' dir='ltr'><strong>per</strong></span> <span class='ocrx_word' id='word_1_181' title='bbox 1374 2706 1607 2784; x_wconf 83' lang='lat' dir='ltr'><strong>promocionem</strong></span> <span class='ocrx_word' id='word_1_182' title='bbox 1634 2706 1745 2771; x_wconf 88' lang='lat' dir='ltr'><strong>buius-</strong></span> 
     </span>
     <span class='ocr_line' id='line_1_20' title="bbox 239 2810 1746 2892; baseline 0.001 -18"><span class='ocrx_word' id='word_1_183' title='bbox 239 2812 323 2875; x_wconf 91' lang='lat' dir='ltr'><strong>modi</strong></span> <span class='ocrx_word' id='word_1_184' title='bbox 348 2819 381 2874; x_wconf 89' lang='lat' dir='ltr'><strong>et</strong></span> <span class='ocrx_word' id='word_1_185' title='bbox 405 2830 517 2875; x_wconf 74' lang='lat' dir='ltr'><strong>crunnus</strong></span> <span class='ocrx_word' id='word_1_186' title='bbox 537 2812 788 2876; x_wconf 87' lang='lat' dir='ltr'><strong>consecracionis</strong></span> <span class='ocrx_word' id='word_1_187' title='bbox 806 2811 845 2874; x_wconf 89' lang='lat' dir='ltr'><strong>de</strong></span> <span class='ocrx_word' id='word_1_188' title='bbox 861 2810 1010 2873; x_wconf 89' lang='lat' dir='ltr'><strong>mandato</strong></span> <span class='ocrx_word' id='word_1_189' title='bbox 1025 2815 1135 2873; x_wconf 87' lang='lat' dir='ltr'><strong>nostro</strong></span> <span class='ocrx_word' id='word_1_190' title='bbox 1151 2811 1234 2890; x_wconf 87' lang='lat' dir='ltr'><strong>apud</strong></span> <span class='ocrx_word' id='word_1_191' title='bbox 1251 2811 1360 2873; x_wconf 89' lang='lat' dir='ltr'><strong>sedern</strong></span> <span class='ocrx_word' id='word_1_192' title='bbox 1376 2811 1551 2891; x_wconf 87' lang='lat' dir='ltr'><strong>predictam</strong></span> <span class='ocrx_word' id='word_1_193' title='bbox 1566 2810 1746 2892; x_wconf 90' lang='lat' dir='ltr'><strong>impensum</strong></span> 
     </span>
     <span class='ocr_line' id='line_1_21' title="bbox 240 2913 1748 2996; baseline 0.002 -19"><span class='ocrx_word' id='word_1_194' title='bbox 240 2914 353 2994; x_wconf 89' lang='lat' dir='ltr'><strong>eidem,</strong></span> <span class='ocrx_word' id='word_1_195' title='bbox 390 2916 474 2996; x_wconf 87' lang='lat' dir='ltr'><strong>apud</strong></span> <span class='ocrx_word' id='word_1_196' title='bbox 498 2917 605 2979; x_wconf 89' lang='lat' dir='ltr'><strong>sedem</strong></span> <span class='ocrx_word' id='word_1_197' title='bbox 629 2917 730 2996; x_wconf 89' lang='lat' dir='ltr'><strong>ipsam</strong></span> <span class='ocrx_word' id='word_1_198' title='bbox 754 2915 937 2978; x_wconf 84' lang='lat' dir='ltr'><strong>vacaverint</strong></span> <span class='ocrx_word' id='word_1_199' title='bbox 964 2920 999 2977; x_wconf 88' lang='lat' dir='ltr'><strong>et</strong></span> <span class='ocrx_word' id='word_1_200' title='bbox 1022 2920 1136 2977; x_wconf 89' lang='lat' dir='ltr'><strong>vacent</strong></span> <span class='ocrx_word' id='word_1_201' title='bbox 1162 2913 1203 2976; x_wconf 91' lang='lat' dir='ltr'><strong>ad</strong></span> <span class='ocrx_word' id='word_1_202' title='bbox 1226 2931 1367 2995; x_wconf 84' lang='lat' dir='ltr'><strong>presens,</strong></span> <span class='ocrx_word' id='word_1_203' title='bbox 1397 2964 1481 2978; x_wconf 94' lang='lat'><strong>...</strong></span> <span class='ocrx_word' id='word_1_204' title='bbox 1519 2932 1577 2979; x_wconf 90' lang='lat' dir='ltr'><strong>nos</strong></span> <span class='ocrx_word' id='word_1_205' title='bbox 1601 2914 1748 2980; x_wconf 86' lang='lat' dir='ltr'><strong>volentes</strong></span> 
     </span>
     <span class='ocr_line' id='line_1_22' title="bbox 239 3018 1744 3100; baseline 0 -18"><span class='ocrx_word' id='word_1_206' title='bbox 239 3019 298 3082; x_wconf 91' lang='lat' dir='ltr'><strong>tibi</strong></span> <span class='ocrx_word' id='word_1_207' title='bbox 318 3070 323 3081; x_wconf 90' lang='lat'><strong><em>.</em></strong></span> <span class='ocrx_word' id='word_1_208' title='bbox 344 3068 351 3080; x_wconf 94' lang='lat'><strong>.</strong></span> <span class='ocrx_word' id='word_1_209' title='bbox 372 3071 378 3082; x_wconf 91' lang='lat'><strong>.</strong></span> <span class='ocrx_word' id='word_1_210' title='bbox 400 3072 404 3081; x_wconf 95' lang='lat'>.</span> <span class='ocrx_word' id='word_1_211' title='bbox 430 3021 567 3100; x_wconf 80' lang='lat' dir='ltr'><strong>graciam</strong></span> <span class='ocrx_word' id='word_1_212' title='bbox 590 3019 695 3082; x_wconf 89' lang='lat' dir='ltr'><strong>facere</strong></span> <span class='ocrx_word' id='word_1_213' title='bbox 719 3019 898 3100; x_wconf 88' lang='lat' dir='ltr'><strong>specialem,</strong></span> <span class='ocrx_word' id='word_1_214' title='bbox 921 3018 1082 3100; x_wconf 88' lang='lat' dir='ltr'><strong>predictos</strong></span> <span class='ocrx_word' id='word_1_215' title='bbox 1105 3018 1324 3082; x_wconf 86' lang='lat' dir='ltr'><strong>carronicatum</strong></span> <span class='ocrx_word' id='word_1_216' title='bbox 1347 3024 1380 3081; x_wconf 90' lang='lat' dir='ltr'><strong>et</strong></span> <span class='ocrx_word' id='word_1_217' title='bbox 1403 3019 1597 3100; x_wconf 87' lang='lat' dir='ltr'><strong>prebendam</strong></span> <span class='ocrx_word' id='word_1_218' title='bbox 1620 3020 1667 3085; x_wconf 90' lang='lat' dir='ltr'><strong>sic</strong></span> <span class='ocrx_word' id='word_1_219' title='bbox 1691 3038 1744 3082; x_wconf 89' lang='lat' dir='ltr'><strong>va·</strong></span> 
     </span>
     <span class='ocr_line' id='line_1_23' title="bbox 241 3122 1747 3204; baseline 0.001 -19"><span class='ocrx_word' id='word_1_220' title='bbox 241 3129 351 3186; x_wconf 88' lang='lat' dir='ltr'><strong>cantes</strong></span> <span class='ocrx_word' id='word_1_221' title='bbox 378 3171 466 3186; x_wconf 91' lang='lat'>....</span> <span class='ocrx_word' id='word_1_222' title='bbox 499 3124 674 3204; x_wconf 89' lang='lat' dir='ltr'><strong>apostolica</strong></span> <span class='ocrx_word' id='word_1_223' title='bbox 703 3124 761 3187; x_wconf 90' lang='lat' dir='ltr'><strong>tibi</strong></span> <span class='ocrx_word' id='word_1_224' title='bbox 786 3124 976 3187; x_wconf 88' lang='lat' dir='ltr'><strong>auctoritate</strong></span> <span class='ocrx_word' id='word_1_225' title='bbox 1001 3122 1190 3186; x_wconf 85' lang='lat' dir='ltr'><strong>conferimus</strong></span> <span class='ocrx_word' id='word_1_226' title='bbox 1214 3123 1309 3185; x_wconf 92' lang='lat' dir='ltr'><strong>etde</strong></span> <span class='ocrx_word' id='word_1_227' title='bbox 1333 3122 1397 3186; x_wconf 94' lang='lat' dir='ltr'><strong>illis</strong></span> <span class='ocrx_word' id='word_1_228' title='bbox 1421 3123 1520 3188; x_wconf 88' lang='lat' dir='ltr'><strong>eciam</strong></span> <span class='ocrx_word' id='word_1_229' title='bbox 1543 3123 1747 3204; x_wconf 83' lang='lat' dir='ltr'><strong>providemus</strong></span> 
     </span>
     <span class='ocr_line' id='line_1_24' title="bbox 242 3226 1746 3307; baseline 0.002 -19"><span class='ocrx_word' id='word_1_230' title='bbox 242 3277 302 3289; x_wconf 89' lang='lat'><strong>...</strong></span> <span class='ocrx_word' id='word_1_231' title='bbox 330 3277 346 3306; x_wconf 93' lang='lat'><strong>.,</strong></span> <span class='ocrx_word' id='word_1_232' title='bbox 371 3246 433 3290; x_wconf 93' lang='lat' dir='ltr'><strong>non</strong></span> <span class='ocrx_word' id='word_1_233' title='bbox 457 3229 683 3291; x_wconf 76' lang='lat' dir='ltr'><strong>obstantibus,</strong></span> <span class='ocrx_word' id='word_1_234' title='bbox 704 3278 709 3290; x_wconf 94' lang='lat'>.</span> <span class='ocrx_word' id='word_1_235' title='bbox 731 3277 737 3289; x_wconf 93' lang='lat'>.</span> <span class='ocrx_word' id='word_1_236' title='bbox 758 3277 776 3302; x_wconf 85' lang='lat'><strong>.‚</strong></span> <span class='ocrx_word' id='word_1_237' title='bbox 801 3229 883 3307; x_wconf 88' lang='lat' dir='ltr'><strong>quod</strong></span> <span class='ocrx_word' id='word_1_238' title='bbox 899 3229 932 3290; x_wconf 92' lang='lat' dir='ltr'><strong>in</strong></span> <span class='ocrx_word' id='word_1_239' title='bbox 948 3226 1114 3290; x_wconf 87' lang='lat' dir='ltr'><strong>Brenrensi</strong></span> <span class='ocrx_word' id='word_1_240' title='bbox 1138 3246 1206 3289; x_wconf 90' lang='lat' dir='ltr'><strong>cnm</strong></span> <span class='ocrx_word' id='word_1_241' title='bbox 1231 3227 1418 3290; x_wconf 86' lang='lat' dir='ltr'><strong>obediencia</strong></span> <span class='ocrx_word' id='word_1_242' title='bbox 1442 3245 1477 3290; x_wconf 87' lang='lat' dir='ltr'><strong>ac</strong></span> <span class='ocrx_word' id='word_1_243' title='bbox 1501 3227 1533 3291; x_wconf 91' lang='lat' dir='ltr'><strong>in</strong></span> <span class='ocrx_word' id='word_1_244' title='bbox 1557 3228 1644 3292; x_wconf 89' lang='lat' dir='ltr'><strong>dicta</strong></span> <span class='ocrx_word' id='word_1_245' title='bbox 1660 3229 1746 3292; x_wconf 87' lang='lat' dir='ltr'><strong>Zwe·</strong></span> 
     </span>
     <span class='ocr_line' id='line_1_25' title="bbox 241 3330 1745 3411; baseline 0.002 -18"><span class='ocrx_word' id='word_1_246' title='bbox 241 3331 361 3394; x_wconf 87' lang='lat' dir='ltr'><strong>rinensi</strong></span> <span class='ocrx_word' id='word_1_247' title='bbox 393 3349 429 3393; x_wconf 90' lang='lat' dir='ltr'><strong>ac</strong></span> <span class='ocrx_word' id='word_1_248' title='bbox 455 3330 623 3395; x_wconf 91' lang='lat' dir='ltr'><strong>Lubicensi</strong></span> <span class='ocrx_word' id='word_1_249' title='bbox 656 3331 801 3395; x_wconf 89' lang='lat' dir='ltr'><strong>ecclesiis</strong></span> <span class='ocrx_word' id='word_1_250' title='bbox 832 3331 1037 3394; x_wconf 88' lang='lat' dir='ltr'><strong>canonicatus</strong></span> <span class='ocrx_word' id='word_1_251' title='bbox 1068 3337 1102 3394; x_wconf 92' lang='lat' dir='ltr'><strong>ct</strong></span> <span class='ocrx_word' id='word_1_252' title='bbox 1128 3331 1307 3411; x_wconf 87' lang='lat' dir='ltr'><strong>prebendas</strong></span> <span class='ocrx_word' id='word_1_253' title='bbox 1330 3331 1471 3394; x_wconf 88' lang='lat' dir='ltr'><strong>nosceris</strong></span> <span class='ocrx_word' id='word_1_254' title='bbox 1495 3333 1648 3396; x_wconf 90' lang='lat' dir='ltr'><strong>obtinere.</strong></span> <span class='ocrx_word' id='word_1_255' title='bbox 1685 3331 1745 3396; x_wconf 86' lang='lat' dir='ltr'><strong>Vo-</strong></span> 
     </span>
     <span class='ocr_line' id='line_1_26' title="bbox 241 3435 1748 3516; baseline 0.001 -19"><span class='ocrx_word' id='word_1_256' title='bbox 241 3451 333 3497; x_wconf 91' lang='lat' dir='ltr'><strong>nmus</strong></span> <span class='ocrx_word' id='word_1_257' title='bbox 362 3440 477 3513; x_wconf 85' lang='lat' dir='ltr'><strong>autenr,</strong></span> <span class='ocrx_word' id='word_1_258' title='bbox 514 3435 861 3515; x_wconf 84' lang='lat' dir='ltr'><strong>quod,qua1npr·imum</strong></span> <span class='ocrx_word' id='word_1_259' title='bbox 891 3435 1162 3515; x_wconf 89' lang='lat' dir='ltr'><strong>....predictos</strong></span> <span class='ocrx_word' id='word_1_260' title='bbox 1189 3435 1408 3498; x_wconf 89' lang='lat' dir='ltr'><strong>canonicatum</strong></span> <span class='ocrx_word' id='word_1_261' title='bbox 1436 3441 1470 3499; x_wconf 93' lang='lat' dir='ltr'><strong>et</strong></span> <span class='ocrx_word' id='word_1_262' title='bbox 1495 3436 1690 3516; x_wconf 90' lang='lat' dir='ltr'><strong>prebendam</strong></span> <span class='ocrx_word' id='word_1_263' title='bbox 1714 3436 1748 3499; x_wconf 93' lang='lat' dir='ltr'><strong>in</strong></span> 
     </span>
     <span class='ocr_line' id='line_1_27' title="bbox 241 3538 1748 3621; baseline 0.001 -18"><span class='ocrx_word' id='word_1_264' title='bbox 241 3539 352 3603; x_wconf 88' lang='lat' dir='ltr'><strong>eadem</strong></span> <span class='ocrx_word' id='word_1_265' title='bbox 376 3539 529 3620; x_wconf 80' lang='lat' dir='ltr'><strong>Pragensi</strong></span> <span class='ocrx_word' id='word_1_266' title='bbox 554 3540 690 3603; x_wconf 89' lang='lat' dir='ltr'><strong>ecclesia</strong></span> <span class='ocrx_word' id='word_1_267' title='bbox 713 3539 812 3602; x_wconf 88' lang='lat' dir='ltr'><strong>fueris</strong></span> <span class='ocrx_word' id='word_1_268' title='bbox 842 3538 971 3619; x_wconf 88' lang='lat' dir='ltr'><strong>pacifice</strong></span> <span class='ocrx_word' id='word_1_269' title='bbox 1003 3547 1178 3617; x_wconf 88' lang='lat' dir='ltr'><strong>assecutus,</strong></span> <span class='ocrx_word' id='word_1_270' title='bbox 1214 3539 1355 3619; x_wconf 88' lang='lat' dir='ltr'><strong>prefatos</strong></span> <span class='ocrx_word' id='word_1_271' title='bbox 1379 3539 1596 3603; x_wconf 88' lang='lat' dir='ltr'><strong>canonicatum</strong></span> <span class='ocrx_word' id='word_1_272' title='bbox 1621 3547 1655 3603; x_wconf 87' lang='lat' dir='ltr'><strong>et</strong></span> <span class='ocrx_word' id='word_1_273' title='bbox 1677 3559 1748 3621; x_wconf 89' lang='lat' dir='ltr'><strong>pre·</strong></span> 
     </span>
     <span class='ocr_line' id='line_1_28' title="bbox 242 3642 1747 3724; baseline -0.001 -16"><span class='ocrx_word' id='word_1_274' title='bbox 242 3645 386 3724; x_wconf 87' lang='lat' dir='ltr'><strong>bendam,</strong></span> <span class='ocrx_word' id='word_1_275' title='bbox 411 3663 489 3723; x_wconf 89' lang='lat' dir='ltr'><strong>quos</strong></span> <span class='ocrx_word' id='word_1_276' title='bbox 513 3645 544 3706; x_wconf 94' lang='lat' dir='ltr'><strong>in</strong></span> <span class='ocrx_word' id='word_1_277' title='bbox 576 3645 661 3708; x_wconf 89' lang='lat' dir='ltr'><strong>dicta</strong></span> <span class='ocrx_word' id='word_1_278' title='bbox 684 3643 877 3707; x_wconf 77' lang='lat' dir='ltr'><strong>Zaerinensi</strong></span> <span class='ocrx_word' id='word_1_279' title='bbox 901 3643 1045 3718; x_wconf 89' lang='lat' dir='ltr'><strong>ecclesia,</strong></span> <span class='ocrx_word' id='word_1_280' title='bbox 1074 3649 1110 3706; x_wconf 92' lang='lat' dir='ltr'><strong>nt</strong></span> <span class='ocrx_word' id='word_1_281' title='bbox 1133 3643 1338 3724; x_wconf 87' lang='lat' dir='ltr'><strong>premittitur,</strong></span> <span class='ocrx_word' id='word_1_282' title='bbox 1363 3642 1487 3705; x_wconf 87' lang='lat' dir='ltr'><strong>obtines</strong></span> <span class='ocrx_word' id='word_1_283' title='bbox 1491 3689 1617 3717; x_wconf 87' lang='grc'><strong>......</strong></span> <span class='ocrx_word' id='word_1_284' title='bbox 1641 3643 1747 3707; x_wconf 92' lang='lat' dir='ltr'><strong>dimit-</strong></span> 
     </span>
     <span class='ocr_line' id='line_1_29' title="bbox 243 3746 1401 3827; baseline -0.002 -16"><span class='ocrx_word' id='word_1_285' title='bbox 243 3757 310 3811; x_wconf 88' lang='lat' dir='ltr'><strong>tere</strong></span> <span class='ocrx_word' id='word_1_286' title='bbox 336 3750 556 3813; x_wconf 87' lang='lat' dir='ltr'><strong>tenearis...</strong></span> <span class='ocrx_word' id='word_1_287' title='bbox 578 3801 583 3811; x_wconf 92' lang='lat'>.</span> <span class='ocrx_word' id='word_1_288' title='bbox 610 3750 647 3811; x_wconf 80' lang='lat' dir='ltr'><strong>ll.</strong></span> <span class='ocrx_word' id='word_1_289' title='bbox 666 3749 832 3827; x_wconf 83' lang='lat' dir='ltr'><strong>Aninione,</strong></span> <span class='ocrx_word' id='word_1_290' title='bbox 855 3746 932 3811; x_wconf 84' lang='lat' dir='ltr'><strong>Vlll</strong></span> <span class='ocrx_word' id='word_1_291' title='bbox 955 3748 997 3811; x_wconf 90' lang='lat' dir='ltr'><strong>id.</strong></span> <span class='ocrx_word' id='word_1_292' title='bbox 1023 3747 1210 3811; x_wconf 90' lang='lat' dir='ltr'><strong>Novembris</strong></span> <span class='ocrx_word' id='word_1_293' title='bbox 1234 3769 1261 3810; x_wconf 91' lang='lat' dir='ltr'><strong>a.</strong></span> <span class='ocrx_word' id='word_1_294' title='bbox 1279 3753 1401 3826; x_wconf 89' lang='lat' dir='ltr'><strong>quarto.</strong></span> 
     </span>
    </p>
   </div>
   <div class='ocr_carea' id='block_1_6' title="bbox 242 3851 1748 4020">
    <p class='ocr_par' dir='ltr' id='par_1_7' title="bbox 242 3851 1748 4020">
     <span class='ocr_line' id='line_1_30' title="bbox 373 3851 1748 3932; baseline 0.001 -18"><span class='ocrx_word' id='word_1_295' title='bbox 373 3853 408 3915; x_wconf 93' lang='lat' dir='ltr'><strong>lu</strong></span> <span class='ocrx_word' id='word_1_296' title='bbox 432 3871 459 3915; x_wconf 91' lang='lat' dir='ltr'><strong>e.</strong></span> <span class='ocrx_word' id='word_1_297' title='bbox 484 3872 522 3917; x_wconf 91' lang='lat' dir='ltr'><strong>m.</strong></span> <span class='ocrx_word' id='word_1_298' title='bbox 544 3906 550 3919; x_wconf 87' lang='lat'><strong>.</strong></span> <span class='ocrx_word' id='word_1_299' title='bbox 571 3905 576 3915; x_wconf 89' lang='lat'><strong>.</strong></span> <span class='ocrx_word' id='word_1_300' title='bbox 598 3903 603 3913; x_wconf 92' lang='lat'>.</span> <span class='ocrx_word' id='word_1_301' title='bbox 626 3908 630 3915; x_wconf 91' lang='lat'>.</span> <span class='ocrx_word' id='word_1_302' title='bbox 656 3852 763 3916; x_wconf 76' lang='lat' dir='ltr'><strong>alban</strong></span> <span class='ocrx_word' id='word_1_303' title='bbox 779 3852 963 3915; x_wconf 89' lang='lat' dir='ltr'><strong>monasterii</strong></span> <span class='ocrx_word' id='word_1_304' title='bbox 987 3851 1211 3915; x_wconf 82' lang='lat' dir='ltr'><strong>Clodrobensis</strong></span> <span class='ocrx_word' id='word_1_305' title='bbox 1228 3851 1396 3932; x_wconf 82' lang='lat' dir='ltr'><strong>Progensis</strong></span> <span class='ocrx_word' id='word_1_306' title='bbox 1414 3852 1492 3916; x_wconf 73' lang='lat' dir='ltr'><strong>clioc.</strong></span> <span class='ocrx_word' id='word_1_307' title='bbox 1511 3856 1566 3914; x_wconf 92' lang='lat' dir='ltr'><strong>et.</strong></span> <span class='ocrx_word' id='word_1_308' title='bbox 1587 3900 1593 3912; x_wconf 91' lang='lat'>.</span> <span class='ocrx_word' id='word_1_309' title='bbox 1614 3852 1748 3916; x_wconf 89' lang='lat' dir='ltr'><strong>sacriste</strong></span> 
     </span>
     <span class='ocr_line' id='line_1_31' title="bbox 242 3954 1109 4020; baseline -0.005 -1"><span class='ocrx_word' id='word_1_310' title='bbox 242 3957 376 4019; x_wconf 89' lang='lat' dir='ltr'><strong>ecclesie</strong></span> <span class='ocrx_word' id='word_1_311' title='bbox 394 3956 619 4020; x_wconf 64' lang='lat' dir='ltr'><strong>:ininioneusis</strong></span> <span class='ocrx_word' id='word_1_312' title='bbox 643 3976 678 4018; x_wconf 88' lang='lat' dir='ltr'><strong>ac</strong></span> <span class='ocrx_word' id='word_1_313' title='bbox 706 3954 884 4018; x_wconf 79' lang='lat' dir='ltr'><strong>..officiali</strong></span> <span class='ocrx_word' id='word_1_314' title='bbox 908 3955 1109 4019; x_wconf 76' lang='lat' dir='ltr'><strong>Zaerinensi.</strong></span> 
     </span>
    </p>
   </div>
   <div class='ocr_carea' id='block_1_7' title="bbox 375 4140 695 4196">
    <p class='ocr_par' dir='ltr' id='par_1_8' title="bbox 375 4140 695 4196">
     <span class='ocr_line' id='line_1_32' title="bbox 375 4140 695 4196; baseline -0.009 -1"><span class='ocrx_word' id='word_1_315' title='bbox 375 4144 404 4195; x_wconf 84' lang='lat' dir='ltr'><strong>u.</strong></span> <span class='ocrx_word' id='word_1_316' title='bbox 425 4146 473 4194; x_wconf 76' lang='lat' dir='ltr'><strong>Au.</strong></span> <span class='ocrx_word' id='word_1_317' title='bbox 496 4151 542 4194; x_wconf 77' lang='lat' dir='ltr'><strong>raa</strong></span> <span class='ocrx_word' id='word_1_318' title='bbox 563 4144 608 4196; x_wconf 88' lang='lat' dir='ltr'><strong>fol.</strong></span> <span class='ocrx_word' id='word_1_319' title='bbox 628 4140 695 4195; x_wconf 72' lang='lat' dir='ltr'><strong>ucm‘.</strong></span> 
     </span>
    </p>
   </div>
   <div class='ocr_carea' id='block_1_8' title="bbox 243 4475 1754 4870">
    <p class='ocr_par' dir='ltr' id='par_1_9' title="bbox 243 4475 1750 4556">
     <span class='ocr_line' id='line_1_33' title="bbox 243 4475 1750 4556; baseline 0.001 -16"><span class='ocrx_word' id='word_1_320' title='bbox 243 4476 325 4550; x_wconf 77' lang='lat'><strong>528</strong></span> <span class='ocrx_word' id='word_1_321' title='bbox 369 4475 511 4539; x_wconf 76' lang='lat' dir='ltr'><strong>Joleurnn&#39;</strong></span> <span class='ocrx_word' id='word_1_322' title='bbox 541 4476 578 4537; x_wconf 75' lang='lat' dir='ltr'><strong>cle</strong></span> <span class='ocrx_word' id='word_1_323' title='bbox 611 4476 743 4538; x_wconf 86' lang='lat' dir='ltr'><strong>l&#39;craone</strong></span> <span class='ocrx_word' id='word_1_324' title='bbox 767 4479 970 4556; x_wconf 72' lang='lat' dir='ltr'><strong>conscribatur</strong></span> <span class='ocrx_word' id='word_1_325' title='bbox 992 4476 1198 4538; x_wconf 79' lang='lat' dir='ltr'><strong>carwrcicalus</strong></span> <span class='ocrx_word' id='word_1_326' title='bbox 1227 4481 1256 4539; x_wconf 77' lang='lat' dir='ltr'><strong>et</strong></span> <span class='ocrx_word' id='word_1_327' title='bbox 1275 4476 1456 4556; x_wconf 76' lang='lat' dir='ltr'><strong>praebendo</strong></span> <span class='ocrx_word' id='word_1_328' title='bbox 1486 4477 1634 4541; x_wconf 79' lang='lat' dir='ltr'><strong>ccclesiae</strong></span> <span class='ocrx_word' id='word_1_329' title='bbox 1656 4479 1750 4544; x_wconf 82' lang='lat' dir='ltr'><strong>Seno-</strong></span> 
     </span>
    </p>

    <p class='ocr_par' dir='ltr' id='par_1_10' title="bbox 244 4577 1749 4664">
     <span class='ocr_line' id='line_1_34' title="bbox 244 4577 1749 4664; baseline 0.003 -24"><span class='ocrx_word' id='word_1_330' title='bbox 244 4581 358 4643; x_wconf 78' lang='lat' dir='ltr'><strong>nensis,</strong></span> <span class='ocrx_word' id='word_1_331' title='bbox 408 4579 621 4660; x_wconf 75' lang='lat' dir='ltr'><strong>,diulliplicio</strong></span> <span class='ocrx_word' id='word_1_332' title='bbox 639 4581 829 4661; x_wconf 81' lang='lat' dir='ltr'><strong>probitatis“</strong></span> <span class='ocrx_word' id='word_1_333' title='bbox 867 4581 1041 4657; x_wconf 74' lang='lat' dir='ltr'><strong>,Auianionc</strong></span> <span class='ocrx_word' id='word_1_334' title='bbox 1071 4577 1173 4642; x_wconf 80' lang='lat' dir='ltr'><strong>Xl&#39;ll</strong></span> <span class='ocrx_word' id='word_1_335' title='bbox 1189 4581 1253 4644; x_wconf 78' lang='lat' dir='ltr'><strong>cal.</strong></span> <span class='ocrx_word' id='word_1_336' title='bbox 1278 4581 1456 4644; x_wconf 80' lang='lat' dir='ltr'><strong>Decembris</strong></span> <span class='ocrx_word' id='word_1_337' title='bbox 1486 4603 1516 4645; x_wconf 86' lang='lat' dir='ltr'><strong>a.</strong></span> <span class='ocrx_word' id='word_1_338' title='bbox 1539 4587 1681 4664; x_wconf 81' lang='lat' dir='ltr'><strong>quarl0.“</strong></span> <span class='ocrx_word' id='word_1_339' title='bbox 1709 4619 1749 4628; x_wconf 97' lang='lat'>—</span> 
     </span>
    </p>

    <p class='ocr_par' dir='ltr' id='par_1_11' title="bbox 248 4684 1754 4870">
     <span class='ocr_line' id='line_1_35' title="bbox 248 4684 1754 4762; baseline 0.003 -15"><span class='ocrx_word' id='word_1_340' title='bbox 248 4685 287 4747; x_wconf 88' lang='lat' dir='ltr'><strong>In</strong></span> <span class='ocrx_word' id='word_1_341' title='bbox 310 4706 334 4745; x_wconf 86' lang='lat' dir='ltr'><strong>c.</strong></span> <span class='ocrx_word' id='word_1_342' title='bbox 360 4705 399 4746; x_wconf 80' lang='lat' dir='ltr'><strong>ru.</strong></span> <span class='ocrx_word' id='word_1_343' title='bbox 424 4705 448 4746; x_wconf 79' lang='lat' dir='ltr'><strong>a.</strong></span> <span class='ocrx_word' id='word_1_344' title='bbox 477 4684 655 4762; x_wconf 77' lang='lat' dir='ltr'><strong>Gerroccsoe</strong></span> <span class='ocrx_word' id='word_1_345' title='bbox 678 4685 871 4747; x_wconf 80' lang='lat' dir='ltr'><strong>Parisieusis</strong></span> <span class='ocrx_word' id='word_1_346' title='bbox 901 4688 930 4745; x_wconf 81' lang='lat' dir='ltr'><strong>et</strong></span> <span class='ocrx_word' id='word_1_347' title='bbox 957 4705 982 4747; x_wconf 86' lang='lat' dir='ltr'><strong>s.</strong></span> <span class='ocrx_word' id='word_1_348' title='bbox 1008 4684 1174 4749; x_wconf 58' lang='lat' dir='ltr'><strong>&amp;landae</strong></span> <span class='ocrx_word' id='word_1_349' title='bbox 1195 4684 1383 4748; x_wconf 80' lang='lat' dir='ltr'><strong>Senoacasis</strong></span> <span class='ocrx_word' id='word_1_350' title='bbox 1412 4687 1673 4750; x_wconf 69' lang='lat' dir='ltr'><strong>caonastericrum</strong></span> <span class='ocrx_word' id='word_1_351' title='bbox 1699 4688 1754 4751; x_wconf 73' lang='lat' dir='ltr'><strong>ab</strong></span> 
     </span>
     <span class='ocr_line' id='line_1_36' title="bbox 687 4787 1306 4870; baseline 0.003 -21"><span class='ocrx_word' id='word_1_352' title='bbox 687 4787 810 4851; x_wconf 78' lang='lat' dir='ltr'><strong>batibus</strong></span> <span class='ocrx_word' id='word_1_353' title='bbox 834 4787 1118 4851; x_wconf 78' lang='lat' dir='ltr'><strong>coarchidiacono</strong></span> <span class='ocrx_word' id='word_1_354' title='bbox 1142 4789 1306 4870; x_wconf 79' lang='lat' dir='ltr'><strong>Propensi.</strong></span> 
     </span>
    </p>
   </div>
   <div class='ocr_carea' id='block_1_9' title="bbox 376 4927 1707 5118">
    <p class='ocr_par' dir='ltr' id='par_1_12' title="bbox 376 4927 1707 5118">
     <span class='ocr_line' id='line_1_37' title="bbox 1149 4927 1707 5006; baseline 0.005 -15"><span class='ocrx_word' id='word_1_355' title='bbox 1149 4927 1312 5006; x_wconf 65' lang='lat' dir='ltr'><strong>rsa-anone,</strong></span> <span class='ocrx_word' id='word_1_356' title='bbox 1336 4927 1424 4991; x_wconf 80' lang='lat'><strong><em>1356</em></strong></span> <span class='ocrx_word' id='word_1_357' title='bbox 1446 4927 1632 4992; x_wconf 77' lang='lat' dir='ltr'><strong>Novembris</strong></span> <span class='ocrx_word' id='word_1_358' title='bbox 1658 4931 1707 4994; x_wconf 80' lang='lat'><strong>15.</strong></span> 
     </span>
     <span class='ocr_line' id='line_1_38' title="bbox 376 5062 699 5118; baseline 0 -3"><span class='ocrx_word' id='word_1_359' title='bbox 376 5064 406 5115; x_wconf 78' lang='lat' dir='ltr'><strong>lt.</strong></span> <span class='ocrx_word' id='word_1_360' title='bbox 427 5067 476 5115; x_wconf 78' lang='lat' dir='ltr'><strong>Ar.</strong></span> <span class='ocrx_word' id='word_1_361' title='bbox 499 5071 544 5117; x_wconf 73' lang='lat' dir='ltr'><strong>lat</strong></span> <span class='ocrx_word' id='word_1_362' title='bbox 566 5065 611 5118; x_wconf 83' lang='lat' dir='ltr'><strong>fol.</strong></span> <span class='ocrx_word' id='word_1_363' title='bbox 631 5062 699 5115; x_wconf 73' lang='lat'>268⁴.</span> 
     </span>
    </p>
   </div>
   <div class='ocr_carea' id='block_1_10' title="bbox 0 0 1995 6052">
    <p class='ocr_par' dir='ltr' id='par_1_13' title="bbox 0 0 1995 6052">
     <span class='ocr_line' id='line_1_39' title="bbox 0 0 1995 6052; baseline 0 0"><span class='ocrx_word' id='word_1_364' title='bbox 0 0 1995 6052; x_wconf 95' lang='lat' dir='ltr'><strong> </strong></span> 
     </span>
    </p>
   </div>
  </div>
 </body>
</html>
