3944 6060
881 488 948 538 raas
966 481 1036 538 Julii
1056 488 1097 536 rs.
1675 485 1735 550 147

286 735 290 743 -
347 694 443 758 item
467 693 635 777 supplicat,
659 695 818 774 quatinus,
843 714 912 758 cum
936 695 1070 758 rectoria
1095 712 1151 757 seu
1175 695 1384 759 inirristerium
1402 694 1499 758 misse
1516 693 1614 758 beate
1628 693 1738 772 diaria,

232 817 292 880 que
315 798 349 863 in
374 818 486 865 aurora
508 799 543 863 in
564 799 701 864 ecclesia
723 800 876 880 Pragensi
900 799 1034 881 singulis
1058 799 1171 864 diebus
1195 800 1384 878 celebratur,
1408 818 1448 865 ex
1464 804 1638 864 statuto‘et
1653 798 1737 863 ordi.

232 904 365 968 nacione
388 904 488 986 ipsius
512 905 647 968 rectorie
671 922 728 968 seu
751 904 921 968 ministerii
945 902 1123 969 fundatoris
1153 923 1214 969 non
1246 905 1346 986 possit
1382 923 1452 968 cum
1488 904 1554 968 alio
1581 902 1736 969 beneficio

233 1009 417 1092 permutari,
441 1008 557 1074 dilecto
581 1008 696 1073 clerico
719 1016 753 1072 et
775 1007 923 1072 familiari
947 1027 1003 1074 suo
1026 1008 1164 1074 Johanni
1188 1010 1343 1090 quondam
1378 1008 1548 1073 Michaelis
1585 1009 1623 1073 de
1656 1008 1735 1072 Pon·

234 1113 325 1193 suita,
348 1132 430 1177 nunc
453 1114 537 1178 dicte
560 1113 655 1178 misse
678 1113 794 1177 rectori
818 1130 874 1177 seu
896 1113 1052 1190 ministro,
1088 1114 1169 1194 quod
1194 1115 1309 1178 dictam
1344 1115 1511 1179 rectoriam
1546 1132 1604 1177 seu
1637 1110 1734 1176 ruini·

234 1218 364 1282 sterium
389 1237 458 1282 cum
483 1217 545 1282 alio
570 1216 722 1281 beneficio
746 1217 964 1283 ecclesiastico
988 1224 1097 1282 curato
1120 1218 1170 1282 vel
1187 1223 1256 1282 ‘non
1280 1224 1388 1282 curato
1419 1219 1521 1299 possit
1543 1222 1734 1299 permutare,

235 1322 271 1385 de
296 1323 428 1405 speciali
452 1324 559 1405 gracia
582 1322 755 1404 dignemini
780 1322 955 1404 indulgere,
991 1329 1112 1387 statuto
1136 1329 1170 1386 et
1192 1323 1394 1387 ordinacione
1418 1323 1572 1404 predictis
1595 1341 1657 1386 non
1682 1321 1734 1385 ob·

235 1428 401 1510 stantibus,
426 1428 525 1492 eciam
549 1428 576 1492 si
601 1428 778 1492 iuramento
802 1427 911 1492 vallati
935 1435 969 1491 et
992 1445 1049 1509 per
1072 1428 1182 1492 sedem
1217 1427 1422 1510 apostolicam
1458 1425 1633 1493 confirmati
1668 1426 1733 1492 exi·

235 1537 328 1615 stant,
354 1551 423 1596 cum
446 1551 509 1597 non
533 1532 733 1597 obstantibus
757 1538 791 1595 et
814 1532 964 1596 clausulis
987 1533 1162 1614 oportunis.

363 1637 430 1701 ista
452 1657 514 1702 non
537 1644 609 1703 erat
632 1638 795 1720 signata.·)

362 1741 443 1806 Item
466 1743 634 1825 supplicat,
658 1743 806 1823 quatinus
830 1743 934 1807 eidem
958 1743 1096 1808 Johanni
1120 1742 1291 1824 specialem
1315 1741 1452 1823 graciam
1484 1740 1647 1822 facientes,
1681 1742 1734 1805 be-

235 1844 378 1910 neficium
401 1847 652 1912 ecclesiasticum
669 1866 738 1912 cum
755 1830 839 1911 cura¹
853 1849 903 1912 vel
928 1848 995 1912 sine
1020 1866 1095 1912 cura
1118 1848 1158 1912 ad
1182 1846 1385 1912 collacionem
1410 1853 1470 1911 etc.
1496 1845 1736 1928 archiepiscopi,

235 1949 345 2014 decani
369 1956 403 2014 et
425 1952 556 2033 capituli
579 1954 714 2019 ecclesie
745 1954 916 2036 Pragensis
951 1952 1159 2018 communiter
1194 1951 1244 2015 vel
1280 1952 1405 2017 divisim
1440 1957 1599 2033 spectans,
1635 1950 1735 2014 eciam

234 2053 315 2117 siin
339 2054 475 2120 ecclesia
494 2055 673 2122 'cathedrali
696 2059 822 2135 existat,
847 2059 875 2121 si
898 2059 980 2138 quod
1004 2063 1097 2121 vacat
1120 2057 1169 2120 vel
1194 2076 1263 2120 cum
1287 2057 1454 2139 vacaverit,
1477 2056 1582 2119 eidem
1597 2053 1734 2118 dobanni

234 2156 457 2223 conferendum
493 2144 657 2226 donationi
682 2162 856 2244 apostolice
893 2161 1065 2243 dignemini
1088 2179 1263 2244 reservare,
1299 2180 1368 2225 cum
1407 2160 1628 2242 acceptacione
1662 2165 1734 2234 etc,

233 2281 293 2326 non
318 2264 465 2328 obstante
488 2267 626 2330 rectoria
649 2285 706 2330 seu
730 2266 907 2331 ministerio
931 2266 1026 2329 misse
1051 2267 1144 2330 beate
1169 2265 1270 2330 blarie
1301 2266 1437 2330 ecclesie
1470 2265 1640 2347 Pragensis
1663 2282 1734 2347 pre·

233 2366 327 2443 dicte,
351 2385 421 2431 cum
446 2371 561 2434 ceteris
585 2390 646 2435 non
671 2373 871 2435 obstantibus
896 2378 1060 2452 utsupra.

364 2472 435 2536 Fiat
459 2474 495 2537 G.

364 2576 444 2641 Item
468 2579 634 2662 supplicat,
658 2581 806 2662 quatinus
831 2581 948 2644 dilecto
972 2580 1087 2644 clerico
1111 2597 1168 2643 suo
1191 2579 1328 2643 Johamn
1352 2581 1508 2659 quondam
1524 2578 1682 2661 Nicholay
1695 2577 1733 2642 de

234 2680 454 2746 Luthomussel
478 2683 517 2748 de
541 2685 728 2749 canonicatu
752 2685 888 2749 ecclesie
913 2683 1171 2749 Olomuntzensis
1195 2683 1368 2764 dignemini
1392 2683 1569 2764 providere,
1600 2682 1733 2764 preben-

234 2785 304 2850 dam
327 2804 412 2860 vero,
439 2788 637 2872 dignitatem,
660 2795 864 2872 personatum
888 2790 938 2853 vel
962 2788 1107 2864 osticium,
1132 2788 1159 2852 si
1183 2805 1254 2868 que,
1279 2787 1349 2867 quis
1373 2793 1428 2850 aut
1450 2788 1533 2867 quod
1557 2793 1671 2850 vacarit
1694 2785 1733 2849 ad

234 2907 366 2970 presens
388 2890 438 2954 vel
463 2911 532 2967 cum
556 2894 649 2957 simul
674 2898 729 2958 aut
761 2895 941 2958 successive
976 2894 1168 2966 vacaverint,
1204 2892 1308 2956 eidem
1342 2891 1533 2956 conferendo
1567 2891 1732 2975 donacioni

235 2992 406 3073 apostolice
429 2995 602 3078 dignemini
626 3016 790 3062 reservare
826 3018 894 3061 cum
933 2997 1154 3080 acceptacione
1189 3003 1259 3077 etc,
1304 3015 1366 3060 non
1402 2997 1614 3073 obstantibus,
1649 2996 1733 3075 quod

234 3098 451 3164 canonicatum
473 3108 507 3166 et
529 3104 722 3183 prebendam
746 3122 770 3167 s.
794 3102 881 3167 Petri
905 3104 944 3167 de
968 3103 1097 3166 Brunna
1121 3101 1378 3166 Olomuntzensis
1403 3101 1482 3167 dioc.
1507 3101 1640 3183 obtinet,
1664 3118 1733 3164 cum

235 3203 349 3266 ceteris
372 3222 434 3268 non
458 3208 658 3271 obstantibus
683 3213 845 3288 utsupra.

362 3307 433 3372 Fiat
457 3310 492 3374 G.

342 3430 441 3495 ¹item
466 3433 633 3515 supplicat,
668 3435 817 3515 quatinus
852 3435 967 3499 dilecto
1003 3434 1117 3498 clerico
1152 3452 1208 3498 suo
1239 3432 1377 3497 iohanni
1401 3433 1557 3512 quondam
1581 3432 1667 3496 Petri
1692 3432 1753 3495 de'

236 3532 394 3598 Chremsir
417 3536 674 3603 Olomuntnensis
698 3539 778 3604 dioc.
804 3539 976 3620 specialem
1000 3538 1138 3618 graciam
1161 3537 1326 3614 iacientes
1359 3535 1545 3601 beneficium
1580 3536 1730 3600 ecclesia·

235 3639 345 3701 sticum
369 3658 438 3702 cum
461 3659 536 3704 cura
558 3642 609 3704 vel
633 3643 701 3707 sine
726 3662 809 3722 cura,
833 3643 921 3706 cuius
938 3642 1069 3724 fructus,
1094 3640 1238 3705 redditus
1262 3648 1294 3705 et
1311 3646 1491 3722 proventus
1517 3641 1543 3704 si
1561 3659 1630 3703 cum
1648 3660 1732 3723 curat,

235 3743 300 3806 sine
325 3763 400 3807 cura
422 3743 520 3808 fuerit
543 3746 588 3825 d),
613 3747 653 3809 ad
677 3747 881 3810 collacionem
906 3753 964 3811 etc.
990 3748 1153 3811 abbatisse
1177 3752 1210 3808 et
1233 3751 1407 3809 corruentus
1431 3745 1615 3808 roouastcrii
1638 3745 1732 3810 Porte

236 3845 300 3911 Celi
324 3849 355 3911 in
379 3847 602 3925 'inssuowitzbt
627 3851 746 3915 ordinis
782 3851 1004 3915 Cisterciensis
1039 3851 1300 3915 Olomrmcaensis
1336 3851 1416 3913 dioc.
1452 3855 1660 3914 corumuniter
1681 3848 1749 3914 vel

236 3951 356 4016 divisim
380 3958 537 4036 spectans
572 3955 597 4018 si
622 3955 705 4034 quod
729 3961 820 4020 valcat
843 3956 882 4019 ad
906 3973 1038 4037 presens
1070 3955 1120 4018 vel
1153 3974 1221 4018 curo
1253 3954 1422 4034 vacaverit,
1461 3953 1563 4017 eidem
1594 3952 1732 4019 Jolnanni

236 4055 457 4120 conferendum
480 4058 647 4123 donacioni
677 4061 850 4141 apostolice
883 4060 1055 4140 dignemini
1090 4077 1265 4133 reservare,
1299 4077 1369 4120 cum
1403 4059 1626 4139 acceptatione
1661 4062 1749 4139 etc,

236 4178 301 4223 cum
326 4180 387 4225 non
412 4162 611 4227 obstantibus
635 4170 798 4246 utsupra.

362 4265 433 4330 Fiat
457 4267 492 4329 G.

360 4386 440 4450 item
465 4388 630 4470 supplicat,
656 4390 803 4469 quatimrs
827 4390 943 4454 dilecto
967 4391 1116 4455 larrrriliari
1150 4411 1206 4456 suo
1231 4389 1579 4473 Starryslaoquondam
1604 4389 1728 4453 ,liberti

235 4492 271 4554 de
294 4492 452 4555 Poznania
474 4495 712 4574 presbytero..
737 4494 902 4572 diocesis)
927 4497 965 4559 ad
991 4487 1195 4560 collacionem
1231 4495 1424 4575 episcopi..
1457 4492 1611 4574 prepositi
1647 4498 1731 4556 et..

235 4596 444 4661 archidiaconi
453 4596 725 4662 ll'ratislaoiensis
739 4602 946 4663 coumumiter
956 4601 1004 4664 rel
1018 4601 1143 4664 divisim
1155 4598 1338 4682 [spectans],
1348 4617 1416 4661 cum
1427 4597 1648 4676 acceptacione
1658 4603 1729 4674 etc,

235 4702 473 4780 nonobstante,
508 4704 590 4783 quod
624 4702 709 4765 idem
733 4701 919 4786 Stonyslaus
942 4707 974 4769 in
999 4706 1084 4769 dicta
1115 4702 1370 4767 Wratislauiensi
1402 4701 1540 4765 ecclesia
1574 4702 1732 4782 quandam

234 4804 378 4871 vicariam
401 4805 541 4870 noscitur
563 4809 716 4885 obtinere,
749 4827 818 4872 cum
842 4811 957 4873 ceteris
983 4830 1043 4875 uon
1067 4808 1265 4872 obstantibus
1290 4812 1325 4869 ut
1349 4825 1453 4887 supra.
1748 4806 1753 4824 ⁵

360 4927 431 4991 Fiat
455 4928 492 4990 G.
517 4928 559 4992 Et
581 4931 664 5010 quod
686 4936 829 4995 trauseat
852 4932 919 4994 siue
955 4933 1017 4995 alia
1050 4931 1190 4995 lectione
1225 4936 1258 4994 et
1293 4929 1493 4994 commitatur
1531 4923 1662 5000 craureu
1699 4908 1748 4997 in

236 5031 383 5109 partibus
408 5031 480 5095 Fiat
504 5033 539 5095 il.
1569 5027 1572 5033 ’
1600 5028 1602 5033 ’
1649 5026 1653 5033 ’
1743 5021 1745 5026 ’

328 5213 329 5216 ¹
362 5136 397 5212 ll.
423 5136 578 5201 Auirrione
602 5139 657 5202 xv
683 5139 744 5202 karl.
769 5141 903 5221 Augusti
928 5161 954 5203 a.
980 5140 1086 5204 torcio.

361 5324 392 5378 lt.
411 5323 506 5394 Suppl.
525 5333 557 5379 26
584 5327 629 5381 iol.
651 5334 708 5381 157.
731 5360 756 5367 -
788 5335 812 5393 a)
838 5330 868 5382 ln
887 5346 971 5398 marg.
990 5330 1046 5383 alia
1065 5345 1146 5382 ruanu
1166 5329 1334 5382 adnotatum.
1350 5329 1374 5393 b)
1394 5326 1730 5396 t'or·1ige:,'l'ussnowltz‘

239 5410 260 5473 c)
276 5409 389 5480 Supple:
407 5411 578 5478 ,beneficium
596 5415 852 5470 ecclesiasticum..
870 5459 874 5470 .
892 5459 896 5469 .
916 5415 1064 5486 dignemini
1081 5421 1230 5471 reservare‘
1250 5421 1280 5470 ut
1297 5415 1324 5468 in
1344 5414 1533 5484 praecedente.

1579 5534 1627 5588 10*
