3944 6060
847 398 914 449 1354
931 394 1057 450 ianuarii
1075 400 1118 449 22.
1311 415 1312 418 “
1693 400 1736 464 85

232 609 419 688 perpetuam
440 604 591 669 vicariam
613 609 648 668 et
669 623 766 668 unum
790 604 891 669 altare
914 605 1057 671 noscitur
1080 604 1235 687 obtinere,
1260 623 1320 686 que
1345 604 1449 670 omnia
1464 611 1595 687 paratus
1619 611 1670 671 est
1691 605 1738 670 di-

232 708 370 790 mittere,
394 727 463 772 cum
487 710 596 791 vigore
620 710 780 790 presentis
793 709 898 790 gracie
924 728 1017 773 unam
1034 710 1226 791 prebendam
1244 714 1300 773 aut
1315 709 1513 790 dignitatem,
1535 715 1740 791 personatum

232 812 283 877 vel
305 812 442 879 officium
464 812 562 877 tuerit
585 819 764 878 assecutus.

362 935 435 1001 Fiat
458 935 495 1000 G.

363 1059 443 1123 ltern
468 1057 635 1140 supplicat,
667 1064 823 1139 quatenus
846 1057 908 1122 sibi
930 1058 964 1121 in
986 1075 1154 1139 personam
1178 1057 1300 1123 Nicolai
1333 1058 1372 1121 de
1397 1056 1588 1139 Chrernsyer
1610 1056 1742 1139 plebani

233 1163 366 1228 ecclesie
390 1164 423 1227 in
445 1163 533 1226 Luca
555 1162 775 1227 Olomucensis
798 1162 889 1242 dioc,
902 1162 1133 1245 prothonotarii
1149 1163 1207 1242 sui,
1232 1162 1403 1244 specialem
1416 1161 1554 1243 graciam
1576 1160 1744 1243 iacientes,

234 1269 272 1333 de
295 1268 482 1332 canonicatu
505 1267 640 1332 ecclesie
665 1266 884 1330 Olornucensis
901 1285 971 1332 cum
986 1267 1207 1331 reservatione
1223 1265 1395 1349 prebende,
1420 1265 1496 1329 siin
1513 1265 1650 1329 ecclesia
1670 1264 1741 1347 ipsa

233 1378 346 1437 vacant
371 1372 410 1436 ad
434 1388 576 1454 presens,
599 1370 649 1434 vel
673 1389 742 1433 cum
778 1370 871 1434 simul
904 1377 959 1434 aut
996 1371 1176 1437 successive
1213 1371 1381 1443 vacabunt,
1425 1369 1647 1451 acceptaciono
1678 1374 1740 1435 etc.

234 1484 386 1559 utsupra
410 1477 514 1541 eidem
537 1476 666 1540 Nicolao
691 1475 864 1557 dignemini
880 1476 1057 1558 providere,
1080 1477 1315 1556 nonobstante,
1339 1474 1422 1555 quod
1438 1475 1555 1538 dictam
1572 1474 1740 1539 ecclesiam

233 1583 264 1646 in
285 1582 373 1646 Luca
394 1587 429 1645 et
451 1581 482 1644 in
509 1599 532 1645 s
558 1580 645 1644 Petri
668 1581 701 1644 in
719 1580 855 1659 Brunna,
880 1579 919 1644 de
935 1580 1049 1659 quibus
1065 1579 1181 1661 litigat,
1207 1585 1241 1643 et
1255 1579 1288 1642 in
1305 1596 1330 1642 s.
1347 1578 1494 1642 Mauricii
1510 1579 1543 1643 in
1559 1578 1742 1644 Obremsier

234 1687 376 1751 ecclesiis
400 1686 485 1750 dicte
509 1685 589 1750 dioc.
613 1684 817 1749 canonicatus
841 1689 875 1748 et
897 1685 1076 1766 prebendas
1100 1683 1242 1749 noscitur
1264 1683 1420 1748 obtinere.

359 1807 433 1871 Fiat
456 1806 493 1871 G.
517 1806 598 1871 Item
613 1812 769 1886 quatenus
793 1824 925 1869 examen
949 1805 1162 1887 predictorum
1179 1805 1395 1871 committatur
1411 1804 1451 1869 ad
1467 1810 1586 1887 partes.
1610 1805 1684 1870 Fiat
1700 1803 1739 1870 d.

234 1911 274 1975 lit
295 1911 380 1991 quod
402 1915 570 1975 transeant
592 1910 661 1975 sine
685 1910 748 1974 alia
770 1908 920 1974 leccione.
953 1909 1025 1973 Fiat
1048 1909 1117 1985 Gt)

362 2033 401 2096 D.
424 2032 581 2096 Aninione
604 2029 649 2095 Xl
672 2030 735 2095 kal.
758 2030 924 2097 Februarii
948 2050 976 2095 a.
1000 2030 1151 2096 secundo.

359 2220 391 2274 R
411 2219 506 2289 Suppl.
525 2218 623 2275 25151.
643 2211 693 2272 21¹.
714 2249 746 2258 -
769 2224 792 2283 a)
811 2218 841 2272 ln
860 2235 942 2288 marg.
963 2219 1028 2274 sim:
1047 2219 1142 2284 ,Extra
1160 2219 1285 2275 remissio
1303 2219 1455 2274 examinis‘.

887 2414 1086 2422 —-—.

233 2604 318 2672 199.
345 2604 544 2668 innocentius
575 2602 623 2666 VI
645 2601 810 2683 confirmat
838 2602 964 2666 litteras
987 2602 1117 2666 Arnesti
1139 2601 1370 2685 archiepiscopi
1399 2605 1572 2684 Prapcnsis
1603 2603 1641 2667 de
1663 2603 1737 2667 dato

235 2707 338 2790 ,apud
367 2707 532 2772 ecclesiam
562 2710 703 2771 nostram
734 2708 926 2787 Propensern
944 2753 953 2772 .
972 2757 978 2770 .
999 2755 1033 2770 ..
1058 2728 1089 2772 a.
1112 2705 1142 2770 ci.
1176 2705 1290 2772 MCCC
1318 2705 1575 2791 quinquapesimo
1604 2705 1737 2771 semeae

234 2811 280 2875 die
301 2809 364 2871 XX
385 2810 502 2876 mensis
526 2810 738 2893 Decembris“,
753 2811 775 2891 ¹)
806 2811 917 2895 quibus
946 2807 1144 2893 parochialis
1180 2810 1311 2874 eeclesia
1340 2812 1374 2875 in
1408 2810 1585 2877 Kastomlat
1599 2819 1626 2893 ⁸)
1658 2811 1738 2874 lta-

232 2916 332 2999 pensis
354 2915 434 2980 dioc.
457 2916 646 2980 monasterio
670 2916 791 2978 Montis
812 2935 839 2979 s.
862 2914 992 2979 Mariae
1014 2914 1048 2977 in
1075 2914 1174 2980 (itaci
1189 2914 1217 2995 ¹³)
1239 2935 1309 2978 cum
1331 2915 1473 2979 omnibus
1495 2913 1583 2979 bonis
1605 2919 1634 2977 et
1657 2912 1736 2977 iuri-

234 3019 285 3085 bus
307 3021 539 3102 incorporatur,
564 3020 769 3085 sanccionem
787 3019 991 3102 praedictam
1013 3023 1122 3084 ratam
1144 3024 1173 3084 et
1193 3026 1323 3103 pratum
1344 3019 1471 3085 babens.
1495 3019 1589 3102 ,Hiis
1609 3038 1735 3103 pucpra

278 3144 283 3206 ι
481 3123 700 3191 scaenarum
731 3124 906 3206 ,Auinione
930 3124 982 3188 XI
998 3123 1063 3189 lcal.
1087 3123 1255 3189 Februarii
1277 3147 1307 3188 a.
1331 3124 1495 3190 sennaab

1166 3261 1329 3342 Acinionc,
1355 3265 1440 3328 1354
1462 3261 1619 3330 Januarii
1640 3266 1694 3330 22.

358 3470 391 3524 lt
411 3471 459 3522 Ar.
480 3475 529 3523 126
548 3470 594 3524 tol.
613 3475 673 3537 574,
697 3470 729 3524 R.
749 3470 810 3523 Vat.
829 3469 941 3524 225151.
960 3466 1020 3522 266⁴
1038 3500 1064 3508 -
1079 3468 1129 3521 Ed.
1144 3468 1217 3538 apud
1230 3468 1362 3523 Vollmer
1381 3485 1407 3521 u.
1420 3468 1543 3536 Habeas,
1564 3467 1737 3522 Geschichts·

236 3557 341 3624 quellen
360 3556 408 3610 der
426 3555 585 3610 Gralschait
608 3557 686 3611 Glatz
711 3559 804 3627 lpag.
831 3562 880 3610 149
906 3572 940 3610 ex
965 3555 1031 3625 orig.
1057 3555 1170 3609 archivii
1194 3557 1306 3624 paroch.
1331 3556 1475 3610 Glacensis
1499 3555 1550 3609 sub
1568 3555 1638 3609 falso
1658 3555 1736 3609 dato:

239 3644 287 3710 ,v1
304 3644 359 3698 kal.
378 3644 545 3700 Februarii⁴.
575 3644 651 3699 Cont.
676 3663 716 3699 nr.
744 3650 801 3712 198,
826 3645 873 3699 ubi
896 3644 991 3698 etiam:
1024 3644 1079 3710 ,xl
1103 3643 1158 3696 kal.
1183 3642 1352 3696 Februarii‘.
1382 3673 1407 3682 -
1432 3648 1457 3708 ³)
1476 3643 1657 3710 ,Kostomalt‘.
1685 3644 1736 3696 Ar.

239 3729 261 3798 b)
278 3732 378 3797 ,Galcz‘
398 3734 446 3784 Av.
466 3760 498 3770 -
516 3732 536 3799 ¹)
554 3731 675 3786 Litterae
694 3732 806 3786 Arnesti
826 3731 1025 3801 archiepiscopi
1036 3731 1113 3794 Pras.
1133 3730 1184 3784 snb
1194 3729 1273 3783 dato:
1294 3746 1334 3796 ,a
1348 3729 1380 3782 D.
1391 3729 1737 3783 millesimotrecentesimo

236 3817 456 3888 quinquagesimo
476 3818 596 3873 secundo
615 3818 660 3872 die
677 3818 807 3873 vicesima
825 3819 913 3887 prima
931 3818 1034 3872 mensis
1052 3817 1166 3871 Marcii‘
1186 3817 1227 3872 ed.
1247 3816 1321 3886 apud
1334 3816 1465 3871 Vollmer
1478 3834 1503 3870 u.
1517 3817 1632 3871 Hohaus
1646 3816 1658 3869 l
1672 3833 1735 3886 pag.

237 3909 289 3958 134.
308 3904 385 3959 cont.
413 3905 488 3959 Mon.
508 3904 569 3958 Vat.
589 3905 602 3958 l
620 3922 660 3960 nr.
682 3910 756 3974 1475,
775 3906 822 3960 ubi
840 3905 965 3959 fundatio
983 3904 1142 3959 monasterii
1161 3920 1182 3958 s.
1200 3904 1306 3958 Mariae
1324 3903 1353 3956 in
1372 3903 1453 3956 Glacz
1469 3907 1534 3957 1352
1548 3904 1613 3972 Apr.
1627 3909 1661 3957 21
1674 3919 1736 3957 con-

235 3988 360 4046 firmatur.
388 3991 458 4046 Vide
482 3993 564 4046 etiam
591 3993 698 4048 litteras
728 3992 948 4048 confirmatorias
974 3991 1066 4046 Caroli
1090 3991 1127 4044 IV
1155 3991 1189 4045 de
1215 3991 1280 4045 dato
1307 3993 1373 4043 1352
1399 3991 1479 4045 Febr.
1507 3997 1522 4045 5
1550 3989 1638 4044 editas
1662 3989 1736 4061 apud

235 4075 361 4135 Vollmer
377 4079 434 4134 und
451 4078 567 4134 Hohans
586 4080 599 4132 1
617 4095 678 4148 pag.
699 4085 756 4136 150.

236 4429 318 4498 200.
343 4431 472 4496 Decem
494 4429 641 4496 caelatae
656 4429 909 4510 Vissepraaiensis
927 4447 1026 4512 prope
1037 4429 1181 4509 Praqam
1196 4427 1379 4502 mandatur,
1402 4431 1555 4509 quatenus
1571 4423 1731 4508 Stepiram

236 4533 387 4600 Jobannis
409 4534 448 4598 dc
476 4533 662 4616 uteretur)
685 4533 723 4600 de
744 4535 931 4598 canonicatu
953 4533 1098 4599 ecclesiae
1120 4531 1293 4613 Propensis
1325 4531 1383 4595 sub
1405 4530 1617 4612 expectatione
1634 4550 1733 4612 prac-

238 4632 346 4703 bendae
364 4638 528 4723 provideri
546 4642 703 4722 procuret,
735 4657 798 4702 non
827 4637 1022 4702 obstantibus
1044 4641 1079 4700 ut
1101 4635 1135 4699 iu
1157 4635 1388 4719 supplicatione
1409 4634 1466 4699 sub
1489 4656 1538 4700 nr.
1556 4634 1628 4699 198.
1652 4633 1732 4717 ,Di-

415 4763 511 4827 pnum
535 4741 751 4808 arbitramur“
781 4741 956 4822 ,Aninione
978 4743 1031 4806 XI
1048 4739 1111 4805 aar.
1136 4738 1305 4805 Februarii
1327 4762 1357 4807 a.
1380 4740 1544 4806 seaundo.¹‘

1164 4881 1328 4955 Aciniane,
1351 4881 1438 4945 1354
1460 4877 1616 4945 Januarii
1637 4878 1690 4943 22.

358 5069 391 5125 n.
410 5071 462 5124 av.
482 5075 533 5125 aa
551 5069 600 5125 ror.
620 5075 689 5138 aar,
706 5071 739 5124 a.
757 5070 819 5124 var.
837 5074 887 5124 aas
906 5069 953 5124 nv.
974 5075 1041 5124 naar.
1060 5100 1093 5110 -
1113 5071 1140 5140 ι)
1159 5068 1323 5139 ,viennen
1342 5068 1392 5121 av.

878 5299 1082 5312 ——-—...
