3990 6052
812 411 879 460 reus
898 407 975 462 Junii
994 415 1034 463 11.
1054 417 1082 465 et
1102 413 1141 464 ¹2.
1686 421 1728 484 33

227 611 285 676 78.
333 611 503 677 l'teealuus
525 615 691 698 episcopus
715 617 973 684 Vratislaoiensis
994 625 1023 684 et
1046 620 1210 687 Jolrannes
1232 624 1394 706 mscopue
1422 624 1632 691 (tunnensis
1653 647 1727 710 sup-

497 718 632 802 plicant,
655 725 812 802 quatenas
835 722 895 787 sibi
918 723 1062 789 diuersae
1081 725 1208 808 pratiae
1229 727 1447 792 concedantur.

1019 864 1115 946 Apud
1145 863 1386 947 Villamnooam,
1411 869 1495 932 1353
1518 869 1611 935 Junii
1633 871 1683 936 11.

353 1063 518 1145 Supplicat
552 1063 593 1129 S²¹
619 1065 673 1130 V¹⁸
696 1067 830 1131 devotus
864 1076 971 1135 orator
997 1077 1105 1136 vester
1135 1072 1302 1138 Precalaus
1333 1077 1503 1159 episcopus
1529 1081 1727 1146 Wratislaui·

224 1167 319 1243 ensis,
342 1167 460 1233 domini
484 1169 694 1234 Romanorum
719 1178 753 1236 et
776 1171 905 1237 Boemie
929 1175 1015 1257 regis
1038 1176 1255 1259 concellarius,
1278 1186 1436 1259 quatenus
1460 1182 1520 1247 sibi
1544 1185 1584 1248 ad
1606 1184 1675 1266 hoc,
1692 1191 1727 1250 ut

224 1270 407 1353 capellanis,
431 1273 565 1351 clericis,
589 1275 797 1340 servitoribus
821 1277 887 1341 suis
911 1285 970 1342 etc.
996 1279 1068 1362 [sic]

353 1377 433 1441 lteru
468 1378 636 1461 supplicat,
672 1386 829 1460 quatenus
864 1383 895 1446 ei
919 1385 1088 1465 specialem
1120 1386 1257 1468 graciam
1288 1386 1452 1470 facientes,
1487 1392 1569 1471 quod
1593 1392 1626 1456 in
1648 1392 1727 1458 locis

224 1481 441 1545 ecclesiastico
476 1483 651 1565 suppositis
685 1483 856 1549 interdicto
891 1486 952 1551 sibi
986 1494 1020 1552 et
1048 1487 1258 1555 familiaribus
1289 1491 1355 1555 suis
1378 1510 1477 1574 usque
1500 1496 1725 1562 adnumerum

224 1588 362 1666 quinque
387 1587 571 1652 domesticis
594 1588 721 1653 missam
745 1590 866 1654 etalio
889 1591 996 1655 divina
1018 1592 1122 1656 officia
1145 1595 1252 1658 valeat
1274 1594 1378 1661 facere
1410 1598 1573 1683 celebrari,
1604 1619 1726 1666 excom-

222 1691 402 1768 mnnicatis,
423 1688 603 1757 interdictis
628 1693 767 1758 exclusis
777 1702 805 1770 ⁸)
838 1700 908 1775 etc,
932 1704 965 1759 ut
989 1697 1021 1759 in
1045 1696 1145 1760 forma
1168 1698 1341 1779 dignemini
1365 1701 1539 1784 indulgere.

353 1798 425 1861 Fiat
447 1799 484 1863 G.

352 1902 517 1987 supplicat
550 1902 590 1974 8¹¹
613 1909 668 1973 V¹⁶
689 1904 852 1970 lohannes
886 1906 1054 1988 episcopus
1090 1906 1318 1984 olomucensis
1352 1918 1509 1990 quatenus
1543 1914 1612 1994 sibi,
1643 1916 1725 1994 quod

223 2013 325 2094 possit
347 2013 466 2095 eligere
490 2013 702 2079 confessorem
725 2012 908 2094 religiosum
943 2011 991 2073 vel
1024 2011 1209 2094 secularem,
1241 2014 1294 2094 qui
1326 2014 1444 2079 auditis
1474 2016 1727 2083 confessionibus

222 2134 293 2180 eum
317 2118 480 2183 absolvere
504 2125 538 2182 et
560 2118 660 2183 eciam
684 2119 717 2181 in
741 2116 851 2181 mortis
876 2117 1010 2180 articulo
1033 2115 1159 2197 plenam
1189 2118 1249 2182 sibi
1281 2120 1499 2186 remissionem
1526 2127 1724 2200 peccatorum

223 2224 396 2287 concedere
419 2223 535 2293 valeat.
559 2223 733 2301 dignemini
757 2221 923 2297 induluere
948 2220 1038 2284 utin
1062 2219 1171 2285 forma.

354 2328 424 2391 Fiat
447 2328 484 2392 G.
509 2328 553 2392 Et
576 2327 658 2408 quod
683 2333 827 2390 transeat
850 2325 918 2389 sine
943 2325 1006 2388 alia
1028 2324 1179 2389 leccione.
1204 2326 1277 2390 Fiat
1300 2327 1337 2391 G.

356 2434 389 2495 Ι).
413 2433 497 2514 apud
523 2431 752 2495 Villamnouarn
776 2429 1002 2494 Auinionensis
1025 2429 1105 2494 dioc.
1131 2429 1178 2493 Ill
1203 2431 1244 2494 id.
1269 2430 1357 2496 Junii
1381 2452 1409 2495 a.
1433 2431 1575 2514 primol’)

350 2621 382 2675 R.
400 2620 495 2690 Suppl.
516 2627 549 2674 23
567 2618 614 2674 iol.
628 2624 687 2674 202.
707 2649 740 2659 -
760 2622 785 2686 ⁸)
805 2617 958 2685 ,exclausis‘
977 2618 1072 2687 Suppl.
1092 2620 1118 2684 b)
1137 2619 1168 2672 ln
1187 2636 1274 2690 marg.
1294 2620 1360 2674 sin:
1381 2619 1484 2688 „Erant
1501 2621 1529 2675 in
1543 2639 1596 2677 uno
1609 2623 1724 2679 rotulo.“

226 3008 283 3074 79.
308 3005 549 3089 Arcaiapiscapo
570 3003 725 3087 Propensi
740 3003 923 3080 mandatur,
939 3008 974 3065 ut
995 3002 1125 3066 Nicolao
1148 3003 1186 3068 de
1210 3006 1411 3086 Reisewica⁸)
1436 3007 1585 3072 canonico
1608 3008 1723 3072 Nuem·

223 3110 367 3193 turperui
400 3111 438 3175 de
472 3110 660 3175 canonicatu
693 3107 840 3173 ecclesiae
872 3128 897 3171 s.
919 3105 1101 3171 Sebastiam
1133 3109 1415 3192 Mapdeburpensis
1437 3117 1492 3175 sut
1513 3113 1727 3195 expectatione

223 3215 355 3280 maioris
371 3215 551 3298 prebendae
569 3212 731 3296 prouideri
748 3215 905 3295 procuret.
932 3212 1095 3291 „Diynum
1109 3212 1323 3277 arbitramur“
1353 3214 1468 3298 „Apud
1495 3215 1726 3282 Villamnouam

583 3314 806 3382 Aninionensis
828 3316 906 3378 dioc.
930 3316 987 3379 lll
1004 3314 1046 3378 id.
1070 3315 1165 3383 Junii
1187 3340 1208 3378 a
1226 3317 1360 3399 primo.“

293 3413 321 3595 ξ
1016 3471 1111 3552 Apud
1142 3471 1379 3555 Villamnooam,
1403 3476 1487 3539 1353
1515 3476 1608 3542 Junii
1629 3479 1681 3541 11.

352 3665 384 3718 R.
401 3667 450 3717 Au.
472 3663 586 3718 124101.
606 3666 675 3729 206⁴,
692 3662 724 3716 R.
744 3660 805 3716 Vat.
825 3660 940 3715 223101.
961 3666 1018 3713 121.
1040 3690 1072 3700 -
1094 3663 1119 3728 ⁸)
1139 3659 1291 3726 ,Berenicz‘
1312 3664 1360 3714 Ar.
1379 3662 1517 3729 ,Berenic‘
1535 3664 1597 3718 Vnt.

874 3874 1074 3884 .-

225 4050 284 4115 80.
309 4046 441 4113 Carolus
466 4049 679 4112 Romanorum
701 4051 731 4110 et
754 4044 923 4110 Bodemiae
945 4051 1051 4110 renel
1078 4044 1264 4127 liudolphus
1281 4045 1345 4110 duce
1360 4046 1524 4111 Sananiae
1539 4047 1724 4130 supplicant

222 4157 374 4235 quatenns
397 4173 466 4217 cum
491 4154 603 4216 Ottorae
636 4151 759 4216 Ottonis
789 4149 827 4214 de
866 4150 975 4213 Wettin
998 4171 1093 4233 super
1126 4148 1364 4231 irrepularitate
1397 4150 1604 4233 dispararetur,
1640 4153 1727 4234 eique

222 4258 260 4322 de
288 4257 416 4322 ecclesia
441 4255 643 4340 parrochiali
675 4256 825 4320 Pirnensi
847 4258 877 4316 et
900 4253 1048 4318 Erdarrio
1083 4254 1215 4318 Henrici
1248 4254 1286 4317 de
1316 4253 1436 4318 Santra
1468 4254 1507 4319 de
1539 4257 1726 4322 canonicatu

286 4362 431 4428 ecclesiae
464 4382 488 4425 s.
522 4361 650 4426 Mariae
681 4357 887 4439 Ersordensis
913 4357 969 4422 sub
991 4360 1204 4441 expectatione
1224 4358 1422 4441 praebendae
1439 4360 1658 4443 provideatur.

898 4495 994 4580 Apud
1025 4497 1261 4574 Villamnoaam,
1287 4499 1371 4562 1353
1394 4497 1489 4565 Junii
1512 4502 1552 4564 11
1578 4505 1608 4564 et
1629 4504 1681 4566 12.

351 4691 537 4773 Supplicant
559 4688 598 4755 8¹*
627 4690 680 4753 er
704 4690 810 4754 devoti
835 4690 890 4754 filii
916 4689 1015 4753 vestri
1041 4688 1176 4752 Karalus
1202 4689 1409 4753 Romanorum
1434 4698 1467 4754 ot
1496 4690 1646 4755 Bohomie
1670 4710 1724 4756 rex

224 4804 256 4858 et
281 4795 464 4877 lindolphus
488 4794 550 4858 dux
575 4794 711 4858 Saxonie
738 4795 930 4876 Romanique
954 4794 1080 4875 imperii
1105 4792 1379 4856 arcirimarscallus
1399 4843 1707 4862 ........

353 5003 430 5067 ltem
455 5002 643 5083 significant,
666 5003 747 5082 qnod
772 5001 850 5066 Otto
863 5008 958 5066 uatus
981 4999 1096 5065 nobilis
1121 5000 1178 5064 viri
1203 5000 1331 5065 Ottonis
1354 5000 1394 5063 de
1410 5000 1541 5082 Wittyn,
1559 5002 1606 5064 sui
1623 5002 1724 5065 consi·

223 5108 306 5172 liarii
330 5108 449 5183 dilecti,
473 5107 701 5188 parrochialem
726 5106 892 5171 ecclesiam
917 5108 949 5170 in
977 5107 1080 5186 Pyrno
1104 5104 1275 5168 Misnonsis
1299 5104 1389 5167 dioc..
1414 5103 1446 5167 iu
1470 5103 1591 5167 decimo
1614 5111 1724 5169 octavo

222 5213 319 5277 etatis
341 5232 398 5276 sue
422 5229 502 5275 anno
516 5210 564 5274 vel
590 5210 847 5289 circumstans,
872 5216 1039 5275 assecutus
1062 5209 1131 5287 fuit,
1155 5227 1247 5288 quam
1270 5226 1328 5288 per
1351 5208 1429 5271 ‹lnos
1454 5226 1552 5272 annos
1576 5206 1625 5270 vel
1642 5209 1724 5272 circa

223 5316 329 5380 tonuit
350 5322 384 5380 et
407 5316 548 5397 possedit
572 5316 651 5380 alirrs
675 5322 781 5379 tamen
794 5313 856 5379 sibi
872 5313 1023 5378 canonice
1040 5312 1198 5391 collatam,
1214 5313 1336 5376 fructus
1352 5310 1534 5393 percipiens
1550 5330 1588 5375 ox
1604 5311 1724 5383 eadem,
