3944 6060
229 443 320 510 xxlt

359 651 395 714 In
419 647 629 730 dispositione
652 647 793 710 litteram
816 644 985 726 accipienti
1009 643 1049 706 de
1072 641 1209 706 ecclesia
1232 658 1288 703 seu
1321 639 1516 705 monasterio
1547 639 1734 722 providetur

229 757 324 836 eique
358 772 434 817 cura
466 758 501 816 et
523 751 755 816 administratio
779 748 935 813 ecclesiae
969 766 1025 811 seu
1060 744 1246 811 monasterii
1282 743 1332 809 his
1366 744 1472 809 verbis
1507 745 1731 809 committitur:

231 858 374 940 „Quibus
397 856 541 922 omnibus
674 853 826 936 pensatis,
862 853 902 915 de
932 869 1067 934 persona
1100 857 1156 914 tua
1191 848 1295 913 eidem
1328 848 1485 914 ecclesiae
1509 851 1732 929 (monasterio)

363 960 553 1026 auctoritate
592 959 766 1042 apostolica
801 957 1004 1039 providemus
1038 961 1133 1034 teque
1167 952 1215 1017 illi
1250 952 1449 1035 praeficimus
1482 953 1516 1017 iu
1549 953 1733 1036 episcopum

232 1066 404 1140 (abbatem)
437 1082 543 1128 curam
575 1069 609 1128 et
632 1061 939 1128 administrationem
961 1059 1062 1142 ipsius
1084 1058 1240 1122 ecclesiae
1263 1058 1477 1140 (monasterii)
1500 1057 1560 1124 tibi
1583 1058 1617 1122 in
1640 1058 1730 1140 spiri·

234 1169 375 1234 tualibus
398 1172 433 1231 et
455 1168 681 1250 temporalibus
704 1164 846 1248 plenarie
870 1163 1126 1230 committendo.⁴‘

364 1271 465 1336 Simili
488 1272 590 1353 modo,
613 1289 674 1351 quo
697 1269 784 1336 bulla
805 1286 887 1334 novo
909 1267 1053 1349 praelato
1076 1265 1245 1345 destinata,
1276 1265 1372 1329 etiam
1396 1266 1436 1329 ad
1460 1265 1540 1329 alias
1571 1284 1734 1348 personas,

233 1395 311 1456 quas
333 1375 471 1457 provisio
495 1375 534 1439 de
557 1375 693 1439 ecclesia
716 1391 772 1438 seu
795 1371 987 1436 monasterio
1010 1370 1124 1452 tangit,
1154 1370 1282 1433 litterae
1313 1370 1353 1433 de
1377 1371 1558 1452 provisione
1582 1371 1640 1435 tali
1664 1372 1734 1436 mit·
1784 1381 1800 1400 ‘'

233 1481 391 1544 tebantur.
416 1479 463 1542 De
486 1478 666 1561 provisione
689 1476 844 1544 Johaunis
867 1475 1008 1559 episcopi
1030 1472 1306 1539 Luthomuslensis
1341 1474 1399 1537 sub
1424 1493 1469 1538 nr.
1499 1475 1558 1540 145
1591 1474 1735 1539 conficie-

234 1581 348 1648 bantur
371 1587 494 1664 septem
517 1582 662 1648 litterae:
691 1586 717 1646 1.
740 1600 820 1647 novo
855 1580 1004 1663 episcopo
1037 1576 1305 1657 Lutbornuslensi,
1340 1579 1368 1640 2.
1400 1578 1540 1657 capitulo
1577 1578 1735 1643 ecclesiae

236 1686 518 1768 lnrthomuslensis,
540 1688 569 1751 3.
594 1687 678 1752 clero
701 1685 842 1750 civitatis
864 1690 900 1749 et
921 1684 1001 1749 dioc.
1025 1680 1309 1761 Luthomuslensis
1344 1681 1373 1743 4.
1398 1681 1515 1762 populo
1538 1682 1679 1747 civitatis
1701 1690 1735 1747 et

234 1790 312 1854 dioc.
338 1789 621 1873 Luthomuslensis,
655 1792 683 1856 5.
707 1789 865 1854 universis
887 1787 1016 1852 vasallis
1039 1786 1194 1850 ecclcsiae
1227 1784 1380 1862 eiusdem,
1427 1787 1456 1849 6.
1492 1786 1735 1869 archiepiscopo

235 1893 398 1974 Progensi,
423 1895 452 1958 7.
476 1892 589 1959 Garolo
611 1893 680 1975 regi
703 1892 883 1959 Bohemiae.

363 2013 400 2077 In
435 2014 574 2079 editione
608 2020 718 2079 nostra
750 2013 878 2077 litterae
913 2012 971 2076 sub
1007 2031 1053 2075 nr.
1088 2014 1174 2077 4-9
1209 2010 1388 2075 nominatae
1418 2010 1451 2074 in
1484 1994 1628 2095 extenso,
1673 2012 1736 2076 nisi

234 2123 377 2182 tenorem
399 2135 508 2181 earum
531 2118 594 2181 iam
618 2117 866 2200 supplicationes
889 2116 1063 2190 continent,
1087 2115 1303 2180 communibus
1326 2121 1433 2178 tamen
1449 2113 1594 2179 formulis
1610 2116 1737 2181 omissis

235 2222 320 2302 typis
343 2221 574 2286 describuntur.

320 2394 359 2457 Β.
382 2393 537 2456 Diversae
553 2396 683 2472 formae
704 2392 885 2458 litterarum
908 2393 944 2456 in
964 2393 1098 2456 editione
1120 2397 1229 2456 nostra
1251 2393 1379 2475 saepius
1401 2392 1683 2475 occrarrenir'nm.³⁷)

367 2535 394 2597 l.
422 2531 686 2598 Conservatoriae.

365 2655 529 2720 Adversus
551 2661 767 2738 occupatores,
801 2655 985 2720 detentores
1020 2660 1053 2719 et
1085 2653 1308 2718 molestatores
1342 2654 1493 2718 bonorum
1518 2655 1558 2719 ad
1581 2655 1740 2721 ecclesias

237 2776 293 2822 seu
317 2759 511 2824 monasteria
533 2758 745 2842 spectantium
769 2741 788 2823 a
810 2759 887 2824 sede
910 2758 1085 2841 apostolica
1118 2763 1359 2822 conservatores
1393 2759 1639 2840 deputabantur,
1685 2761 1737 2842 qui

238 2864 384 2945 requisiti
429 2862 583 2927 ecclesiae
629 2880 687 2926 seu
730 2862 923 2927 monasterio
968 2862 1162 2925 assistentes
1206 2880 1268 2927 non
1314 2864 1510 2944 permittant,
1555 2869 1591 2928 ut
1635 2865 1684 2931 eis
1722 2886 1742 2929 a

237 2969 379 3049 quolibet
401 2967 516 3031 damna
538 2973 572 3031 et
594 2965 729 3031 iniuriae
752 2966 934 3047 irrogentur
957 2969 990 3030 et
1012 2964 1095 3030 bona
1117 2981 1226 3029 eorum
1250 2966 1393 3031 indebite
1416 2975 1617 3048 occvrpantur.
1657 2968 1738 3035 (lon-

238 3072 434 3137 servatoriae
456 3070 598 3135 mandati
619 3068 729 3147 forma,
754 3069 843 3134 cuius
867 3088 986 3151 arenga
1007 3069 1112 3134 verbis
1134 3068 1308 3150 „Militanti
1331 3071 1507 3136 ecclesioe“
1532 3072 1741 3158 incipiebant,

240 3176 495 3243 conficiebantur.

367 3279 516 3345 Narratio
547 3280 586 3344 de
616 3279 772 3361 petitione
795 3278 950 3343 ecclesiae
973 3295 1031 3342 seu
1053 3278 1247 3361 monasterii,
1270 3279 1384 3360 quibus
1407 3280 1523 3344 iniuria
1545 3282 1638 3347 illata
1660 3292 1741 3362 erat,

239 3403 296 3450 uos
320 3385 474 3450 certiores
496 3381 574 3448 lacit
596 3388 629 3448 et
652 3380 722 3446 finis
745 3381 854 3448 fonnis
888 3400 997 3447 omnes
1031 3388 1237 3464 occupatores
1271 3388 1305 3448 et
1338 3385 1443 3450 omnia
1476 3386 1558 3451 bona
1589 3395 1744 3470 occupata

240 3495 416 3555 eouroerat.
439 3487 572 3569 Propria
594 3486 738 3551 clausula
771 3486 913 3550 nrandati
946 3486 1040 3551 huius
1075 3490 1126 3550 est
1159 3486 1294 3551 tenoris:
1339 3486 1423 3569 „Nos
1458 3490 1556 3572 igitur
1589 3491 1743 3557 adversus

239 3598 469 3675 occupatores.
491 3641 495 3651 .
518 3643 524 3655 .
545 3643 551 3656 .
575 3596 609 3656 et
630 3590 835 3655 iniuriatores
857 3590 1090 3657 huiusmodi..
1111 3641 1144 3655 ..
1170 3590 1354 3658 discretioni
1378 3598 1505 3658 vestrae
1530 3615 1587 3677 per
1610 3603 1738 3677 aposto·

241 3698 302 3762 lica
325 3697 445 3779 scripta
467 3697 662 3774 mandamus,
701 3701 857 3777 quatenus
893 3713 1001 3760 vos..
1023 3746 1055 3760 ..
1092 3694 1246 3777 praefatis
1280 3697 1435 3761 ecclesiae
1466 3699 1518 3762 vel
1548 3704 1740 3766 monasterio

242 3800 381 3867 efficacis
405 3800 599 3866 defensionis
622 3800 781 3882 praesidio
806 3800 1005 3881 assistentes,
1038 3818 1101 3865 nou
1134 3799 1328 3882 permittatis
1352 3803 1481 3866 eosdem
1505 3805 1686 3886 superbiis
1709 3812 1743 3871 et

242 3906 439 3987 quibuslibet
461 3905 534 3969 aliis
558 3905 647 3970 bonis
670 3910 704 3968 et
726 3904 874 3968 iuribus.
896 3955 901 3966 .
922 3955 928 3966 .
950 3953 956 3964 .
980 3905 1019 3968 ab
1057 3903 1177 3968 eisdem
1214 3905 1263 3968 vel
1298 3905 1462 3985 quibusvis
1496 3907 1567 3972 aliis
1601 3910 1744 3976 indebite

240 4011 403 4076 molestari
426 4009 477 4073 vel
501 4009 548 4073 eis
571 4008 754 4091 gravamina
777 4025 834 4071 seu
858 4008 994 4090 dampna
1019 4008 1067 4071 vel
1093 4007 1225 4071 iniurias
1262 4009 1403 4092 irrogari,
1439 4010 1553 4076 facturi
1576 4013 1672 4079 dictis
1695 4032 1745 4079 ec·

241 4115 358 4180 clasiae
382 4133 440 4179 seu
463 4113 664 4196 monasterio,
688 4132 758 4177 cum
782 4112 892 4176 abeis
916 4113 965 4176 vel
989 4112 1246 4193 procuratoribus
1270 4112 1336 4176 suis
1355 4165 1362 4178 .
1383 4167 1388 4177 .
1410 4163 1443 4178 ..
1478 4114 1603 4182 fueritis
1638 4119 1742 4199 requi-

242 4221 375 4284 siti...
397 4272 402 4283 .
427 4218 571 4283 iustitiae
595 4217 869 4299 complementum,
915 4223 1146 4298 occupatores.
1167 4266 1173 4279 .
1194 4268 1227 4281 ..
1261 4222 1294 4281 et
1328 4217 1530 4283 iniuriatores
1565 4221 1744 4287 huiusmodi

243 4373 249 4386 .
272 4381 275 4386 ,
298 4375 304 4387 .
325 4375 331 4386 .
350 4342 408 4406 per
431 4341 597 4388 censuram
621 4321 872 4387 ecclesiasticam
891 4371 897 4386 .
917 4370 923 4385 .
943 4372 950 4387 .
971 4374 977 4386 .
1002 4321 1260 4403 compescendo.“
1309 4320 1411 4404 (Conf.
1448 4323 1531 4389 Mon.
1564 4324 1635 4390 Vat.
1659 4327 1675 4390 I
1696 4345 1744 4392 nr.

241 4430 306 4508 92.)
352 4428 389 4492 In
424 4428 565 4493 editione
596 4434 706 4493 nostra
736 4426 992 4492 correervatoriae
1024 4425 1172 4490 brevibus
1203 4429 1326 4489 tantum
1350 4427 1487 4508 regestis
1510 4429 1595 4511 typis
1618 4430 1745 4503 dantur.

243 4531 346 4615 (iloni.
372 4551 416 4596 nr.
443 4534 530 4604 298.)

374 4655 402 4716 2.
427 4653 569 4717 Litterae
585 4651 812 4732 fundationem
834 4650 1097 4714 monasteriorum
1127 4654 1299 4730 torpentes.
1346 4652 1509 4717 licentiae
1541 4657 1746 4721 construendi

244 4757 437 4823 monasteria
471 4774 527 4820 seu
564 4757 674 4822 domus
709 4755 741 4819 in
765 4755 948 4819 narratione
972 4754 1012 4817 de
1035 4753 1267 4836 supplicatione
1301 4753 1478 4822 fundatoris
1512 4775 1570 4822 uos
1593 4761 1747 4825 certiores

245 4860 374 4942 faciunt,
398 4861 431 4924 in
455 4861 664 4943 dispositione
688 4859 792 4923 ordini
815 4866 849 4924 et
871 4858 1033 4940 fratribus,
1056 4860 1170 4938 quibus
1187 4878 1301 4924 novum
1316 4861 1746 4930 monasteriumtradeudum

244 4970 304 5046 est
336 4963 498 5028 licentiam
521 4963 707 5045 recipiendi,
742 4962 903 5029 fundatori
925 4963 1088 5029 licentiam
1111 4964 1315 5031 construendi
1339 4966 1403 5029 tale
1426 4968 1651 5033 monasterium
1675 4989 1747 5036 con·

375 5151 408 5219 5ἴ)
427 5153 542 5207 Formae
560 5151 712 5206 litterarum
737 5152 765 5204 in
785 5151 904 5206 editione
932 5160 1027 5208 nostra
1054 5153 1143 5208 rarius
1170 5155 1370 5208 occurrentium
1397 5155 1442 5211 hic
1467 5173 1520 5211 nou
1548 5157 1748 5215 describuntur.

246 5238 327 5293 'sales
346 5237 449 5294 formae
468 5239 617 5294 secundum
636 5238 753 5293 tabellas
772 5238 888 5293 inferius
906 5239 979 5310 typis
998 5238 1078 5295 datas
1097 5248 1125 5295 et
1144 5257 1193 5311 per
1212 5241 1340 5297 maiorem
1359 5251 1466 5312 partem
1486 5245 1537 5299 sub
1563 5246 1672 5301 rubrica
1692 5245 1749 5309 „di-

246 5341 341 5380 versae
360 5326 483 5381 litterae·
503 5329 530 5380 in
543 5327 662 5382 editione
681 5332 775 5381 nostra
793 5326 909 5381 inveniri
927 5335 1052 5395 possunt.
