3944 6060
234 430 298 501 332
839 401 907 486 heta
926 425 1076 487 innocentii
1095 422 1138 486 Vl.

233 645 323 712 846.
350 642 546 707 Innocentius
565 644 606 706 Vl
615 641 761 707 Corolnnn
776 645 987 707 Rornanorum
999 644 1219 727 imperatorem
1236 647 1335 723 royac,
1348 647 1383 705 nt
1402 640 1506 706 inbcot
1516 639 1648 705 restitui
1657 636 1735 704 bono

231 748 341 813 relicto
381 748 506 812 Nicolai
537 747 746 830 patriarchae
777 748 1005 831 Aquilonensis,
1039 770 1118 831 qnae
1150 752 1242 812 erant
1264 747 1332 810 sedi
1354 745 1544 830 apostolicae
1574 747 1738 809 reservato

232 857 262 915 et
284 874 364 934 qnae
398 876 417 915 a
440 852 604 934 capitaneo
639 850 822 915 Ifellnnensi
855 856 885 914 ct
918 874 938 916 α
969 852 1128 918 nonnullis
1163 850 1362 916 Thentcnicis
1385 872 1424 915 nc
1450 848 1596 913 Bohcmis
1619 847 1737 912 distru-

919 956 1046 1021 huntur.

1128 1059 1289 1142 Acinione,
1318 1058 1402 1123 1358
1425 1056 1616 1142 Septembris
1641 1059 1693 1122 27.

362 1234 569 1298 innocencius
591 1234 645 1298 Vl.
670 1234 840 1299 Carissimo
873 1236 903 1297 iu
927 1232 1054 1298 Christo
1077 1234 1145 1298 filio
1170 1233 1282 1297 Garolo
1317 1235 1525 1297 Romanorum
1549 1229 1740 1312 imperatori

221 1354 358 1419 ¹semper
381 1346 523 1419 arigusto.
550 1339 656 1402 Gratis
680 1339 763 1401 cloria
779 1357 858 1401 scia.
881 1392 886 1401 .
907 1391 912 1402 .
934 1390 939 1401 .
960 1338 1109 1414 Quannis
1133 1339 1240 1418 itaque
1265 1340 1345 1401 bone
1369 1336 1518 1400 memorie
1549 1333 1740 1407 Nicolans¹t

234 1441 414 1520 patriarcha
438 1442 668 1523 Acculegensis,
687 1442 753 1524 lde]
777 1444 868 1506 cicius
891 1443 978 1507 obitu
1002 1444 1214 1523 condolemus
1238 1443 1270 1506 in
1294 1462 1353 1506 uon
1378 1440 1509 1505 modicis
1531 1440 1741 1522 pecuniarum

231 1546 463 1625 quantitatibus
475 1565 513 1609 ex
528 1547 624 1612 certis
636 1548 739 1611 carreis
752 1553 805 1611 tue
818 1548 1009 1628 celsitudini,
1026 1554 1061 1611 ut
1073 1547 1239 1623 credimus,
1256 1547 1349 1627 plene
1364 1545 1447 1610 notis
1461 1545 1552 1610 nobis
1568 1550 1602 1608 et
1615 1544 1716 1609 veni
1733 1595 1740 1606 .

232 1657 409 1715 nostrorum
423 1652 596 1715 altomane
610 1652 744 1716 ecclesie
768 1652 973 1716 cardinalium
997 1652 1130 1733 collegio
1139 1654 1175 1731 ¹),
1200 1652 1273 1713 dcun
1297 1651 1428 1727 viveret,
1446 1657 1621 1730 teneretur,
1632 1650 1739 1714 cuius·

231 1755 315 1819 modi
339 1756 420 1818 bona
435 1756 563 1820 mobilia
587 1755 695 1820 debita
706 1762 740 1820 et
751 1757 874 1821 credita
888 1757 940 1821 diu
955 1763 1029 1820 ante
1053 1756 1276 1832 intinnitateur,
1291 1774 1352 1837 qua
1375 1756 1566 1835 decesserat,
1588 1755 1682 1818 nobis
1706 1761 1743 1819 et

232 1857 441 1938 apostoliceb)
465 1878 588 1924 camere
613 1859 757 1924 (luximus
786 1862 994 1940 reservanda,
1040 1859 1262 1924 nichilominus
1286 1865 1392 1923 tamen
1416 1859 1467 1924 dd.
1491 1858 1524 1922 ft.
1549 1858 1742 1941 capitaneus

232 1968 264 2026 et
288 1981 448 2027 commune
473 1963 612 2027 civitatis
636 1965 847 2046 Bellnnensis,
872 1967 924 2030 ubi
947 1965 1128 2047 patriarcha
1150 1964 1312 2046 predictus
1335 1963 1418 2027 diem
1442 1968 1628 2038 extremum,
1653 1962 1743 2026 sicut

232 2066 356 2130 [lorinino
381 2066 508 2148 placuit,
531 2068 645 2132 clausit
670 2088 770 2147 sittim,
793 2075 827 2132 et
850 2068 992 2132 nonnulli
1023 2067 1230 2132 Theothonici
1255 2073 1289 2130 et
1311 2067 1431 2148 Boemi,
1453 2066 1623 2148 plurimum
1646 2063 1740 2129 farni-

230 2169 327 2232 liares
350 2170 408 2251 sui,
432 2171 573 2236 desasto
599 2173 742 2237 nituntur
758 2173 835 2237 dicti
859 2172 1001 2236 defuncti
1024 2174 1106 2236 horta
1129 2172 1233 2236 omnia
1257 2173 1341 2236 inter
1364 2188 1398 2235 se
1421 2171 1574 2247 dividere,
1613 2186 1741 2251 rapere,

231 2274 409 2338 distrahere
433 2281 467 2339 et
489 2275 607 2340 habere
631 2278 662 2340 in
686 2277 789 2341 anime
812 2277 888 2341 dicti
912 2277 978 2340 vita
1000 2276 1100 2340 functi
1124 2276 1323 2358 dispendium
1347 2281 1382 2340 et
1404 2275 1489 2340 sedis
1513 2273 1637 2355 prefate
1661 2291 1739 2338 con·

230 2385 385 2460 temptum
402 2399 438 2443 ac
453 2398 571 2458 eorum,
595 2381 709 2461 quibus
726 2383 896 2447 tenebatur
905 2383 940 2459 ο),
965 2380 1173 2463 preiudicium
1201 2388 1235 2446 et
1258 2398 1438 2463 gravamen,
1462 2379 1544 2460 quod
1576 2378 1740 2442 credimus

232 2482 397 2547 admodum
414 2488 468 2547 tue
492 2483 673 2548 celsitudini
697 2485 876 2567 displicere.
902 2485 1055 2562 Quocirca
1077 2484 1272 2566 imperialem
1303 2483 1510 2548 serenitatem
1534 2487 1621 2546 tuam
1645 2501 1739 2564 roga-

231 2605 300 2651 mus
323 2588 481 2652 attencius
504 2595 538 2652 et
552 2589 724 2671 hortamur,
741 2595 897 2670 quatenus
916 2596 988 2655 tuos
1004 2589 1185 2670 imperiales
1210 2588 1342 2652 intuitus
1366 2587 1406 2651 ad
1429 2587 1487 2653 hoc
1510 2585 1680 2668 aucensd),
1698 2587 1739 2651 oh

231 2692 318 2768 dei0)
340 2698 375 2756 ot
397 2692 569 2773 apostolice
593 2694 679 2757 sedis
702 2694 825 2775 prefate
849 2695 1063 2758 reverenciam
1088 2713 1123 2756 ac
1146 2699 1325 2757 nostrarum
1349 2692 1613 2757 intercessionum
1637 2696 1736 2772 atque

232 2796 407 2878 condingne
431 2797 557 2863 iusticie
579 2798 793 2862 interventum
817 2799 894 2862 dare
919 2798 997 2862 velis
1020 2798 1085 2862 illis
1109 2798 1275 2879 capitaneo
1299 2801 1333 2860 et
1356 2797 1514 2862 connnuni
1553 2801 1587 2859 et
1609 2795 1739 2876 ceteris,

232 2900 345 2979 quibus
380 2901 507 2964 noveris
541 2901 702 2983 expedire,
716 2903 780 2967 tuis
815 2901 996 2967 efficacibus
1026 2903 1144 2967 litteris
1179 2904 1211 2966 in
1235 2901 1402 2975 matthatia,
1439 2906 1474 2964 ut
1496 2901 1526 2964 d.
1549 2899 1570 2964 f.
1595 2899 1737 2964 Geraldo

231 3004 338 3067 abbati
362 3005 544 3069 monasterii
569 3026 592 3068 s.
617 3003 740 3070 Nicolai
764 3008 796 3070 in
822 3008 945 3072 Littore
971 3006 1187 3089 Veneciarum,
1213 3005 1385 3089 apostolice
1417 3005 1502 3069 sedis
1526 3005 1652 3081 nuncio,
1678 3022 1736 3069 seu

231 3108 300 3171 eius
334 3115 420 3173 certo
454 3111 602 3173 mandato
637 3110 681 3173 sic
716 3113 798 3175 boua
835 3112 1001 3176 rirernorati
1034 3112 1174 3175 defuncti
1209 3110 1342 3175 indilate
1377 3110 1515 3184 tradant,
1539 3108 1682 3173 liberent
1703 3114 1737 3172 et

232 3210 403 3293 assignent,
441 3213 524 3292 quod
565 3220 673 3295 preter
707 3216 813 3280 divine
844 3215 1067 3280 retribucionis
1104 3215 1258 3297 premium
1289 3220 1461 3295 nostreque
1499 3213 1736 3278 benedictionis

232 3322 433 3397 augmentum
467 3324 654 3399 perpetuam
691 3319 765 3383 inde
795 3320 920 3384 laudem
956 3326 988 3383 et
1022 3319 1152 3400 gloriam
1200 3319 1283 3400 apud
1322 3320 1416 3384 deum
1438 3323 1472 3382 et
1494 3317 1640 3382 homines
1662 3336 1735 3381 con-

232 3421 383 3501 sequaris.
407 3421 523 3485 Datum
536 3420 557 3498 f)
584 3423 739 3487 Aninione
763 3422 790 3486 V
813 3423 876 3487 kal.
902 3424 1086 3492 (secobrica
1111 3443 1137 3486 a.
1163 3430 1262 3491 sext.

363 3611 394 3663 R.
415 3610 475 3664 Vat.
496 3612 588 3664 244Κ.
609 3613 741 3680 (Archet.)
760 3629 801 3666 nr.
820 3618 879 3666 246.
899 3643 929 3650 -
951 3618 976 3672 ιι)
995 3610 1198 3678 ,venerabilium
1218 3642 1249 3651 —
1269 3611 1393 3679 collegio‘
1412 3627 1497 3680 supra
1516 3610 1563 3663 lin.
1583 3618 1737 3665 correctum

231 3713 297 3764 pro:
328 3713 442 3764 ,camere
461 3699 621 3766 apostolice‘
639 3700 757 3769 genuina
776 3700 867 3769 posito
887 3699 936 3752 sed
955 3698 1121 3752 cancellato'
1140 3699 1168 3751 in
1195 3701 1303 3752 Archet.
1337 3701 1361 3764 b)
1395 3697 1564 3767 ,apostolice‘
1583 3714 1670 3768 supra
1687 3698 1736 3753 lin.

231 3792 380 3837 correctum
400 3802 462 3853 pro:
481 3785 586 3848 ,eidem‘
608 3787 760 3841 cancellato
787 3788 816 3840 in
835 3787 944 3840 Archet.
969 3796 992 3855 c)
1012 3803 1112 3853 ,eorum
1132 3787 1205 3854 quib.
1223 3785 1377 3839 tenebatnr‘
1401 3801 1487 3854 supra
1516 3784 1565 3839 lin.
1583 3794 1737 3840 correctum

232 3888 295 3936 pro:
315 3881 470 3934 ‚memorate
489 3877 602 3926 camere‘
633 3876 751 3941 genuine
779 3874 877 3943 posito,
899 3874 947 3928 sed
967 3874 1117 3928 cancellato
1142 3874 1169 3925 in
1201 3873 1311 3926 Archet.
1335 3875 1360 3938 d)
1380 3880 1450 3940 ,tuos
1469 3872 1533 3940 imp.
1567 3903 1594 3910 -
1624 3871 1737 3932 ducens.

232 3972 315 4025 supra
328 3959 375 4012 lin.
387 3965 536 4013 correctum
556 3976 618 4028 pro:
636 3961 700 4025 ,illis
714 3953 866 4030 capitaneo,
880 3961 1015 4013 communi
1029 3968 1056 4013 et
1072 3959 1253 4013 familiaribus
1266 3960 1423 4013 nemoralis‘
1435 3958 1553 4026 genuine
1571 3959 1672 4027 posito,
1687 3958 1737 4013 sed

231 4045 383 4098 cancellato
395 4046 425 4097 in
439 4047 546 4100 Archet.
567 4052 589 4110 e)
615 4048 675 4114 ,dei‘
695 4064 780 4116 supra
790 4048 836 4101 liu.
850 4055 1000 4100 correctum
1014 4064 1077 4115 pro:
1092 4047 1195 4109 ‚uostri‘
1208 4045 1361 4099 cancellato
1380 4045 1408 4098 in
1422 4045 1532 4099 Archet.
1552 4043 1571 4111 s)
1591 4045 1734 4113 Sequitur:

230 4133 312 4200 ,apud
331 4131 551 4200 Villamnouam‘,
570 4133 618 4187 sed
638 4135 817 4188 cancellatum
837 4135 924 4188 estin
945 4136 1054 4189 Archct.
1075 4146 1100 4195 s)
1122 4134 1153 4198 ,V
1172 4133 1227 4187 kal.
1247 4132 1376 4186 octobris‘
1395 4133 1449 4185 alio
1470 4138 1625 4185 atramento
1651 4147 1738 4202 supra

231 4220 277 4272 lin.
292 4227 442 4273 correctum
461 4237 524 4289 pro:
542 4220 620 4288 ,dioc
639 4221 705 4274 Xlll
723 4222 778 4274 kal.
798 4221 972 4289 Septembris‘
986 4225 1014 4288 (l)
1033 4223 1149 4291 genuine
1168 4220 1267 4289 posito,
1286 4218 1334 4272 sed
1354 4219 1504 4272 cancellato
1529 4219 1557 4272 in
1576 4218 1689 4272 Archet.
1708 4249 1733 4258 -

233 4309 252 4370 ¹)
271 4307 400 4362 Nicolaus
420 4308 453 4362 de
472 4309 655 4378 Luxembnrg,
674 4308 741 4363 obiit
762 4315 826 4363 lats
844 4309 912 4363 Julii
943 4316 984 4362 ⁶29.
1004 4340 1036 4347 -
1061 4308 1091 4360 ln
1123 4315 1198 4375 tergo
1217 4307 1350 4359 minutae:
1385 4305 1416 4370 ,V
1436 4304 1670 4360 lraLOctobriaa
1691 4305 1738 4358 Vl‘

231 4394 339 4464 legitur,
358 4394 408 4448 sub
428 4412 482 4463 quo
501 4396 669 4466 adscriptum
683 4405 737 4451 est:
758 4379 818 4461 ,li¹.‘

232 4678 319 4744 847.
367 4679 561 4742 innocentius
592 4678 638 4739 VI
665 4674 776 4739 Oarolo
801 4678 1010 4740 Romanorum
1047 4673 1233 4756 imperatori
1263 4672 1399 4736 dolorem
1421 4691 1513 4737 snum
1535 4670 1572 4736 cb
1594 4671 1664 4735 eins
1687 4674 1737 4737 in·

224 4783 413 4861 firnnitatenn
436 4783 545 4863 inflato
567 4781 725 4843 scribendi
745 4802 855 4861 ponere
877 4779 1028 4854 declarat,
1052 4777 1228 4842 describens
1247 4777 1309 4840 sibi
1329 4776 1492 4856 nandium,
1516 4774 1600 4860 qnod
1622 4775 1687 4840 sihi
1709 4782 1739 4841 et

231 4885 356 4966 callepio
379 4885 593 4949 cardinalium
627 4884 802 4949 attulerunt
834 4884 954 4948 relatus
978 4884 1015 4948 dc
1043 4883 1226 4947 indubitata
1257 4882 1325 4944 eins
1355 4880 1645 4959 reconvalescentia,
1675 4902 1739 4964 pro

232 5010 294 5071 poca
317 4990 369 5051 cleo
391 4991 517 5069 oratius
534 4989 609 5068 opit.
635 4989 910 5064 ,Ancorienciones
940 4987 1129 5051 herbornm“
1153 4986 1330 5065 „Aninione
1356 4986 1428 5049 llll
1438 5004 1509 5052 non.
1536 4983 1682 5049 Octobris
1706 5007 1739 5052 a.

921 5093 1041 5158 sentnf‘

1192 5195 1354 5272 Acinione,
1379 5194 1464 5258 1358
1489 5191 1637 5258 Octobris
1658 5197 1693 5261 4.

366 5353 396 5405 n.
416 5353 477 5406 Vat.
498 5358 549 5405 :ill
567 5352 599 5404 ll.
620 5352 753 5411 (tirohet.)
772 5368 812 5404 nr.
832 5356 890 5405 307.
911 5350 983 5401 -ln
1003 5357 1092 5416 tergo:
1114 5329 1249 5407 'Rxxxvt'
