3944 6060
228 400 293 466 442
830 400 901 456 dcta
917 398 1070 456 Innocentil
1088 398 1134 455 VI.

230 611 347 678 1104.
372 606 560 691 Compositio
581 607 745 674 Bodlronis
767 607 839 676 moti
860 606 1049 677 Jemcslcomis
1078 608 1116 674 de
1145 607 1256 676 Volimo
1276 629 1372 695 super
1393 610 1524 678 anoctis
1545 610 1584 677 do
1605 611 1744 678 macno

570 717 645 779 coto
665 711 861 780 moissiaco.
886 714 1015 798 Georgii
1037 714 1072 779 is
1094 717 1200 781 castro
1224 714 1388 797 lbopmsi.

1421 855 1508 922 1360
1528 854 1616 924 Jalo'
1637 859 1695 922 2⁷.

359 1029 407 1094 De
430 1028 617 1095 canonicatu
651 1035 686 1097 et
707 1030 871 1112 prebenda
891 1029 1027 1097 ecclesis
1060 1048 1085 1096 s.
1110 1029 1239 1114 Georgii
1262 1028 1296 1095 in
1318 1035 1424 1097 castm
1445 1028 1609 1114 Bragensi,
1644 1029 1741 1095 cuius

230 1135 351 1203 fructum
374 1143 433 1203 etc.
458 1135 577 1202 XXXV
599 1133 665 1202 dor.
689 1141 761 1219 etc,
786 1134 972 1200 vacantibus
995 1153 1052 1217 pro
1068 1152 1116 1212 eo,
1140 1135 1224 1216 quod
1246 1133 1440 1201 Prribislaus
1463 1134 1636 1200 canonicus
1650 1134 1743 1200 dicte

230 1241 365 1307 ecclesie
399 1240 546 1324 promisit
568 1258 602 1305 se
625 1240 713 1323 ipsos
746 1239 941 1318 dimissuros,
977 1257 1047 1304 cum
1070 1239 1290 1306 canonicatum
1323 1245 1358 1305 et
1379 1239 1573 1323 prebendam
1595 1238 1742 1305 ecclesie

229 1345 398 1429 Progensis
428 1343 559 1429 paelice
591 1343 690 1410 luerit
723 1348 898 1426 assecutus,
930 1343 991 1408 fuit
1012 1344 1171 1426 provisum
1206 1343 1250 1408 VI
1272 1344 1315 1409 id.
1349 1342 1428 1409 Julii
1460 1363 1488 1409 s.
1514 1342 1590 1408 VIII
1620 1341 1742 1409 Budlro

230 1454 306 1515 nato
329 1450 486 1531 quondam
508 1448 624 1515 nobilis
647 1448 712 1523 viui,
728 1447 917 1513 Jeruskonis
940 1447 980 1512 de
1011 1447 1156 1531 Wolyna.
1180 1447 1365 1530 Composuit
1386 1447 1439 1512 die
1469 1446 1590 1514 XXVII
1613 1448 1740 1513 mensis

229 1552 308 1620 Julii
331 1573 359 1617 a.
383 1549 552 1617 MCCCLX
587 1571 645 1635 per
665 1558 901 1635 procuratorem
932 1569 1021 1616 suum
1045 1551 1185 1617 Vlrioum
1209 1551 1347 1618 Gotfridi
1370 1552 1409 1618 ds
1433 1551 1549 1616 Blatua
1577 1551 1740 1617 scolarem

230 1657 263 1722 in
285 1658 354 1723 iure
378 1657 529 1723 canonico
552 1656 721 1739 Progensis
744 1656 836 1737 dioc,
869 1654 923 1736 qui
947 1655 1046 1720 eciam
1068 1675 1126 1739 pro
1149 1656 1234 1723 dicto
1257 1656 1406 1722 canonico
1437 1656 1471 1720 iu
1494 1673 1529 1722 se
1552 1654 1658 1722 honus
1681 1654 1739 1722 de·

231 1762 291 1827 biti
313 1761 480 1845 recipiens,
504 1762 669 1844 predicto
692 1760 802 1826 debito
824 1776 859 1825 sc
882 1759 1043 1843 obligarit,
1075 1761 1114 1826 ad
1137 1759 1229 1825 XVII
1250 1758 1317 1827 flor.
1340 1778 1410 1825 cum
1444 1759 1575 1826 dimidio
1598 1761 1641 1826 de
1664 1759 1741 1826 I'lo·

231 1866 335 1931 rentia
346 1866 496 1950 ponderis
508 1865 682 1948 sentencie,
698 1864 866 1931 solvendos
882 1862 964 1929 infra
978 1863 1095 1930 festum
1119 1882 1144 1930 s.
1157 1864 1259 1930 Mario
1276 1865 1466 1947 Magdalcne
1482 1883 1511 1931 a
1534 1862 1740 1948 MGGCLXI,

231 1972 289 2036 sub
312 1970 561 2053 obligacionibus
583 1974 619 2036 et
640 1969 813 2035 sentenciis
836 1969 1006 2048 cousuetIs,
1040 1969 1244 2052 presentibus
1266 1969 1392 2035 domino
1425 1967 1572 2035 Johanne
1596 1968 1740 2034 Gilberti

232 2074 400 2140 collectore
424 2073 536 2140 Suacie
559 2079 594 2139 et
617 2073 786 2140 Guillelmo
808 2072 972 2139 Horberch
995 2110 1038 2120 -
1061 2074 1220 2139 Arrraldus
1242 2073 1407 2140 lobannis.

360 2179 452 2245 Anno
483 2178 570 2242 LXII
603 2179 655 2244 die
679 2177 739 2242 VII
770 2177 957 2243 Decembris
986 2179 1103 2243 Paulus
1134 2178 1265 2243 Martini
1298 2179 1338 2244 de
1370 2176 1516 2245 Ohoouna
1548 2183 1741 2260 procurator

231 2282 418 2348 Budukonis
441 2283 508 2347 nati
531 2283 663 2349 condam
686 2282 801 2349 nobilis
824 2283 884 2348 viri
906 2282 1095 2348 Jeruskonis
1118 2284 1157 2347 de
1176 2282 1295 2365 Volyua
1316 2301 1374 2366 pro
1396 2282 1585 2347 canonicatu
1606 2289 1644 2348 et
1665 2302 1740 2367 pre·

231 2387 335 2453 benda
356 2386 510 2469 predIctis
533 2386 629 2452 solvit
651 2386 742 2451 XVII
765 2385 901 2452 florenos
924 2405 994 2452 cum
1017 2387 1148 2453 dimidio
1172 2394 1206 2453 et
1226 2387 1289 2465 fuit
1311 2387 1485 2454 absolutus.

361 2575 429 2630 Coll.
447 2577 536 2630 Alam.
562 2581 614 2630 292
633 2575 680 2630 lol.
699 2579 740 2628 23.
762 2605 788 2615 -
811 2574 861 2630 Ed.
880 2575 954 2645 apud
973 2575 1080 2640 Kirsch,
1107 2578 1235 2631 Annatcn
1258 2577 1351 2647 lpag.
1377 2583 1429 2633 280
1446 2593 1486 2632 nr.
1507 2581 1566 2632 120.
1593 2606 1630 2618 -
1658 2577 1740 2635 (loni.

231 2679 271 2717 nr.
292 2666 358 2718 1097
377 2671 405 2718 st
424 2668 500 2719 1098.

177 3023 185 3033 ⁷
232 2943 350 3010 1105.
373 2940 555 3007 Karimiros
579 2941 728 3007 Polomioc
748 2961 816 3023 rec,
840 2939 929 3007 cotim
949 2943 1001 3008 ios
1017 2945 1211 3025 potronatus
1232 2944 1268 3008 io
1286 2942 1433 3026 pluritas
1455 2942 1591 3009 ccelesiis
1613 2964 1636 3009 o
1658 2963 1739 3010 nom·

231 3045 328 3111 stollis
350 3044 594 3129 archiepiscopis
617 3050 647 3111 ct
668 3047 821 3130 episeopis
841 3050 1028 3130 usurpatur,
1051 3046 1219 3132 supplicat,
1250 3051 1406 3132 quotenos
1428 3047 1527 3114 alicui
1543 3049 1644 3131 probo
1665 3049 1735 3116 oiro

230 3149 407 3228 mandetur,
451 3155 485 3213 ot
506 3149 569 3215 sili
588 3148 694 3231 faciat
721 3149 866 3216 iustitiae
886 3149 1149 3232 complementum,
1194 3151 1276 3236 qood
1308 3152 1540 3237 oroobpboopo
1575 3154 1737 3236 Proocnss'

846 3256 1045 3321 commissum
1065 3259 1121 3320 est.

1033 3393 1129 3477 Apud
1159 3392 1397 3471 Villomnooom,
1423 3395 1509 3463 1360
1527 3395 1614 3463 Julii
1639 3400 1695 3466 2⁷.

363 3564 527 3651 Significat
549 3566 593 3633 SV
614 3567 672 3632 V
695 3567 919 3636 devotissimus
942 3567 1025 3633 filius
1048 3575 1157 3636 vester
1178 3569 1359 3637 Karimirus
1381 3588 1439 3635 rex
1454 3569 1656 3638 Polonie..

362 3776 444 3841 Item
466 3776 624 3859 siguificat
647 3778 729 3842 idem
752 3797 816 3860 rer,
847 3776 940 3859 quod,
964 3776 1072 3842 licet
1063 3795 1132 3860 rpse
1154 3777 1188 3842 in
1211 3778 1405 3856 civitatibus,
1439 3779 1562 3860 castris,
1592 3780 1682 3846 villis
1706 3789 1742 3848 et

234 3880 490 3960 possessionibus
524 3899 561 3946 ac
584 3881 657 3947 aliis
692 3882 770 3948 locis
793 3881 859 3946 suis
881 3881 990 3965 plures
1024 3881 1188 3957 ecclesias,
1219 3882 1358 3965 capellas
1391 3889 1426 3948 ct
1448 3882 1602 3950 beneficia
1636 3884 1741 3952 eccle·

235 3983 366 4049 siastica
388 3984 428 4050 de
452 3986 543 4051 bonis
565 3986 627 4053 sibi
650 4005 669 4050 a
691 3987 750 4053 deo
762 3985 887 4052 collatus
910 3985 1109 4067 dotaverit
1100 4005 1133 4051 m
1155 3986 1301 4067 quibus
1292 4005 1342 4052 rus
1357 3992 1545 4070 patronatus
1568 3987 1739 4056 sehabere

234 4087 406 4171 pretendit,
452 4089 595 4155 nonnulli
618 4095 724 4155 tomen
748 4089 977 4174 archiepiscopi
1010 4097 1045 4155 et
1067 4090 1208 4174 episcopi
1238 4091 1358 4157 dictum
1391 4091 1441 4158 ius
1463 4097 1653 4174 patronatus
1676 4095 1740 4160 sibi

234 4200 434 4276 usurpantes,
464 4194 503 4258 de
526 4193 610 4261 iacto
640 4194 673 4258 in
696 4194 752 4260 illo
775 4195 910 4260 eundem
944 4212 1052 4277 regem
1082 4201 1192 4261 contra
1215 4195 1374 4261 iusticiam
1403 4196 1558 4278 impedire
1580 4196 1741 4284 nituntur,

234 4314 331 4378 quare
361 4297 521 4380 supplicat
551 4298 634 4363 idem
657 4316 723 4381 rex,
768 4305 924 4380 quatenus
947 4298 1043 4364 alicui
1073 4298 1125 4364 vel
1159 4299 1317 4380 aliquibus
1361 4299 1469 4382 probis
1492 4300 1570 4366 viris
1592 4300 1626 4367 in
1650 4302 1740 4370 dicto

233 4417 331 4482 reguo
354 4400 406 4467 vel
428 4406 520 4467 extra
541 4402 691 4467 mandare
714 4402 897 4486 dignemini,
921 4408 958 4468 ut
979 4420 1076 4484 super
1098 4403 1261 4486 premissis
1277 4403 1631 4486 appellacioueremota
1652 4425 1740 4473 sum-

233 4505 332 4569 marie
354 4510 389 4570 et
411 4505 451 4571 de
473 4505 568 4588 plano
612 4507 716 4573 eidem
750 4506 818 4590 regi
839 4505 960 4572 iaciant
980 4505 1107 4572 iusticie
1131 4508 1393 4590 complementum
1416 4526 1486 4574 cum
1508 4514 1672 4592 potestate
1696 4512 1741 4577 ci·

234 4608 325 4674 tandi
347 4609 448 4675 eciam
464 4611 549 4676 ultra
571 4612 650 4677 duas
674 4611 789 4695 dietas,
814 4610 1064 4677 contradictores
1087 4611 1187 4676 eciam
1209 4629 1454 4695 percensuram
1485 4612 1741 4681 ecclesiasticam

234 4714 477 4799 compescendo;
501 4718 785 4784 nonobstantibus
815 4715 1096 4782 constitutionibus
1126 4717 1308 4782 constitutis
1338 4722 1373 4784 et
1394 4717 1467 4783 aliis
1489 4718 1741 4803 quibuscumque

236 4834 305 4882 cum
329 4817 402 4883 aliis
425 4818 576 4886 clausulis
599 4827 635 4886 ut
656 4821 689 4887 in
712 4820 821 4888 forma.

365 4921 590 4989 committatur
612 4925 851 5008 archiepiscopo
873 4924 1027 5006 Pragensi
1050 4923 1089 4990 G.

365 5131 402 5197 D.
428 5132 511 5214 apud
535 5132 766 5200 Villamnouam
789 5132 1015 5201 Aninionensis
1039 5133 1118 5199 dioc.
1144 5133 1187 5198 Vl
1212 5133 1273 5199 kal.
1296 5135 1432 5218 Augusti
1456 5155 1484 5201 a.
1508 5145 1632 5204 octavo.

364 5319 397 5373 R.
415 5320 509 5390 Suppi.
529 5326 561 5375 81
581 5321 628 5376 iol.
646 5328 705 5377 208.
