3944 6060
240 441 306 504 350
839 439 910 492 Acta
928 439 1081 493 Innocentii
1100 439 1145 493 Vl.

240 665 424 710 marcorum
446 645 570 728 arpenti
591 645 761 710 secundnm
784 645 979 710 taxationem
1002 647 1142 712 &cimae
1170 647 1308 713 calorem
1338 668 1479 733 annnam
1501 669 1564 714 nan
1585 649 1752 728 man,

241 751 284 813 ad
306 749 503 814 collationem
527 748 756 832 archiepiscopi
786 751 959 831 Pragensis
976 752 1150 833 pertinens,
1174 753 1203 816 si
1225 757 1320 817 cocat
1341 752 1389 817 vel
1411 773 1481 817 cnm
1506 752 1680 834 samnii,
1702 775 1752 827 rc·

238 860 348 928 seruet,
372 874 434 918 non
455 852 649 918 obstardibns
680 859 715 917 nt
737 854 772 919 in
801 855 1028 939 supplicatione
1058 856 1116 919 snb
1147 878 1195 921 nr.
1225 860 1300 923 877.
1350 856 1510 940 „Dignum
1540 863 1749 942 reputamns‘

628 959 802 1037 „Aninione
827 959 863 1022 ll
884 959 926 1022 id.
951 959 1119 1023 Februarii
1134 980 1164 1023 a.
1186 961 1350 1043 septimo.“

1163 1096 1326 1177 Antiniana,
1350 1101 1436 1164 1359
1459 1099 1629 1164 Februarii
1651 1100 1706 1164 12.

309 1046 339 1095 X

287 1111 358 1164 .X.

369 1284 401 1337 s.
420 1287 470 1337 nv.
500 1291 546 1338 reo
572 1283 619 1338 ru.
639 1292 698 1348 sor,
718 1285 749 1337 n.
770 1285 830 1338 vat.
858 1291 910 1338 ser
928 1255 975 1338 roi.
996 1286 1061 1339 rsr.
1099 1317 1131 1324 -
1153 1290 1177 1352 a)
1195 1286 1309 1354 merres
1328 1289 1386 1354 st..
1405 1286 1530 1355 ,Millisii‘
1549 1288 1612 1342 vat
1641 1288 1669 1354 s)
1687 1286 1753 1356 ao-

238 1371 353 1424 eutlecz‘
372 1375 430 1439 hv,
448 1371 616 1438 ‚Bozuclecz‘
635 1371 695 1424 Vat.

239 1702 330 1767 880.
355 1703 471 1765 Pctrns
494 1709 588 1767 nnus
624 1704 712 1766 Petri
733 1705 770 1767 de
795 1704 970 1784 Iicsenberp
998 1703 1167 1785 supplicat,
1201 1708 1355 1786 quatem
1386 1704 1499 1767 sibiet
1533 1702 1674 1768 ecclesiis
1710 1723 1752 1768 ac

516 1807 663 1886 personis
687 1807 911 1888 infrascriptis
933 1807 1075 1871 diversae
1095 1807 1222 1886 gratiae
1245 1807 1463 1872 concedantar.

1159 1946 1321 2027 Acinionc,
1346 1945 1431 2009 1359
1455 1943 1625 2008 Februarii
1646 1945 1704 2009 12.

367 2133 530 2214 Supplicat
561 2133 600 2197 ΒΗ
626 2134 679 2197 Vse
712 2135 846 2198 devotus
881 2142 989 2198 orator
1011 2141 1118 2198 vester
1152 2135 1266 2197 Petrus
1299 2141 1394 2198 natus
1429 2134 1587 2215 quondam
1626 2133 1748 2199 nobilis

237 2238 297 2302 viri
320 2238 438 2302 domini
463 2238 547 2301 Petri
571 2239 610 2301 de
635 2239 848 2303 Rosemberch
872 2240 999 2303 baronis
1023 2240 1111 2320 regni
1136 2239 1275 2314 Boemio,
1300 2239 1481 2320 prepositus
1505 2237 1644 2302 ecclesie
1669 2238 1748 2302 Om-

237 2343 323 2406 nium
354 2341 539 2406 Sanctorum
564 2344 594 2405 in
619 2349 722 2407 castro
758 2343 919 2423 Progensi‚
951 2348 1107 2422 quotenus
1141 2344 1368 2406 monasterium
1403 2342 1586 2406 rnonialium
1622 2340 1748 2405 ordinis

237 2465 262 2509 s.
287 2446 379 2510 Clare
411 2463 468 2525 per
490 2446 593 2527 ipsum
631 2446 756 2509 Petrum
789 2447 821 2509 in
845 2446 913 2510 loco
937 2446 1091 2510 Crumlau
1125 2447 1292 2527 Prsgensis
1316 2447 1407 2527 dioc,
1432 2446 1485 2525 qui
1508 2445 1597 2510 locus
1620 2444 1662 2509 de
1687 2462 1749 2509 suo

236 2557 270 2613 et
293 2549 425 2613 fratrum
449 2566 577 2613 suorum
601 2550 739 2613 dominio
763 2551 930 2630 temporali
961 2551 1080 2631 existit,
1106 2551 1137 2612 in
1161 2550 1311 2613 honorem
1336 2556 1369 2613 et
1392 2551 1451 2614 sub
1475 2548 1629 2614 vocabulo
1654 2565 1746 2612 sanc·

236 2653 351 2717 tissimi
375 2653 515 2733 corporis
547 2652 665 2716 domini
689 2652 791 2716 nostri
813 2652 892 2716 Jesu
923 2652 1042 2716 Christi
1067 2673 1103 2716 nc
1127 2653 1264 2734 gloriose
1289 2653 1419 2734 virginis
1451 2652 1554 2716 Maris
1578 2651 1749 2732 genitricis

235 2758 305 2820 eius
329 2758 367 2821 de
391 2776 471 2820 novo
495 2757 645 2821 canonice
669 2757 844 2833 fundatum,
868 2763 1082 2820 constructum
1107 2764 1202 2836 atque
1227 2758 1379 2837 (lotatum,
1402 2756 1442 2820 ad
1465 2756 1549 2836 quod
1572 2755 1746 2836 presertim

236 2861 269 2923 in
293 2861 392 2942 ipsius
416 2863 556 2942 corporis
580 2861 662 2925 festo
685 2868 720 2924 et
741 2879 799 2943 per
823 2862 951 2925 octabas
975 2862 1111 2924 maxima
1135 2860 1265 2926 confluit
1288 2861 1397 2943 populi
1420 2859 1601 2935 multitudo,
1628 2860 1748 2924 devote

235 2965 438 3028 visitantibus
461 2965 623 3028 arrrruatim
646 2964 677 3027 in
701 2965 834 3046 singulis
850 2966 950 3046 ipsius
974 2966 1090 3028 domini
1115 2966 1215 3029 nostri
1238 2965 1316 3029 besu
1340 2964 1457 3028 Christi
1481 2964 1578 3028 etsui
1594 2963 1747 3028 sacratis·

235 3069 306 3131 simi
330 3069 470 3148 corporis
501 3087 536 3131 ac
561 3071 589 3132 b.
614 3069 717 3134 Mario
747 3069 888 3150 virginis,
920 3075 1123 3150 pentecostes
1147 3076 1180 3133 et
1203 3069 1341 3132 ninnium
1372 3075 1562 3149 sanctorum,
1585 3066 1748 3132 Johannis

234 3171 431 3253 evangeliste
463 3191 499 3234 ac
523 3172 736 3236 dedicacionis
768 3173 844 3236 dicti
869 3172 1053 3236 monasterii
1084 3173 1313 3236 festivitatibus
1338 3172 1473 3253 anrplam
1504 3170 1746 3253 indulgenciam

235 3276 407 3357 dignemini
430 3275 679 3339 misericorditer
701 3275 841 3357 elargiri.
876 3301 889 3321 ·

364 3397 436 3461 Fiat
458 3397 497 3460 de
522 3416 583 3460 uno
607 3415 688 3462 nnno
712 3403 745 3461 et
768 3398 823 3461 XL
847 3397 958 3461 diebus
983 3397 1019 3460 fl.

364 3518 444 3582 ltem
468 3519 636 3600 supplicat,
666 3526 824 3598 quatenus
848 3518 909 3582 sibi
932 3537 968 3581 ac
992 3519 1118 3582 dilectis
1149 3518 1307 3599 germanis
1331 3518 1397 3581 suis
1421 3537 1457 3582 ac
1480 3518 1641 3582 nobilibus
1665 3517 1748 3582 viris

233 3623 359 3685 domino
382 3621 520 3685 Johanni
540 3622 647 3685 comiti
671 3623 710 3685 de
734 3621 975 3702 Leutemberch
1008 3621 1145 3685 Henrico
1169 3622 1208 3685 de
1232 3621 1312 3702 Lipa
1343 3621 1453 3685 baroni
1476 3621 1566 3703 regni
1602 3621 1746 3703 Boemie‚

234 3725 392 3789 Wilhemo
416 3725 455 3787 dc
480 3723 581 3801 Strui,
612 3725 785 3789 Wliczeoni
809 3726 848 3788 de
873 3725 1056 3806 ltobronite,
1087 3724 1221 3789 Troiano
1246 3726 1285 3789 de
1318 3725 1505 3805 Dubrauicz,
1535 3724 1676 3789 Johanni
1703 3726 1745 3789 de

234 3829 352 3911 Dyerni
388 3828 541 3892 militibus
565 3836 598 3893 et
622 3829 770 3893 uxoribus
794 3848 913 3909 eorum,
949 3829 1134 3910 Tzayclrano
1159 3830 1198 3892 de
1224 3829 1384 3905 Wlilrsicz‚
1422 3828 1561 3894 Cunsoni
1592 3828 1632 3892 de
1657 3826 1746 3893 Obe-

233 3934 354 4013 denicz,
379 3932 566 3995 Wenceslno
590 3933 629 3994 ‹le
653 3933 790 3996 llilitcin
807 3933 956 3996 canonico
983 3933 1238 3996 Wratislnuiensi
1262 3938 1296 3995 et
1327 3933 1524 4009 Wenteslo²t
1549 3932 1668 3996 recturi
1693 3949 1745 3995 ec·

232 4036 329 4099 clesie
353 4036 386 4098 in
409 4035 560 4099 Bosuletz
584 4037 753 4117 Progensis
777 4038 855 4100 (linc.
881 4037 1006 4117 plenam
1032 4042 1229 4116 peccatorum
1255 4037 1473 4100 remissionem
1497 4036 1529 4098 in
1554 4035 1667 4099 mortis
1693 4055 1745 4100 ar·

232 4140 330 4204 ticulo
354 4140 528 4203 concedere
552 4139 724 4219 dignemini
749 4146 784 4202 ut
807 4141 838 4202 in
862 4139 971 4203 forma.

362 4260 433 4324 Fiat
457 4261 493 4323 G.

361 4383 442 4446 ltem
475 4382 643 4463 supplicat,
685 4389 841 4462 quatenus
876 4383 1029 4446 ecclesias
1061 4383 1274 4464 parrochiales
1306 4384 1389 4446 dicte
1422 4383 1500 4446 dioc.
1532 4382 1565 4445 in
1597 4382 1744 4448 Militcin

232 4491 289 4551 suh
313 4486 463 4551 vocabulo
487 4493 520 4549 et
543 4487 575 4549 in
598 4487 717 4550 honore
741 4504 765 4549 s,
789 4486 943 4551 Johanuis
959 4488 1116 4568 llaptiste,
1140 4489 1172 4551 in
1190 4486 1339 4551 llosnletz
1357 4486 1509 4568 capellam
1527 4487 1742 4552 sacratissimi

235 4591 375 4673 corporis
400 4590 519 4654 Christi
542 4598 576 4654 et
599 4591 630 4652 in
654 4590 785 4653 Malsicz
809 4591 895 4655 beati
919 4592 1048 4655 llartini
1073 4591 1229 4671 fundata-s,
1253 4596 1452 4654 canistructas
1476 4596 1571 4670 atque
1598 4592 1743 4671 dotatas,

234 4695 274 4757 ad
298 4713 376 4774 qrras
399 4695 568 4775 presertim
599 4694 632 4757 in
655 4695 794 4775 ipsorum
825 4700 1029 4776 patronorum
1060 4695 1289 4759 festivitatibus
1320 4713 1433 4775 magna
1464 4692 1595 4758 confluit
1628 4697 1740 4779 populi

231 4798 411 4877 multitudo,
447 4797 560 4862 devote
597 4798 800 4861 visitantibus
834 4798 996 4861 annuatim
1020 4799 1052 4861 in
1076 4799 1208 4880 singulis
1243 4799 1343 4880 ipsius
1374 4798 1491 4863 domini
1525 4797 1629 4863 nostri
1659 4798 1741 4864 Jesu

231 4900 350 4964 Christi
374 4906 408 4964 et
431 4902 479 4965 sui
504 4901 709 4964 sacratissimi
734 4902 874 4982 corporis
898 4921 934 4964 nc
957 4903 985 4964 b.
1011 4902 1112 4966 llorie
1136 4902 1276 4983 virginis
1300 4901 1437 4967 omnium
1469 4907 1661 4983 sanctorum,
1684 4901 1742 4969 Jo-

229 5005 343 5068 hannis
359 5005 515 5086 Baptiste,
540 5008 704 5069 lventorum
721 5006 944 5086 apostolorum,
969 5025 992 5068 s.
1007 5007 1137 5070 llartini
1153 5006 1343 5070 corrfessoris
1368 5024 1403 5068 ac
1428 5004 1647 5070 dedicacionis
1670 5006 1739 5071 dic·

230 5114 335 5171 tarum
360 5108 564 5172 ecclesiarum
597 5109 826 5172 festivitatibus
857 5109 993 5191 amplam
1016 5111 1248 5191 indulgenciam
1282 5109 1453 5190 dignemini
1488 5107 1745 5174 misericorditer

229 5211 366 5293 elargiri.

283 5333 285 5336 ’
311 5335 312 5338 ’
357 5315 430 5379 Fiat
451 5315 492 5379 de
515 5334 576 5380 uno
600 5333 681 5379 anno
704 5323 738 5378 et
752 5315 809 5379 XL
831 5315 952 5379 diebus.
970 5316 1008 5380 G.
