3944 6060
230 411 296 476 462
829 408 902 461 Acta
919 400 1074 461 iunocentii
1091 406 1138 462 Vl.

233 619 352 684 1151.
375 614 495 681 Jocooo
517 616 555 680 rie
577 615 757 698 Staebca·)
789 617 1046 683 Vrotislaoiensis
1069 616 1149 683 dioc.
1174 617 1295 682 ordinis
1309 619 1459 697 srctrnm
1481 618 1643 683 minorum
1662 637 1741 703 pro·

227 719 349 800 sessori
371 718 562 800 inculpatur,
585 725 619 783 nt
643 722 805 800 consessor
837 721 905 786 eins
936 721 971 784 io
992 720 1104 785 naamis
1125 720 1261 786 articulo
1278 719 1412 804 plenam
1433 720 1574 786 omnium
1594 726 1739 805 peccato·

232 843 303 887 rnm
333 824 549 889 remissionem
579 825 608 889 ei
636 824 798 890 concedere
821 826 935 908 possit.
985 826 1172 907 „Provenit“
1207 824 1380 906 „Acinione
1417 819 1505 890 Via.
1532 824 1681 891 Octobris
1704 847 1736 893 a.

911 932 1048 994 octavo.“

1176 1067 1338 1151 asenna,
1359 1069 1447 1133 rsoo
1473 1066 1619 1134 oborn
1643 1067 1696 1133 rr.

360 1256 392 1310 R.
411 1257 461 1309 Au.
482 1261 531 1308 144
550 1255 597 1310 lol.
616 1261 675 1308 474.
696 1285 726 1295 -
746 1254 811 1324 Reg.
830 1254 905 1324 apud
923 1254 1019 1320 Eubel,
1039 1253 1191 1309 Bullniinm
1209 1255 1347 1314 Francisc.
1367 1256 1405 1311 Vl
1418 1273 1480 1326 pap.
1500 1262 1551 1312 327
1570 1273 1612 1311 nr,
1634 1262 1741 1312 ⁷81.-

234 1348 259 1410 ⁸)
276 1342 390 1405 ,Jacobs
408 1342 543 1397 Stachaw‘
561 1344 612 1396 As.

233 1676 351 1740 1152.
376 1674 545 1740 Prccslans
567 1677 732 1758 episcopos
763 1675 1021 1741 Vrotislaoiensis
1043 1675 1213 1758 supplicat,
1248 1680 1403 1759 quatenns
1436 1678 1530 1743 Petro
1553 1677 1593 1742 dc
1617 1676 1741 1760 Opalia

233 1777 271 1841 rte
293 1776 436 1860 beneflcio
462 1777 681 1860 ecclesiastico,
712 1779 754 1843 aa
776 1779 914 1863 episcopi
950 1779 1208 1845 Vrctisbaviensis
1240 1777 1437 1847 collationem
1468 1782 1643 1865 spectante,
1661 1800 1740 1863 pro·

929 1884 1084 1950 videatur.

1175 2021 1338 2105 aaran,
1361 2021 1448 2087 1360
1473 2021 1617 2088 onena
1640 2025 1695 2088 12.

361 2212 525 2295 Supplicat
557 2210 598 2276 S1¹
619 2212 674 2276 V¹⁶
698 2212 831 2278 devotus
865 2221 973 2278 orator
1007 2220 1114 2280 vester
1137 2215 1305 2280 Precnlaus
1336 2213 1504 2296 episcopus
1528 2213 1736 2280 Wratislaui·

231 2319 326 2398 ensis,
350 2323 506 2397 qnatenus
529 2316 590 2380 sibi
616 2316 650 2379 in
666 2333 834 2398 personam
858 2318 967 2384 dilecti
991 2321 1040 2383 sui
1063 2318 1152 2383 Petri
1175 2319 1214 2383 de
1229 2317 1314 2401 Opul
1336 2317 1481 2384 officialis
1504 2318 1565 2402 sui,
1586 2319 1739 2402 magistri

231 2423 263 2486 in
287 2421 408 2486 artibus
431 2420 519 2485 etin
542 2421 611 2484 iure
635 2421 784 2486 canonico
807 2421 913 2504 periti,
938 2422 1109 2505 specialem
1130 2423 1267 2505 graciam
1290 2421 1456 2507 facientes,
1489 2422 1594 2488 eidem
1618 2423 1660 2489 de
1683 2423 1740 2489 be·

231 2525 343 2591 neficio
374 2525 592 2589 ecclesiastico
615 2543 684 2589 cum
708 2543 784 2589 cura
806 2526 857 2589 vel
881 2525 1057 2607 amacura,
1087 2533 1221 2592 vacante
1243 2527 1295 2591 vel
1317 2532 1478 2609 vacaturo,
1502 2531 1672 2609 spectante
1697 2528 1741 2594 nd

233 2631 437 2697 collacionem
460 2636 521 2693 etc.
534 2629 675 2712 episcopi
693 2628 978 2707 Wratislauiensis‚
998 2630 1172 2713 dignemini
1188 2631 1374 2714 providere,
1397 2648 1460 2696 non
1476 2630 1636 2715 obstante,
1652 2632 1740 2713 quod

231 2735 263 2800 in
287 2734 544 2799 Wrntislauiensi
569 2739 602 2798 et
625 2734 805 2798 bubuceusi
826 2752 863 2798 ac
887 2753 910 2799 s.
936 2735 1047 2800 Crucis
1074 2735 1330 2800 Wratislauiensi
1360 2733 1506 2800 ecclesiis
1529 2735 1740 2801 canonicatus

231 2845 266 2904 et
287 2838 466 2921 prebendas
500 2837 634 2917 obtinet,
670 2856 748 2917 quos
782 2838 909 2918 quidem
943 2838 1161 2903 canonicatum
1195 2844 1230 2903 et
1262 2839 1457 2920 prebendam
1488 2838 1574 2904 dicte
1597 2838 1739 2905 ecclesie

231 2960 256 3007 s.
281 2941 392 3006 Crucis
415 2947 546 3024 paratus
569 2947 621 3004 est
643 2941 816 3021 dimittere,
840 2959 910 3005 cum
934 2941 1042 3024 vigore
1076 2942 1276 3023 presencium
1306 2942 1540 3024 possessionem
1570 2941 1740 3025 pacificam

232 3046 365 3110 alicuius
387 3045 530 3109 beneficii
556 3045 656 3110 luerit
678 3052 861 3130 assecutus3
885 3065 954 3111 cum
978 3046 1125 3112 omnibus
1141 3045 1213 3110 aliis
1229 3064 1292 3111 non
1308 3044 1509 3112 obstantibus
1532 3051 1567 3111 et
1583 3047 1739 3113 clausulis

232 3149 397 3231 oportunis
421 3168 457 3212 ac
481 3149 714 3214 executoribus.

361 3270 433 3336 Fiat
457 3271 493 3337 G.
517 3270 592 3336 Sine
616 3271 679 3335 alia
701 3272 853 3337 lecciona.
877 3273 950 3337 Fiat
973 3272 1010 3337 G.

362 3395 411 3458 D..
424 3392 581 3458 Aninione
604 3392 669 3456 llll
692 3393 735 3459 id.
760 3392 908 3460 Octobris
932 3413 960 3460 a.
984 3399 1103 3460 octavo.
1230 3403 1232 3406 ’

361 3582 391 3636 R.
411 3580 507 3651 Suppl.
527 3586 558 3634 er
579 3580 626 3635 fol.
647 3580 716 3636 sos.

879 3761 1084 3770 —-—

233 3913 351 3978 1153.
395 3913 454 3975 Pro
477 3911 700 3995 infrascriptis
729 3911 877 3993 personis
911 3912 1119 3996 supplicatur,
1158 3919 1311 3998 qnatenus
1322 3902 1325 3907 ’
1329 3913 1470 3996 provisio
1493 3914 1531 3979 aa
1550 3916 1741 3998 parochiali

232 4015 362 4079 eeclesia
384 4017 418 4079 in
440 4017 613 4082 Jermeiies
634 4021 663 4080 et
686 4016 724 4080 cle
745 4016 867 4081 vicaria
884 4018 1127 4099 praepositurae
1157 4017 1308 4083 ecclesiae
1331 4018 1503 4100 Propensis
1526 4039 1565 4084 ac
1580 4041 1738 4104 praesen·

318 4120 397 4182 tatio
420 4119 464 4182 ad
482 4119 701 4201 parochialem
733 4120 895 4185 ecclesiam
928 4120 963 4185 in
986 4121 1190 4187 Zbraslaoicr
1212 4122 1256 4186 eis
1274 4126 1390 4201 sactae
1412 4121 1646 4205 confirmentur.

1172 4261 1332 4341 Asinium,
1359 4262 1443 4326 1360
1468 4259 1612 4327 Octobris
1635 4266 1692 4329 14.

360 4451 440 4514 Item
464 4452 737 4532 presentacionem
768 4472 804 4517 ac
833 4452 1038 4518 collusionem
1068 4461 1103 4518 et
1132 4453 1344 4536 provisionem
1384 4452 1459 4517 iude
1498 4455 1737 4539 subsecutas,⁸)

232 4555 421 4620 auctoritate
445 4556 606 4621 ordinaria
639 4554 741 4621 iactas
777 4556 923 4622 Conrado
946 4555 1123 4638 sonna-iil)
1158 4557 1198 4621 de
1222 4558 1361 4640 Znoyma
1394 4557 1434 4622 de
1463 4557 1666 4639 parrochiali
1684 4577 1737 4625 ec·

232 4658 329 4722 elesia
354 4661 385 4723 in
408 4659 635 4741 bermernicu⁰l
659 4659 878 4728 Olomucensis
902 4662 981 4726 dioc.
1005 4666 1040 4726 et
1062 4661 1166 4727 omnia
1189 4660 1262 4725 inde
1286 4665 1397 4726 secuta
1419 4679 1457 4725 ex
1482 4666 1570 4728 carta
1594 4662 1737 4730 sciencia

232 4762 405 4844 dignemini
428 4765 612 4829 confirmare
636 4765 687 4829 vel
711 4765 771 4829 sibi
795 4765 835 4830 de
857 4765 928 4846 ipsa
951 4766 991 4830 de
1014 4784 1095 4830 novo
1118 4765 1296 4847 providere,
1332 4766 1432 4829 eciam
1456 4765 1483 4832 si
1506 4764 1605 4831 fuerit
1627 4785 1735 4834 reser-

231 4872 313 4948 vata,
336 4867 387 4932 vel
410 4868 479 4933 eius
503 4868 671 4950 collaciod)
705 4870 743 4932 acl
768 4869 876 4933 sedem
913 4869 1119 4951 apostolicam
1149 4869 1308 4951 devoluta,
1341 4888 1410 4934 cum
1435 4869 1588 4936 clausulis
1611 4877 1648 4937 et
1670 4892 1736 4939 non

231 4972 431 5037 obstantibus
455 4974 627 5055 oportunis

360 5197 442 5261 Item
466 5195 671 5262 collacionem
705 5204 740 5261 et
771 5199 983 5280 provisionem
1018 5199 1208 5265 auctoritate
1242 5198 1421 5264 litterarum
1456 5200 1511 5265 V‘0
1538 5197 1593 5265 8¹¹⁸
1628 5200 1734 5270 factas

234 5299 378 5366 Conrado
402 5300 482 5366 alias
512 5299 669 5366 Guussoni
700 5301 832 5366 Hemici
845 5304 871 5383 ο)
902 5302 1033 5368 diacorm
1058 5303 1098 5368 de
1121 5302 1240 5368 vicaria
1269 5303 1471 5386 prepositure
1494 5302 1632 5371 ecclesie
1655 5305 1735 5373 Pra-
