3944 6060
797 414 859 463 rssr
881 407 949 462 Maii
969 413 979 459 ι
1002 437 1034 447 -
1053 406 1121 462 Maii
1139 414 1180 461 so.
1679 409 1742 476 487

240 620 357 685 1211.
382 620 524 683 Litterae
545 617 648 681 securi
670 618 839 682 conductus
862 616 1036 698 Aupustini
1058 617 1094 681 de
1118 616 1252 683 Brisaco
1265 617 1386 681 ordinis
1404 620 1552 697 fratrum
1576 615 1743 682 deremita-

237 743 309 786 rum
342 743 366 786 s.
398 722 571 802 Aupnstini
602 720 818 802 procuratoris
849 723 1017 803 peneralis,
1052 721 1094 786 ad
1125 726 1229 787 certas
1262 721 1477 785 Alamanniae
1509 725 1539 785 el
1572 719 1744 785 Bolsemiae

234 831 347 910 partes
364 847 426 908 pro
448 825 636 910 quibasdam
671 824 783 890 arduis
805 826 936 906 nepotiis
959 825 1023 890 sibi
1052 827 1226 891 commissis
1255 825 1417 890 destinati.
1465 823 1563 907 „tiron
1597 824 1743 890 dilectum

601 929 728 1011 filium‘
765 928 941 1006 „Avenione
970 929 1074 995 Vcal.
1097 931 1192 997 Junii
1214 949 1243 994 a.
1268 935 1376 994 nono.¹‘

1243 1068 1406 1148 Arinione,
1433 1070 1514 1132 1361
1541 1070 1624 1133 olcis?
1646 1070 1697 1131 28.

365 1257 417 1313 Ea
436 1257 511 1328 apud
530 1256 791 1324 Mastane-Durani,
809 1257 967 1312 Thesaurus
986 1257 1013 1310 11
1032 1260 1093 1312 989.

239 1644 356 1710 1212.
381 1641 566 1726 Rudolplrus
600 1642 665 1706 duc
689 1643 840 1707 Austriae
863 1648 892 1706 et
916 1642 1093 1706 Ludovicus
1125 1645 1229 1708 senior
1258 1641 1400 1708 marolio
1423 1639 1742 1723 Brcndenburpensis

237 1746 428 1830 supplicant,
451 1750 605 1830 quatenus
628 1747 781 1828 alapistro
813 1746 978 1811 Venceslao
1003 1745 1146 1830 Carolus)
1170 1749 1280 1814 clerico
1304 1748 1478 1827 Propensis
1507 1747 1596 1826 dioc,
1629 1746 1741 1811 diledo

235 1851 351 1915 medico
363 1849 566 1929 etfamiliari
576 1849 743 1914 eorundem
754 1849 845 1914 ducis
856 1855 885 1913 et
898 1849 1100 1932 marchionis,
1114 1852 1152 1916 de
1159 1851 1341 1933 parochiali
1355 1852 1487 1917 ecclesia
1498 1851 1533 1914 in
1547 1849 1739 1937 „Caldarioff

241 1954 444 2020 Tridentinae
455 1954 532 2019 dioc.
546 1959 678 2018 vacante
684 1954 903 2036 provideatur.
915 1991 953 2000 —
968 1955 1064 2036 „Fiat
1079 1955 1116 2022 G.
1132 1957 1171 2023 D.
1184 1957 1341 2040 Auinione
1354 1955 1474 2033 IIIJtal.
1487 1955 1580 2021 Junii
1591 1977 1620 2022 a.
1630 1958 1738 2020 nono.“

1240 2096 1404 2174 Avinione‚
1429 2094 1511 2159 1361
1539 2096 1623 2160 Maii
1644 2095 1696 2161 30.

302 2349 303 2352 Ἴ
367 2283 398 2337 R.
417 2281 512 2352 Suppl.
532 2287 564 2336 31
584 2281 629 2337 sol.
650 2286 701 2337 71¹.
721 2313 753 2322 —
777 2288 802 2348 ι)
820 2283 979 2350 ,Wsnselao
997 2283 1101 2338 Karali‘
1121 2284 1216 2355 Suppl.

886 2499 1092 2507 ----.-

238 2670 355 2735 1213.
386 2667 549 2733 dolannes
579 2669 740 2752 episcopus
774 2668 1055 2748 Lntlromuslensis,
1089 2669 1266 2751 imperialis
1293 2667 1386 2733 aulae
1420 2667 1641 2748 cancellarius,
1664 2687 1739 2749 sup-

233 2775 344 2856 plicat,
375 2777 527 2856 quatenus
559 2772 702 2838 doleanm'
731 2772 767 2836 de
801 2773 950 2836 Prusnice
979 2773 1157 2854 sipitlorum
1189 2774 1402 2856 imperialium
1433 2772 1556 2839 custodi
1586 2774 1623 2837 de
1646 2791 1738 2837 cano·

235 2879 343 2943 nicatu
364 2877 421 2942 snb
444 2877 657 2958 suspectatione
674 2876 878 2959 praebendae
899 2876 933 2940 in
964 2875 1097 2941 ecelesia
1124 2875 1376 2956 Vrctislaviensi,
1400 2877 1634 2956 nonobstante,
1657 2876 1739 2960 quod

236 2981 397 3047 ecclesiam
414 2979 632 3062 parochialem
654 3001 679 3044 s.
704 2981 793 3044 Petri
831 2980 1085 3062 Lepnicensew)
1117 2979 1377 3046 Vralislaviensis
1410 2981 1487 3047 dioc.
1518 2978 1642 3065 obtinet,
1661 3002 1737 3064 pro-

233 3085 387 3151 videatur.
431 3087 510 3149 Item
533 3085 703 3166 supplicat,
727 3090 880 3166 preatenus
902 3072 1046 3151 Johanni
1072 3086 1155 3151 dicta
1183 3083 1382 3168 Heteqreveb)
1403 3085 1587 3169 presbytero
1622 3085 1733 3151 Herbi·

232 3191 373 3275 polensis
396 3191 474 3255 dr'oc.
498 3189 535 3254 de
557 3189 701 3271 lerieficio
724 3189 945 3265 ecclesiastica,
980 3190 1023 3253 ad
1058 3189 1282 3255 monasteriam
1314 3189 1470 3255 Fuldense
1503 3188 1738 3272 Herbipolensis

237 3295 314 3360 dioc.
332 3296 518 3378 pertinente,
539 3294 755 3377 provideatur.
781 3333 821 3340 -
847 3295 941 3376 „Fiat
958 3314 1019 3376 pro
1041 3294 1183 3359 mnibus
1198 3295 1234 3360 G.
1259 3295 1334 3360 Sine
1356 3295 1424 3360 alia
1446 3295 1585 3360 accione.
1610 3297 1737 3360 Etcum

238 3401 449 3464 commissione
472 3400 629 3463 examinis
652 3399 694 3464 ad
712 3403 832 3479 parles.
870 3400 946 3462 Fiat
970 3397 1007 3462 G.
1047 3397 1084 3462 D.
1109 3399 1266 3463 Aninione
1288 3399 1346 3462 III
1370 3397 1432 3464 oct.
1456 3400 1550 3484 ,Iunii
1572 3420 1601 3465 a.
1626 3402 1733 3462 nono.“

1243 3539 1403 3617 Aetnaeo,
1427 3541 1508 3603 1361
1532 3539 1618 3604 Maii
1639 3539 1690 3603 30.

367 3727 400 3780 R.
417 3727 512 3795 Suppl.
531 3731 564 3780 tn
584 3727 630 3780 sol.
650 3731 701 3781 72¹.
723 3757 750 3765 -
773 3730 797 3793 ι)
818 3726 853 3792 ,in
872 3725 976 3793 LIgnis‘
995 3726 1090 3796 Suppl.
1111 3728 1136 3793 b)
1156 3726 1328 3796 ,Helegreue‘
1347 3725 1442 3795 Suppl.
1550 3757 1554 3766 ι

238 4077 356 4144 1214.
395 4075 595 4142 [amantius
624 4076 667 4139 VI
689 4072 835 4139 Carolum
867 4078 1080 4141 Romanorum
1110 4077 1330 4157 imperatorem
1364 4096 1403 4138 ac
1434 4073 1605 4139 Bolerniae
1632 4095 1736 4155 repem

233 4182 395 4247 certiorem
421 4178 520 4262 facit,
557 4179 779 4259 Raymnndum
812 4180 990 4262 episcopum
1023 4179 1192 4244 Elaensem
1225 4183 1300 4245 tunc
1329 4179 1477 4261 temporis
1509 4180 1552 4243 ad
1581 4199 1734 4261 praesen-

236 4285 316 4348 tiam
344 4283 412 4347 eins
445 4301 506 4345 non
539 4282 703 4361 dest-inari,
744 4284 1033 4365 supervenientibus
1066 4289 1170 4348 tamen
1199 4283 1265 4347 suis
1298 4282 1413 4347 litteris
1437 4283 1545 4366 primo
1574 4303 1634 4364 per
1665 4303 1735 4366 spe-

234 4386 346 4452 cialem
367 4387 516 4450 nuncium
538 4407 629 4450 suum
651 4387 762 4452 deiude
789 4409 847 4470 per
871 4387 1052 4453 Gerardum
1082 4388 1262 4471 episcopum
1291 4385 1593 4469 Nuremburpensern
1615 4389 1736 4452 noviter

229 4489 455 4574 praesentatis,
484 4510 517 4554 se
539 4495 663 4555 maturo
681 4491 808 4555 consitio
823 4493 973 4574 Epidium
994 4493 1172 4575 episcopum
1203 4492 1398 4556 Viventinum
1419 4495 1488 4555 tam
1511 4511 1606 4573 supet
1629 4491 1733 4555 Bono·

235 4595 336 4660 nicusi
372 4596 491 4675 nepotio
514 4615 608 4677 quam
631 4615 726 4678 super
748 4594 907 4660 nonnullis
931 4596 1006 4661 aliis
1030 4598 1073 4661 ad
1095 4597 1313 4678 imperatorem
1337 4597 1521 4662 destinasse.
1568 4596 1657 4659 Haec
1676 4617 1734 4677 per

233 4699 410 4765 Conradum
433 4700 471 4763 de
496 4696 731 4775 (sciscitetur)
755 4702 914 4764 notarium
930 4701 1133 4779 familiarem
1162 4705 1192 4765 et
1213 4700 1429 4783 secretarium,
1453 4719 1491 4764 ac
1509 4700 1729 4782 praepositum

235 4806 457 4885 Epstetenseru‚
480 4805 610 4868 nuncios
632 4805 735 4886 ipsius
757 4806 968 4887 imperatoris,
994 4806 1132 4872 intimat.
1183 4805 1290 4882 ¹‚Licet
1309 4805 1453 4887 pridem“
1482 4805 1658 4886 „Avenione
1682 4805 1736 4870 III

803 4907 863 4972 cal.
886 4908 981 4976 Junii
1003 4930 1032 4975 a.
1056 4912 1163 4974 nono.“

1236 5046 1399 5132 avinione,
1423 5047 1508 5111 1361
1532 5047 1616 5112 nan
1637 5049 1689 5114 30.

363 5235 414 5290 Ed.
433 5236 506 5305 apud
525 5235 784 5303 Illuricae-Durani,
802 5236 962 5291 Thesaurus
990 5235 1016 5288 11
1034 5240 1095 5303 989,
1120 5252 1175 5305 reg,
1196 5236 1268 5304 apud
1289 5236 1390 5303 Huber,
1420 5234 1485 5304 Reg.
1505 5235 1574 5303 Imp.
1593 5235 1658 5288 VIII
1677 5251 1733 5305 pag

233 5328 280 5377 ⁶11
302 5339 342 5378 ιιι.
363 5329 404 5376 ⁷³.
423 5352 456 5362 -
471 5328 497 5387 Δ)
515 5322 698 5392 ‚Bisynhegin‘
716 5323 850 5377 Marione.
