3944 6060
753 424 818 474 laco
835 414 935 474 Martii
954 423 987 473 no
1005 450 1036 459 -
1057 416 1161 488 Aprilis
1183 426 1221 474 ιι.
1672 421 1735 487 427

233 632 419 698 canonicatu
443 638 478 697 et
499 630 673 714 prebenda,
696 649 754 711 per
776 648 833 695 nos
859 630 926 712 tibi,
958 636 993 695 nt
1013 630 1183 714 prefertur,
1208 630 1343 712 collatio,
1374 631 1609 710 quomodolibet
1631 632 1736 712 acqui-

233 741 328 815 ratur,
352 737 415 800 nisi
438 743 474 800 tu
498 743 531 800 et
554 736 658 799 dictus
681 732 825 816 Sylridus
848 741 991 816 tempore
1014 735 1267 817 resignacionum
1291 733 1471 800 huiusmodi
1501 735 1551 800 ius
1573 734 1737 801 haberetis

231 840 379 905 indictis
413 841 599 906 canonicatu
634 845 667 902 et
689 839 851 919 prebenda
884 858 920 902 ac
950 840 1053 914 altari,
1078 857 1135 921 per
1169 858 1224 904 vos
1248 838 1357 903 taliter
1390 838 1587 919 resignatis.
1608 891 1614 903 .
1635 890 1642 904 .
1663 893 1668 904 .
1693 841 1730 904 D.

232 943 386 1008 Aninione
411 944 458 1007 ΙΙΙ
481 943 544 1008 kal
575 943 694 1025 Aprilis
716 962 744 1005 a.
768 949 886 1008 octavo.

360 1065 396 1128 ln
420 1082 447 1127 e.
473 1083 510 1128 ιιι.
536 1119 542 1128 .
563 1115 569 1125 .
590 1119 596 1130 .
617 1116 623 1128 .
655 1064 841 1157 -Μίιιιίειιεί
864 1072 949 1130 et..
980 1065 1238 1130 Lntbomnslensi
1270 1066 1427 1148 episcopis
1451 1085 1486 1129 nc
1506 1115 1513 1130 .
1534 1117 1540 1131 .
1561 1118 1567 1130 .
1587 1117 1594 1132 .
1618 1068 1736 1132 decano

237 1168 370 1234 ecclesie
394 1187 418 1232 s,
444 1169 583 1251 Agricoli
606 1169 840 1235 Aniniorrensia

361 1356 392 1410 R.
412 1359 461 1410 Ar.
483 1362 531 1409 143
550 1357 597 1410 iol.
619 1363 686 1410 187⁴.
707 1388 737 1397 -
771 1362 793 1425 2)
813 1357 928 1421 ,existis‘
948 1359 997 1410 Αι.

881 1586 1088 1595 ——-—-

235 1742 351 1807 1070.
375 1738 508 1827 Siffrido
532 1730 623 1804 Petri
645 1739 683 1803 de
705 1740 853 1804 Laconica
874 1743 1036 1820 consertor
1058 1741 1162 1805 altare
1184 1746 1364 1807 sanctorum
1391 1739 1504 1822 Cprilli
1525 1746 1554 1806 et
1583 1742 1739 1808 Metbodii

793 1845 827 1909 in
849 1845 980 1910 ccclesia
1009 1845 1175 1926 Properas.

302 1988 381 2122 3}
1211 1984 1373 2064 Ababa,
1389 1983 1476 2050 1360
1497 1984 1614 2049 blumii
1636 1984 1688 2053 ao.

363 2193 400 2257 D.
424 2192 445 2255 f.
470 2190 594 2273 Sylrido
618 2191 704 2256 Petri
729 2192 768 2255 dc
792 2190 961 2273 Lompnicn
992 2192 1108 2255 rectori
1132 2192 1243 2256 altaris
1266 2211 1308 2257 ss.
1333 2192 1434 2257 Cirilli
1459 2200 1492 2257 et
1515 2193 1639 2258 bletndi
1663 2211 1735 2259 con-

238 2294 400 2374 fessorum,
425 2297 480 2360 siti
503 2296 535 2359 in
558 2296 695 2360 ecclesia
729 2297 891 2376 l‘rngensi,
916 2296 1050 2360 saltitem
1074 2302 1134 2360 etc.
1181 2297 1363 2377 Apostolicc
1387 2298 1473 2360 sedis
1508 2298 1737 2378 circumspecta

235 2401 412 2481 benignitas
431 2451 437 2464 .
458 2452 464 2463 .
486 2451 519 2465 ..
559 2400 636 2464 Cum
660 2401 767 2480 itaque
802 2419 904 2482 nuper
926 2407 962 2465 tu
995 2401 1212 2465 canonicatum
1247 2407 1281 2464 et
1315 2402 1508 2482 prebendam
1543 2402 1678 2466 ecclesie
1710 2420 1734 2464 s,

236 2504 339 2585 Egidii
369 2503 539 2586 Prageusis
563 2510 596 2569 et
619 2505 648 2568 d.
672 2504 693 2567 f.
726 2504 920 2568 'l'heodricus
944 2503 1117 2567 Dlubomili
1148 2505 1187 2568 de
1212 2505 1349 2568 Blathna
1380 2506 1481 2569 altare
1513 2523 1554 2568 ss.
1578 2505 1678 2569 Cirilli
1703 2511 1736 2569 et

236 2607 357 2672 bletudi
380 2608 603 2687 confessorum,
628 2609 723 2672 situm
746 2609 779 2671 iu
802 2609 938 2673 ecclesia
960 2607 1121 2690 Pragensi‚
1152 2626 1213 2688 qne
1243 2615 1317 2673 tunc
1348 2610 1501 2691 temporis
1532 2609 1736 2689 obtinebatis,

235 2713 397 2794 cupientes
420 2713 476 2775 illa
499 2731 538 2775 ex
561 2714 657 2777 certis
680 2713 784 2777 causis
807 2712 1051 2777 racionabilibus
1075 2712 1207 2776 invicem
1230 2715 1474 2796 permutarem
1497 2713 1641 2777 inanibus
1665 2730 1734 2775 ven.

236 2815 270 2879 lr.
293 2817 395 2881 nostri
418 2815 571 2898 Stephani
601 2817 829 2900 archiepiscopi
853 2818 1033 2899 l'holosani,
1063 2817 1228 2881 camermii
1258 2817 1368 2900 nostri,
1391 2817 1549 2881 duxeritis
1572 2835 1612 2881 ex
1635 2834 1732 2880 causa

236 2921 478 3001 permutaciouis
501 2920 680 2985 huiusmodi
703 2922 787 3003 apud
811 2923 926 2986 dictam
949 2923 1056 2988 aedem
1081 2922 1180 2986 libere
1204 2922 1405 3004 resignanda,
1440 2921 1607 3002 dictusque
1631 2908 1732 2985 archi·

236 3024 401 3106 episcopus
416 3024 651 3105 rosignaciones
664 3025 842 3090 huiusmodi
857 3027 940 3108 apud
953 3027 1069 3091 dictam
1082 3027 1191 3090 aedem
1204 3026 1369 3090 admiserit
1382 3026 1421 3090 de
1438 3026 1570 3107 speciali
1585 3026 1734 3090 mandato

239 3135 355 3207 nostro,
380 3129 464 3193 lacto
488 3131 548 3193 sibi
571 3147 667 3210 snper
689 3129 748 3194 hoc
771 3131 897 3195 oraculo
927 3133 997 3196 vive
1021 3131 1117 3213 vocis,
1148 3148 1205 3194 nos
1229 3131 1311 3195 rotis
1335 3131 1398 3195 tuis
1421 3130 1565 3195 volentes
1596 3148 1735 3194 annuere

237 3232 453 3298 larornbiliter
490 3233 521 3297 in
545 3233 603 3297 hac
626 3241 727 3314 parte,
750 3235 868 3308 dictum
892 3236 1003 3314 altare,
1028 3254 1086 3316 per
1119 3235 1297 3299 huiusmodi
1333 3235 1583 3317 resignacionem
1607 3252 1735 3311 vacans,

238 3338 519 3421 ...apostolica
552 3338 611 3402 tibi
644 3339 835 3404 auctoritate
869 3340 1059 3404 conserimus
1096 3345 1129 3402 et
1153 3340 1192 3402 de
1215 3339 1271 3402 illo
1305 3339 1405 3403 eciam
1427 3338 1630 3421 providemus
1649 3390 1655 3403 .
1674 3388 1681 3401 .
1702 3389 1734 3402 ..

237 3443 351 3508 Nostre
374 3449 481 3507 tannen
513 3443 702 3507 intencionis
737 3444 868 3527 existit·
892 3444 974 3524 quod
998 3463 1037 3508 cx
1060 3442 1240 3508 huiusmodi
1275 3443 1448 3508 collacione
1472 3449 1581 3508 nostra
1615 3442 1735 3506 nullum

234 3549 282 3614 ius
305 3549 364 3613 tibi
387 3548 420 3612 iu
443 3547 527 3612 dicto
551 3548 654 3631 altari,
678 3566 736 3630 per
758 3567 816 3612 nos
850 3548 916 3631 tibi,
940 3553 975 3612 ut
999 3547 1168 3631 prefertur,
1202 3549 1328 3627 collato,
1363 3547 1598 3627 quomodolibet
1630 3545 1735 3625 acqui·

235 3659 330 3735 ratur,
353 3652 415 3716 nisi
438 3658 473 3716 tn
497 3659 531 3718 et
553 3653 657 3716 dictus
681 3651 874 3717 Theodricus
905 3659 1046 3733 tempore
1071 3654 1323 3735 resignacionum
1354 3651 1534 3716 huiusmodi
1566 3652 1614 3714 ius
1638 3649 1733 3714 habc-

234 3758 311 3823 retis
334 3757 367 3821 in
390 3757 484 3822 altari
506 3766 540 3823 et
556 3757 741 3823 carronicatu
766 3763 799 3821 et
815 3758 976 3839 prebenda
999 3759 1160 3839 predictis
1185 3777 1242 3840 per
1265 3775 1321 3823 vos
1344 3756 1453 3820 taliter
1476 3755 1732 3836 resignatis...

234 3862 271 3926 Ι).
293 3861 451 3927 Auiniouc
474 3863 521 3926 lll
544 3862 606 3926 kal.
631 3862 750 3943 Aprilis
774 3882 802 3927 a.
826 3869 946 3928 octavo.

363 3986 399 4048 ln
422 4003 448 4048 e.
472 4004 501 4048 m
505 4034 619 4050 .....
657 3984 816 4048 Mindensi
841 3989 925 4048 et..
961 3984 1219 4048 Luthomuslensi
1255 3983 1412 4066 episcopis
1437 4000 1472 4046 nc
1491 4033 1498 4046 .
1518 4031 1525 4045 .
1545 4030 1579 4046 ..
1614 3980 1734 4044 decano

234 4091 368 4156 ecclesie
392 4108 415 4154 s.
439 4090 577 4172 Agricoli
602 4089 833 4153 Aninionensia

364 4281 394 4335 R.
414 4283 464 4333 Ar.
485 4286 533 4332 143
553 4277 599 4332 fol.
619 4284 686 4332 327¹.

882 4487 1088 4498 ...-—-—----

528 4682 647 4747 1071.
679 4679 827 4744 Visitntc'o
854 4679 985 4744 Arnesli
1006 4678 1235 4761 archicpiscopi
1259 4677 1439 4756 Propensis

1383 4831 1470 4896 1360
1491 4828 1616 4911 Aprilis
1641 4832 1690 4892 11.

363 5031 423 5096 Die
446 5029 491 5095 XI
514 5030 634 5113 Aprilis
653 5030 695 5114 [n.
712 5029 933 5113 MCGCLXP)
957 5029 1102 5094 dominns
1119 5027 1274 5091 Arnestus
1292 5022 1549 5105 archiepiscopus
1565 5019 1734 5102 Prngensis

234 5155 290 5219 pro
324 5138 447 5203 duobus
481 5136 628 5200 trienniis
662 5135 827 5217 preteritis
860 5133 1003 5198 visitavit
1032 5151 1090 5214 per
1120 5131 1279 5195 dominnm
1310 5128 1486 5193 iohannem
1510 5126 1549 5189 de
1573 5124 1735 5188 Harawicn

234 5250 388 5310 rectorem
411 5243 533 5326 capelle
558 5260 581 5306 s,
604 5240 712 5323 Egidii
735 5240 768 5304 iu
791 5239 921 5306 civitate
945 5237 1035 5303 Novo
1059 5235 1221 5318 Progensi.
1247 5234 1329 5298 ltcm
1352 5232 1414 5297 lint
1430 5229 1594 5296 absolutus
1611 5247 1629 5292 a
1644 5233 1735 5293 reatu

234 5348 366 5437 periurii
387 5354 424 5414 ut
445 5348 479 5416 in
504 5346 602 5414 lomna
625 5352 685 5414 etc.
