3944 6060
237 442 303 508 244
836 440 906 493 Acta
923 437 1079 494 Innocentii
1096 437 1142 494 vl.

235 650 328 717 614.
351 646 507 714 chrious
530 645 661 711 Henrici
682 646 721 712 de
745 645 885 711 Procius
907 645 1079 731 supplicat,
1110 650 1265 730 quotenus
1286 646 1347 713 sibi
1368 648 1407 714 de
1428 648 1575 733 bernficio
1596 648 1742 715 ecciuio·

363 752 450 827 stico,
473 752 518 816 nd
536 749 733 818 collationem
748 750 929 834 praepositi
950 750 990 815 dc
1012 747 1159 817 Oiotidou
1178 752 1365 835 pertinente,
1382 752 1602 836 provideatur.

1039 888 1135 973 Apud
1165 889 1623 973 Viiiamnoouru,1357Moii
1647 893 1696 958 13.

364 1081 528 1164 supplicat
555 1078 597 1145 gn
623 1081 677 1147 V¹⁰
697 1079 868 1147 Heinricus
890 1085 986 1145 natus
1008 1080 1152 1146 Heinrici
1168 1081 1207 1146 de
1230 1080 1380 1147 Pracbow
1403 1081 1537 1148 clericus
1568 1081 1741 1166 Prsgensis

236 1186 327 1270 dioc,
363 1191 520 1268 qnatenus
543 1186 604 1251 sibi
627 1185 764 1269 graciam
788 1184 959 1268 specialem
981 1184 1146 1267 incientes,
1182 1186 1222 1250 de
1246 1183 1400 1251 beneficio
1430 1185 1649 1253 ecclesiastico
1670 1204 1741 1253 cum

235 1309 320 1375 cura,
343 1294 511 1375 spectante
527 1290 567 1354 ad
590 1290 797 1356 collacionem
815 1337 823 1357 .
843 1339 850 1354 .
870 1339 903 1353 ..
926 1288 1081 1371 prepositi
1105 1290 1145 1355 de
1169 1288 1413 1372 Chotyesyew·)
1435 1290 1740 1357 Premonstrstensis

235 1396 314 1477 ord,
338 1393 512 1477 dignemini
533 1393 784 1460 misericorditer
806 1393 983 1475 providere,
1007 1412 1076 1459 curn
1099 1393 1334 1477 acceptacione,
1364 1394 1595 1477 reservatione,
1626 1394 1740 1460 inbibi-

233 1500 334 1575 cione‚
358 1499 487 1565 decreto
510 1504 545 1564 et
567 1499 710 1563 clausula
733 1497 886 1562 anteferri
908 1502 942 1562 et
964 1498 1109 1564 omnibus
1131 1497 1410 1564 nonobstantibus
1432 1501 1468 1563 et
1482 1498 1635 1565 clausulis
1649 1517 1740 1582 opor·

234 1603 322 1670 tuuis
344 1609 379 1669 et
401 1602 624 1670 executoribus
647 1607 684 1667 nt
706 1602 738 1666 in
761 1601 870 1667 forma.

363 1725 436 1790 Fiat
451 1726 488 1790 G.
512 1725 557 1790 Et
578 1724 662 1806 quod
685 1728 830 1790 transeat
852 1724 921 1790 sine
944 1724 1008 1789 alia
1030 1725 1180 1790 lectione.
1205 1725 1278 1790 Fiat
1293 1725 1331 1790 G.
1354 1727 1393 1790 D.
1410 1725 1494 1808 apud
1510 1725 1740 1792 Villamnouam

234 1826 461 1895 duiuionensis
485 1827 564 1894 dioc.
588 1827 637 1893 111
660 1829 702 1894 id.
726 1829 805 1894 Maii
828 1847 856 1893 a.
880 1829 1001 1909 quinto.

362 2015 395 2073 R.
413 2017 509 2088 Suppl.
527 2024 561 2073 tl
579 2017 627 2073 iol.
648 2022 705 2073 124.
724 2048 757 2058 -
778 2022 802 2085 a)
821 2019 853 2072 ln
872 2033 955 2088 marg.
974 2019 1061 2074 dext:
1089 2019 1226 2084 ,Attendn
1251 2018 1324 2088 qnod
1341 2034 1397 2073 non
1414 2017 1488 2084 dieb,
1507 2018 1585 2076 cuins
1603 2017 1740 2077 diocesis‘.

232 2400 323 2469 615.
346 2401 491 2469 Jobnnni
512 2401 549 2466 de
564 2395 671 2466 ‘conss
693 2400 806 2468 einrico
829 2402 1022 2467 Morincneie
1043 2403 1132 2485 dioc,
1149 2402 1320 2485 familiari
1336 2401 1492 2470 Guidonis
1505 2402 1646 2487 episcopi
1663 2402 1738 2468 Por-

231 2505 351 2571 iucnsis
383 2511 563 2571 reametur
591 2504 770 2588 beneficium
798 2504 1043 2572 eudesiuaticum
1072 2508 1116 2572 ad
1147 2507 1343 2574 collationem
1379 2507 1493 2573 decani
1536 2513 1567 2573 ct
1603 2507 1739 2593 capituli

232 2608 379 2676 eoduma
412 2610 619 2675 Tornocernia
642 2610 816 2693 pertinens.
848 2610 1044 2693 „Probitatie
1072 2616 1102 2676 ei
1131 2613 1302 2676 virtutum“
1348 2612 1464 2696 „Apud
1505 2611 1739 2678 Vdiomnouunr

232 2712 636 2780 inconsonantiam
658 2714 702 2779 id.
726 2713 811 2779 dlnii
840 2736 871 2779 a.
895 2715 1032 2799 quinto.“
1061 2753 1097 2763 —
1123 2718 1163 2781 ln
1185 2738 1210 2780 e.
1232 2736 1273 2780 m.
1304 2736 1330 2780 e.
1356 2715 1492 2786 Martini
1528 2716 1740 2783 lbrnuceusie

232 2822 262 2882 ei
283 2837 310 2883 s.
334 2818 465 2884 Nicoiai
485 2819 578 2884 iunia
604 2821 779 2885 Tornocuna
809 2820 1071 2884 monasteriorum
1095 2819 1260 2886 abbatim
1289 2819 1570 2885 coarchidiacono
1591 2818 1740 2886 mutae

889 2925 1069 3008 diaporesis

1033 3062 1129 3147 Apud
1160 3062 1398 3145 Viilnmnooom‚
1422 3065 1508 3129 1357
1530 3064 1618 3131 Maii
1639 3066 1694 3132 13.

361 3248 394 3303 R.
413 3250 463 3303 Ar.
484 3252 532 3305 itt
550 3248 598 3304 iol.
618 3256 685 3304 146⁴.

231 3582 324 3652 616.
347 3583 548 3649 Innocentius
578 3582 624 3648 VI
642 3581 755 3648 Ccroio
778 3584 990 3648 Romanorum
1013 3583 1199 3667 imperatori
1228 3597 1288 3666 per‘
1317 3583 1484 3650 Nicolaum
1506 3585 1622 3690 Leonis
1644 3606 1741 3654 cono

451 3688 557 3754 nicurn
579 3685 808 3768 Brunnensens‚
831 3687 981 3754 nuncium
1002 3688 1079 3770 eius,
1102 3707 1287 3771 responsum
1308 3708 1401 3754 mum
1421 3689 1529 3753 mittit.

1033 3827 1130 3912 Apud
1160 3825 1399 3911 liiiomnoocm,
1425 3826 1508 3893 1357
1530 3828 1616 3894 Maii
1638 3831 1693 3898 17.

362 4017 532 4082 Carissimo
556 4017 588 4081 in
612 4016 739 4082 Christo
772 4018 835 4083 tilio
860 4018 972 4084 Oaroio
996 4020 1208 4083 Romanorum
1238 4019 1423 4101 imperatori
1451 4037 1577 4102 semper
1600 4028 1738 4104 angusto

231 4123 367 4187 salutem
390 4127 449 4186 ete.
483 4121 520 4185 D.
544 4120 565 4185 i.
589 4121 754 4186 Nicolaum
778 4123 894 4188 Leonis
925 4123 1109 4187 carronioum
1139 4123 1274 4187 ecclesie
1302 4122 1481 4187 'Brnnensis
1513 4121 1738 4192 Olomncensis

232 4225 324 4307 dioc,
347 4225 504 4291 notarium
528 4229 562 4289 et
583 4225 732 4290 nuncium
754 4232 852 4309 tuum,
876 4227 1009 4291 latorem
1033 4226 1242 4308 presencium,
1266 4231 1300 4291 et
1321 4226 1447 4291 litteras
1470 4231 1543 4292 tuas
1566 4228 1658 4294 nobis
1681 4248 1737 4295 ex-

231 4328 350 4394 hibitas
372 4346 431 4411 per
452 4329 587 4393 eundem
611 4329 868 4396 consideracione
891 4336 944 4395 tua
962 4330 1098 4412 benigne
1121 4329 1299 4411 recepimus
1322 4335 1356 4393 et
1377 4329 1450 4409 hiis,
1474 4348 1536 4411 qne
1552 4331 1737 4400 huiusmodi

232 4432 341 4497 littere
365 4432 579 4516 continebant,
602 4440 636 4498 et
657 4432 743 4499 idem
766 4453 890 4516 quoque
917 4434 1050 4497 nurreius
1073 4453 1129 4515 pro
1153 4440 1243 4516 parte
1266 4439 1323 4498 tua
1348 4435 1525 4516 prudenter
1546 4442 1581 4501 et
1602 4438 1736 4520 provide

231 4536 395 4618 reseravit
426 4534 597 4618 diligenter
620 4537 748 4620 auditis,
771 4539 811 4602 ad
834 4556 872 4601 ea
895 4537 954 4603 tibi
977 4537 1160 4619 peripsum
1183 4537 1438 4620 respondendum
1463 4538 1619 4624 duximus,
1651 4541 1737 4608 sicut

231 4640 270 4704 ab
300 4657 339 4706 eo
370 4640 480 4705 audies
511 4641 611 4724 magis
634 4642 737 4723 plene.
773 4643 810 4706 1).
835 4642 919 4724 apud
943 4640 1174 4707 Villamnouam
1205 4641 1431 4707 Aninionensis
1462 4641 1542 4707 dioc.
1574 4643 1649 4709 XVI
1671 4645 1734 4712 kal.

230 4742 318 4807 Junii
341 4762 369 4808 a.
394 4744 514 4825 quinto.

359 4931 392 4985 R.
410 4933 473 4986 Vat.
490 4938 541 4986 239
560 4932 606 4986 iol.
626 4938 668 4997 69,
695 4934 727 4986 li.
746 4933 807 4987 Vat.
831 4939 883 4987 244
901 4934 927 4987 Η
951 4934 1086 5001 (Archet.)
1112 4949 1152 4986 nr.
1178 4938 1236 4987 215.
1256 4963 1288 4972 -
1308 4934 1372 5002 Reg.
1398 4934 1471 5003 apud
1491 4934 1656 5008 Wcrransky‚
1680 4938 1735 4992 Ex·

230 5024 326 5086 cerptt
343 5035 384 5072 nr.
402 5024 453 5072 tit
472 5027 500 5074 ct
517 5019 621 5088 Huber,
639 5020 704 5089 Reg.
724 5020 792 5090 lmp.
811 5021 877 5076 Vlll
896 5037 956 5089 pag.
978 5025 1027 5074 789
1046 5036 1084 5074 nr.
1103 5023 1162 5075 336.
1183 5048 1215 5058 -
1234 5021 1265 5073 ln
1285 5026 1361 5089 tergo
1380 5019 1514 5076 minutae:
1534 5022 1603 5088 ,R¹·‘

879 5235 1083 5246 *-
