3944 6060
233 415 299 480 520
836 410 908 462 Acte
924 407 1076 463 Innocentii
1096 407 1141 461 vl.

235 621 353 688 1306.
377 619 492 682 Eidem
501 620 527 698 ⁸)
551 619 740 701 indulpetur,
764 617 916 683 utaltare
935 619 1088 699 portatile
1110 617 1223 682 labere
1233 619 1349 701 possit.
1376 620 1519 702 „Sincere
1541 623 1737 693 devocionis‘

661 722 835 804 „Aninione
858 722 892 785 X
910 721 974 788 Ital.
998 723 1084 788 Maii
1107 745 1137 788 a.
1160 724 1305 789 decimo.“

300 880 369 933 .1.
1197 861 1362 940 asinione,
1386 865 1473 928 1362
1495 865 1620 950 Aprilis
1642 872 1696 934 22.

365 1048 394 1103 R.
415 1052 465 1102 Av.
489 1055 535 1102 149
555 1049 602 1102 fol.
622 1053 682 1103 686.
700 1078 734 1087 -
755 1050 780 1114 ⁸)
799 1047 948 1115 ,Willelmo
967 1046 1001 1100 de
1020 1048 1133 1101 Lestau⁸
1152 1049 1201 1103 Av.

884 1260 1090 1269 ——.

235 1432 355 1499 1307.
380 1430 511 1493 Nicolao
546 1429 741 1510 Hepdenricl
771 1430 808 1492 de
833 1432 954 1509 Mayno
980 1427 1131 1510 Glopooia
1154 1435 1183 1494 et
1208 1430 1399 1497 Catheriuae
1420 1435 1487 1496 eius
1509 1436 1603 1498 unom'
1634 1435 1737 1499 Vrati·

233 1535 402 1599 stomensis
425 1534 502 1597 dioc.
527 1533 716 1615 iudulpetur,
738 1537 774 1596 ut
797 1537 959 1613 confessor
980 1553 1086 1597 eorum
1107 1536 1141 1598 in
1164 1535 1274 1598 mortis
1297 1536 1430 1600 articulo
1449 1537 1578 1617 plenam
1601 1541 1740 1603 omnium

169 1707 171 1710 ,
232 1644 439 1722 peccatorum
472 1638 689 1702 remissionem
722 1639 766 1701 eis
791 1637 953 1701 concedere
982 1640 1095 1719 possit.
1144 1640 1328 1718 „Irooeuiffl
1371 1638 1544 1723 „Aninione
1576 1643 1656 1707 VIII
1675 1643 1740 1710 lcal.

831 1741 916 1805 Maii
938 1762 968 1804 a.
994 1743 1143 1806 decimo.“

1203 1882 1365 1963 Aninione,
1388 1883 1473 1947 1362
1497 1883 1622 1965 Aprilis
1644 1888 1696 1950 24.

366 2001 397 2052 R.
416 2003 465 2053 AV.
487 2008 536 2055 1⁴8
556 1999 600 2054 iol.
621 1995 689 2053 595¹.

239 2332 357 2397 13⁰8.
395 2331 569 2410 Propensis
608 2334 637 2392 et
670 2349 694 2394 s.
720 2329 861 2411 Apriooli
897 2330 1119 2394 Aoinionensis
1153 2331 1355 2395 eeclesiarum
1389 2332 1516 2396 decanis
1546 2355 1583 2398 oc
1605 2333 1744 2415 officiali

236 2435 393 2517 Propensi
415 2433 598 2514 mandatur,
622 2439 777 2518 quatenus
800 2434 909 2499 abbati
931 2439 960 2498 et
982 2434 1143 2498 conventui
1172 2435 1357 2499 monasterii
1381 2437 1621 2501 Breunooiensis
1643 2438 1744 2502 satis-

229 2540 409 2618 factionem
430 2538 572 2620 impendi
587 2539 721 2616 faciant
743 2540 777 2602 in
798 2559 898 2602 causa
920 2538 1077 2618 sequentis
1100 2540 1232 2603 tenoris:
1257 2539 1434 2603 Secundum
1452 2541 1637 2623 petitionem
1661 2543 1744 2606 eius·

236 2642 306 2706 dem
341 2643 466 2707 abbatis
499 2649 528 2706 et
552 2643 738 2707 monasterii
771 2642 945 2707 Florianus
978 2647 1079 2705 rector
1107 2641 1308 2724 parochialis
1341 2643 1490 2709 eeclesiae
1522 2645 1556 2708 iu
1588 2641 1742 2710 Clrudim

236 2747 336 2811 eidem
376 2749 565 2812 monasterio
598 2749 632 2811 in
665 2748 806 2830 quadam
835 2747 987 2827 pensione
1022 2767 1131 2810 annua
1164 2749 1227 2812 120
1261 2744 1417 2811 librarum
1450 2769 1539 2814 cerae
1561 2750 1743 2828 tenebatur3

236 2871 299 2931 qua
311 2854 457 2934 pensione
469 2853 622 2934 denepata
633 2849 766 2934 indeque
777 2849 832 2913 lite
846 2869 954 2914 coram
965 2849 1100 2930 officiali
1115 2849 1370 2914 Lutlomustensi
1383 2856 1454 2915 orta
1470 2852 1553 2915 idem
1568 2850 1743 2919 Florianus

236 2954 280 3018 ad
302 2954 482 3019 solvendum
500 2956 681 3036 pensionem
699 2958 891 3037 praefatam
912 2953 1137 3018 condemnatus
1160 2954 1318 3018 adsedem
1340 2956 1546 3037 apostoticam
1559 2955 1743 3039 appellavit,

237 3058 292 3122 sed
305 3079 403 3122 causa
416 3057 524 3122 eadem
536 3078 643 3121 eoram
656 3057 855 3121 auditoribus
866 3057 950 3121 sedis
974 3057 1164 3137 apostolicae
1174 3057 1316 3122 iudicata
1330 3058 1504 3123 Florianus
1510 3058 1699 3141 praedictus
1709 3061 1746 3124 iu

231 3162 385 3244 pensione
408 3161 511 3225 dictae
533 3181 621 3225 cerae
643 3164 784 3224 retentae
806 3161 1030 3225 condemnatus
1053 3165 1107 3225 est.
1133 3163 1360 3228 Procuratores
1382 3185 1421 3226 ex
1441 3168 1535 3246 parte
1556 3165 1746 3236 monasterii

231 3265 392 3347 praedicti
414 3269 521 3330 erant:
546 3265 708 3331 Iohannes
731 3264 768 3327 de
791 3264 1044 3346 Horatdooico,·)
1070 3267 1173 3329 conso
1190 3266 1227 3329 de
1249 3265 1402 3347 Vesdlbp·
1423 3288 1468 3332 ea
1478 3271 1574 3348 parte
1592 3268 1746 3349 praefati

238 3368 405 3434 Floriani:
438 3368 601 3434 Iohannes
634 3370 672 3432 de
705 3368 890 3448 Lucanae)
927 3369 1080 3448 mapister
1114 3369 1228 3432 Petrus
1262 3367 1544 3447 Lutlomustensis‚
1590 3368 1744 3448 mapister

237 3474 358 3538 Paulus
381 3475 419 3538 de
443 3473 631 3554 Cloacinam
656 3473 796 3557 „Peneo
818 3472 1019 3537 dilectorum“
1049 3471 1224 3548 „Auinione
1240 3472 1323 3535 XVI
1339 3471 1402 3535 ital.
1426 3471 1521 3538 Iunii
1536 3469 1745 3552 pontificatus

830 3578 931 3641 nostri
954 3598 983 3642 a.
1007 3577 1153 3641 deoim0.“

1244 3713 1407 3792 Animosne,
1431 3715 1516 3777 1362
1540 3713 1625 3778 Maii
1647 3714 1699 3777 17.

367 3903 439 3971 Orig.
457 3902 573 3956 archivii
591 3902 750 3957 monasterii
769 3902 988 3963 Brevnoviensis.
1008 3902 1088 3971 copie
1104 3903 1133 3954 in
1142 3902 1257 3957 Musaeo
1277 3902 1353 3971 regni
1371 3901 1526 3956 Bohemise.
1547 3931 1580 3940 —
1599 3900 1649 3954 Ed.
1669 3901 1743 3969 apud

239 3991 359 4057 Dobner,
386 3992 565 4044 Monuments
591 3990 725 4044 historico
742 3989 871 4043 Beemiee
898 3987 935 4041 v1
963 4005 1024 4057 pag.
1053 3995 1094 4043 io.
1125 4019 1151 4027 —
1176 3996 1202 4054 a)
1221 3988 1380 4055 ,Hieronica¹
1408 3988 1481 4057 Orig.
1520 3989 1546 4055 b)
1572 3988 1689 4056 ‚Ounno
1708 3988 1743 4042 de

238 4077 355 4131 Wessel‘
375 4076 447 4144 Orig.
469 4078 492 4142 0)
514 4076 628 4140 ‚Lubek‘
648 4076 721 4145 Orig.
741 4077 766 4140 d)
785 4077 906 4142 ,Cotznu‘
926 4075 997 4143 Orig.

888 4287 1093 4298 --.-.

238 4461 357 4527 1309.
394 4459 502 4524 Nobili
535 4461 602 4524 uiro
629 4461 766 4525 Troiano
800 4459 838 4522 de
871 4457 1102 4540 Doubrooiez⁸)
1133 4458 1229 4522 militi
1251 4459 1424 4542 Propensis
1447 4457 1526 4522 dioc.
1550 4455 1744 4536 indulpelur‚

237 4568 273 4628 ut
295 4568 454 4643 confessor
487 4567 553 4630 eius
575 4566 612 4628 in
632 4564 744 4628 mortis
778 4561 911 4628 articulo
928 4563 1059 4646 plenum
1092 4562 1232 4626 omnium
1253 4567 1453 4645 peccatorum
1476 4561 1690 4626 remissionem
1713 4561 1746 4625 ei

364 4669 526 4733 concedere
543 4670 657 4751 possit.
694 4666 882 4755 „Proveuit“
908 4665 1084 4749 „Aninionc
1108 4667 1190 4730 XVI
1208 4665 1274 4733 oar.
1297 4665 1392 4733 Iunii
1415 4688 1445 4732 a.
1470 4664 1616 4730 decimo.“

1245 4802 1407 4879 Aninioue,
1430 4801 1517 4866 1362
1541 4800 1624 4865 Maii
1649 4803 1699 4865 17.

363 4995 395 5050 B.
414 5000 464 5050 As.
487 4992 687 5049 14810169τῆ
708 5028 741 5036 -
761 5002 786 5052 ι)
806 4992 979 5061 ,Dubrauice‘
998 4996 1047 5046 Av.
