3944 6060
240 453 304 519 100
841 455 913 508 Acta
930 453 1083 509 Innocenti!
1099 454 1148 510 VI.

320 685 321 688 ¹
368 659 441 724 Fiat
462 660 495 723 in
518 657 618 724 forma
642 660 679 724 G.

365 764 447 828 Item
471 763 640 846 supplicat,
671 771 829 846 quatenus
859 765 921 831 sibi
943 766 977 830 in
998 783 1167 847 personam
1190 764 1300 831 dilecti
1322 766 1479 847 capellani
1509 769 1560 833 sui
1585 785 1744 834 commen·

235 865 311 933 salis
334 866 445 932 Jacobi
467 867 550 948 Lupi
572 868 612 931 de
636 867 771 951 Oaplitz,
801 870 982 952 presbyteri
1005 869 1175 951 Pragensis
1197 869 1288 952 dioc,
1311 870 1482 953 specialem
1507 871 1647 954 graciam
1668 869 1745 936 feci·

235 977 337 1048 entea
369 971 408 1034 de
431 972 617 1036 canonicatu
641 972 778 1037 ecclesie
804 972 1026 1039 Olomucensis
1050 973 1223 1056 dignemini
1245 974 1423 1056 providere,
1451 976 1646 1057 prebendam
1669 992 1747 1041 uero

235 1075 275 1139 ad
298 1075 503 1140 collacionem
523 1124 530 1139 .
549 1125 556 1138 .
575 1125 608 1138 ..
634 1076 784 1159 episcopi,
814 1078 980 1159 prepositi,
1011 1077 1123 1142 decani
1146 1083 1180 1142 et
1201 1076 1334 1159 capituli
1360 1076 1462 1160 ipsius
1485 1078 1622 1144 ecclesie
1644 1078 1744 1161 perti·

235 1184 363 1243 nentem
376 1197 433 1243 seu
445 1180 611 1261 pertinens
624 1180 658 1261 (1)
670 1179 878 1245 communiter
888 1182 940 1245 vel
953 1181 1078 1246 divisim
1090 1179 1312 1247 conferendam
1323 1182 1428 1247 eidem
1442 1182 1462 1247 J
1464 1184 1561 1248 acobo
1573 1181 1745 1248 donacioni

236 1284 410 1365 apostolice
427 1284 600 1366 dignemini
623 1303 798 1366 reservare,
821 1304 890 1350 cum
913 1285 1145 1367 acceptacione,
1169 1284 1370 1364 iuhibicione,
1394 1286 1523 1352 decreto
1546 1293 1581 1351 et
1599 1285 1745 1351 clausula

237 1385 398 1469 anteferri,
420 1406 483 1452 nou
507 1389 664 1468 obstante,
689 1389 771 1470 quod
795 1388 1008 1472 parochialem
1031 1387 1199 1452 ecclesiam
1222 1389 1255 1452 in
1278 1388 1368 1453 Straz
1391 1389 1561 1470 Pragensis
1583 1390 1664 1457 dioc.
1687 1390 1744 1456 ob·

234 1491 327 1573 tiuet,
344 1509 437 1571 quam
456 1500 588 1573 paratus
603 1498 655 1557 est
670 1492 842 1575 dimittere,
865 1500 1033 1575 postquam
1053 1491 1228 1574 diguitatis,
1251 1498 1441 1574 personatus
1457 1510 1515 1558 seu
1534 1491 1630 1559 officii
1651 1493 1739 1576 paci·

235 1594 326 1661 licam
348 1597 583 1679 possessionem
605 1597 703 1662 luerit
719 1599 827 1680 vigore
850 1596 1050 1680 presencium
1073 1601 1248 1660 assecutus.
1272 1596 1316 1660 Et
1339 1614 1409 1661 cum
1432 1596 1505 1661 aliia
1527 1614 1590 1661 non
1613 1598 1744 1662 obstan·

235 1702 321 1766 tibus
344 1708 378 1765 et
401 1700 552 1765 clausulis
576 1701 741 1784 oportunis
764 1721 800 1766 ac
823 1700 1057 1766 executoribus.

364 1804 437 1869 Fiat
464 1805 500 1870 G.

364 1909 444 1973 ltem
468 1908 637 1991 supplicat,
660 1916 817 1990 quatenus
840 1908 901 1973 sibi
923 1906 957 1972 in
978 1924 1147 1989 personam
1170 1907 1280 1972 dilecti
1299 1908 1416 1972 notarfi
1438 1907 1489 1972 sui
1513 1926 1549 1972 ac
1570 1906 1740 1973 familiaris

234 2013 376 2079 continui
406 2013 625 2079 commensalis
654 2012 821 2078 Michaelis
858 2011 995 2078 conradi
1025 2011 1065 2075 de
1103 2011 1258 2094 Pomerio,
1304 2010 1411 2077 clerici
1448 2011 1619 2094 Pragensis
1651 2011 1745 2095 dioc,

234 2116 429 2183 consimilem
452 2117 589 2199 graciam
612 2115 777 2191 iacientes,
804 2116 844 2182 de
867 2114 1054 2180 canonicatu
1083 2115 1219 2181 ecclesie
1242 2133 1268 2180 s.
1290 2115 1380 2180 Petri
1401 2115 1436 2180 in
1458 2116 1588 2180 Brunna
1610 2114 1741 2181 Olomu·

234 2222 339 2286 censis
362 2221 442 2286 dioc.
466 2239 536 2285 cum
558 2220 779 2286 reservacione
801 2220 963 2302 prebende
987 2219 1103 2284 ibidem
1120 2219 1294 2301 dignemini
1315 2220 1493 2303 providere,
1509 2237 1579 2284 cum
1595 2219 1743 2286 omnibus

235 2325 386 2391 clausulis
409 2325 574 2407 oportunis
596 2330 633 2389 ut
655 2343 761 2406 supra.

363 2429 435 2493 Fiat
460 2429 496 2494 G.
520 2429 564 2493 Et
587 2428 671 2510 quod
693 2436 838 2493 transeat
860 2427 930 2492 sino
953 2428 1016 2492 alia
1038 2427 1190 2492 leccione.
1214 2426 1287 2491 Fiat
1311 2427 1348 2492 G.
1448 2489 1451 2495 .

362 2534 402 2597 1).
426 2532 585 2598 Auinionc
608 2531 687 2597 VIII
709 2533 771 2597 kal.
796 2531 874 2596 Maii
897 2551 925 2597 a.
950 2531 1098 2595 secundo.

364 2721 395 2774 R.
415 2721 509 2791 Suppl
528 2727 562 2774 ‘ib
585 2720 632 2775 sol.
651 2727 701 2773 94¹.

882 2879 1089 2889 ————-—

233 3055 323 3122 237.
347 3054 465 3120 Jacobo
489 3055 573 3137 Lupi
595 3054 633 3117 de
657 3050 784 3132 Coptica
800 3050 985 3132 prmidetur
1008 3050 1046 3114 de
1068 3051 1256 3116 canonicatu
1278 3048 1425 3113 ecclcsiae
1447 3047 1659 3113 olomucensis
1680 3047 1740 3111 sub

231 3159 446 3242 expectat-ione
465 3156 673 3240 praebendae,
704 3173 765 3219 non
786 3154 980 3219 obstantibus
1002 3155 1094 3219 utin
1116 3154 1345 3237 supplicatione
1374 3152 1431 3217 sub
1454 3174 1502 3218 nr.
1525 3152 1600 3216 236.
1639 3152 1739 3234 ,Pro-

232 3262 342 3327 bitatis
364 3267 394 3326 et
414 3262 584 3325 uirtutum‘
615 3257 789 3341 ,Aninione
833 3257 911 3322 VIII
939 3255 1003 3323 bot.
1033 3259 1119 3323 utlaii
1148 3280 1178 3322 a.
1201 3257 1366 3322 secundo“.
1388 3292 1433 3304 -
1455 3258 1494 3321 ln
1519 3277 1544 3321 e,
1567 3276 1609 3320 m.
1632 3255 1738 3321 arcisi-

231 3367 373 3449 epr'scopo
397 3366 553 3447 hupenci
566 3369 596 3428 et
605 3362 789 3447 praeposito
806 3363 992 3429 monosterii
1007 3360 1189 3427 lunicensis
1207 3360 1419 3427 olomucencis
1434 3361 1512 3426 dica
1528 3378 1568 3424 ac
1580 3362 1741 3426 racinse

350 3520 355 3583 Ι
793 3467 940 3534 ecclesiae
961 3467 1192 3532 Aoiniouenais.

280 3701 286 3713 ,
301 3575 385 3713 ir}
1200 3604 1364 3685 Acinione,
1386 3604 1473 3667 1354
1495 3601 1620 3685 Aprilis
1640 3604 1693 3666 24.

362 3798 394 3852 R.
413 3800 463 3851 Av.
483 3805 533 3851 126
551 3796 600 3850 fol.
620 3799 690 3864 313',
708 3797 740 3850 R.
760 3796 821 3850 vat.
840 3801 891 3849 aab
909 3796 955 3851 iol.
974 3800 1034 3849 218.

231 4132 320 4197 238.
346 4130 587 4212 Arelicpiscopo
604 4127 759 4208 propensi
780 4127 963 4205 mandatur,
987 4131 1141 4207 quatenus
1160 4123 1311 4191 Michaell
1325 4121 1470 4188 Conradi
1484 4121 1522 4186 de
1538 4121 1738 4202 Pomoerio⁸)

231 4237 268 4300 dc
289 4236 479 4301 canonicatu
500 4234 648 4300 ccclesiae
669 4253 694 4298 s.
714 4233 801 4295 Petri
822 4233 856 4295 in
879 4233 1015 4295 Brunna
1038 4230 1095 4294 sub
1117 4229 1330 4313 expectatione
1347 4227 1548 4311 praebendae
1576 4224 1740 4308 provideri

312 4344 469 4424 procuret.
497 4338 659 4419 ,Dipnum
682 4334 898 4400 arbitramur“
927 4333 1101 4412 ,Auinlonc
1132 4335 1214 4398 VIII
1229 4333 1293 4398 kat.
1317 4332 1402 4397 Maii
1425 4352 1454 4396 a.
1479 4330 1645 4395 secuudo‘.

301 4480 331 4616 ᾗ
1199 4471 1361 4550 Acinicne,
1384 4471 1472 4535 1354
1493 4466 1617 4553 Aprilis
1639 4470 1693 4532 24.

359 4666 392 4720 R.
410 4669 459 4722 Ar.
480 4671 529 4719 126
547 4664 594 4719 sol.
614 4664 683 4726 314',
702 4662 734 4716 R.
753 4662 813 4716 Vat.
832 4661 1028 4716 sublatere.
1051 4693 1076 4700 -
1104 4665 1128 4729 a)
1148 4660 1289 4728 ,Pomerio‘
1308 4662 1358 4713 Ar.

230 4998 320 5065 239.
356 4995 489 5063 Carolus
511 4997 723 5058 Romanorum
746 4997 774 5057 et
797 4994 968 5057 Boberniae
990 5013 1047 5057 rea
1069 4990 1240 5074 supplicat,
1272 4994 1429 5072 quaterms
1449 4987 1606 5066 fundatio
1628 5008 1738 5053 mouc-

227 5103 393 5168 steriorum
408 5101 528 5165 mulinis
543 5096 768 5164 heremitarum
789 5118 814 5163 s.
838 5097 1012 5176 Aucustinl
1033 5098 1068 5158 in
1089 5095 1203 5179 oppido
1222 5093 1389 5158 Crunrmao
1405 5104 1434 5156 et
1448 5093 1483 5156 in
1498 5091 1592 5157 Noua
1607 5092 1737 5158 ciuitate

523 5201 681 5282 Propensi
702 5205 732 5264 ct
755 5201 937 5266 incivitate
967 5198 1206 5265 Vratisluoicnsi
1228 5197 1435 5279 confirmetur.

1196 5336 1359 5417 aaaron,
1382 5337 1469 5401 1354
1489 5332 1617 5418 aprus
1637 5335 1692 5399 24.
