3944 6060
231 444 297 518 146
837 452 907 504 Acta
924 449 1076 504 Innocentii
1094 449 1137 505 Vl.

362 660 405 724 Et
427 660 510 740 quod
533 665 677 725 transeat
698 660 768 725 sine
792 662 854 725 alia
876 661 1027 727 leccioue.
1053 661 1125 726 Fiat
1149 663 1185 726 G.
1211 662 1249 724 l).
1273 661 1429 727 Auinione
1446 663 1503 728 XV
1519 663 1582 728 kal.
1601 662 1738 746 Augusti

231 783 260 829 a.
284 763 395 830 tercio.

361 951 393 1006 R
412 952 509 1022 Suppl.
526 955 562 1006 26
581 951 628 1007 sol.
648 958 714 1008 156‘.

881 1135 1087 1144 ——-..-

230 1285 323 1354 360.
349 1282 482 1351 carolus
506 1287 720 1351 &manorum
742 1285 915 1368 imperator
947 1287 1115 1370 supplicat,
1150 1291 1304 1369 quatenus
1337 1287 1558 1370 infrascriptis
1590 1290 1736 1371 personis

716 1391 859 1456 diuersae
878 1392 1005 1471 gratiae
1026 1392 1242 1458 corucdaotur.

1239 1533 1400 1612 avinione,
1424 1536 1509 1598 1355
1531 1534 1618 1601 aaliz·
1638 1535 1692 1599 18.

360 1722 525 1806 Supplicat
548 1720 587 1786 gn
610 1722 664 1786 Vre
693 1723 826 1788 devotus
850 1721 933 1786 lilius
956 1728 1063 1788 vester
1086 1722 1217 1788 Carolus
1235 1726 1444 1790 Romanorum
1459 1726 1643 1809 imperator,
1658 1744 1736 1808 qua·

232 1826 318 1892 tinus
341 1827 487 1909 personis
509 1825 721 1909 infrascriptis
744 1827 919 1909 dignemini
942 1826 1046 1892 facere
1071 1829 1192 1909 gracias
1215 1828 1451 1913 infrascriptas.

362 1951 405 2014 Et
426 1950 528 2032 primo
552 1950 720 2032 supplicat,
750 1949 899 2030 quatinus
923 1968 992 2013 cum
1017 1951 1133 2016 dilecto
1156 1952 1280 2017 notaio
1303 1960 1337 2017 et
1360 1953 1533 2018 secretario
1557 1972 1615 2019 suo
1639 1954 1736 2019 Petro

232 2054 272 2118 de
295 2054 393 2136 Luna,
416 2055 500 2135 quod
522 2073 657 2119 unacum
680 2055 883 2136 prepositura
905 2054 1163 2121 Wratislauieusi
1187 2062 1220 2121 et
1243 2057 1480 2122 carronicatibus
1503 2063 1537 2121 et
1552 2057 1736 2139 prebendis

231 2176 309 2239 quos
332 2158 365 2223 in
389 2158 475 2224 dicta
498 2144 764 2241 Wratislauiensi,
800 2156 1018 2224 Olomutzensi
1042 2166 1076 2224 et
1099 2162 1221 2243 capella
1256 2162 1343 2243 regia
1376 2159 1408 2225 in
1443 2166 1547 2225 castro
1581 2160 1737 2244 Progensi

231 2262 377 2328 ecclesiis
399 2265 532 2348 obtinet,
557 2264 643 2329 aliud
666 2262 852 2330 beneficium
875 2263 1137 2346 ecclesiasticum,
1162 2267 1290 2332 eciamsi
1313 2271 1502 2348 personatus
1525 2284 1582 2329 seu
1599 2265 1736 2331 officium

231 2369 351 2433 existat
384 2374 417 2433 et
441 2369 514 2432 dum
538 2373 644 2433 tamen
668 2369 747 2433 alias
771 2368 832 2434 sibi
856 2371 1005 2435 canonice
1030 2369 1219 2452 conferatur,
1252 2371 1351 2438 libere
1386 2372 1529 2452 recipere
1563 2371 1672 2436 valeat
1705 2381 1738 2437 et

231 2473 319 2538 licite
342 2473 491 2554 retinere,
514 2473 796 2538 constitucionibus
827 2475 1010 2557 apostolicis
1033 2495 1069 2539 ac
1093 2476 1223 2540 statutis
1246 2483 1280 2540 et
1303 2477 1585 2542 consuetudinibus
1608 2482 1734 2542 contra·

231 2578 288 2642 riis
311 2596 372 2643 non
396 2578 595 2643 obstantibus
619 2579 867 2663 quibuscunque,
892 2580 1035 2662 graciose
1060 2581 1272 2666 [dispensare]
1297 2582 1478 2663 dignemini,
1513 2601 1582 2646 cum
1618 2580 1737 2648 ceteris

231 2701 293 2749 non
316 2682 517 2749 obstantibus
540 2687 574 2746 et
597 2682 748 2749 clausulis
772 2685 946 2767 oportunis.

361 2805 434 2869 Fiat
457 2805 493 2870 G.

361 2909 442 2974 Item
466 2909 632 2992 supplicat,
655 2911 812 2991 quatinus,
836 2929 906 2974 curn
929 2911 1040 2975 eadem
1065 2909 1127 2974 8³¹⁵
1152 2911 1208 2975 V¹⁸
1233 2911 1349 2977 dilecto
1365 2912 1489 2977 notario
1513 2918 1546 2976 et
1562 2912 1736 2978 secretario

232 3033 288 3079 suo
311 3013 429 3080 Jacobo
452 3014 631 3097 Augustini,
653 3013 803 3099 canonico
827 3015 1023 3097 prebendato
1046 3015 1182 3079 ecclesie
1206 3015 1489 3098 WratislauiensiS,
1513 3017 1552 3080 de
1576 3017 1735 3098 dignitate

231 3125 404 3202 personatu
427 3118 478 3184 vel
502 3118 605 3186 officio
629 3120 660 3183 in
685 3120 813 3184 civitate
837 3125 871 3183 et
894 3120 1013 3185 diocesi
1037 3119 1295 3185 Wrutislauicnsi
1330 3126 1462 3185 vacante
1499 3120 1549 3184 vel
1584 3127 1735 3186 vacaturo

232 3225 368 3305 graciam
391 3224 505 3289 fecerit
528 3224 707 3306 specialem,
731 3224 835 3288 eidem
858 3223 976 3288 Jacobo
1000 3225 1178 3289 uberiorem
1202 3225 1339 3306 graciam
1356 3225 1511 3302 iaciendo,
1536 3225 1736 3306 dignitatem,

231 3335 436 3410 personatum
458 3329 508 3392 vel
532 3327 677 3410 officium,
711 3329 833 3408 sique,
856 3329 927 3409 quis
951 3335 1006 3393 aut
1031 3330 1115 3409 quod
1138 3329 1169 3394 in
1194 3330 1280 3394 dicta
1303 3330 1562 3394 Wratislauiensl
1597 3330 1737 3394 ecclesia

232 3452 268 3496 ac
301 3432 335 3496 in
368 3431 498 3498 civitate
530 3439 564 3498 et
594 3433 713 3498 diocesi
748 3433 1006 3497 Wratislauiensi
1041 3440 1133 3497 vacat
1167 3434 1205 3497 ad
1241 3452 1373 3514 presens
1396 3435 1447 3499 vel
1470 3453 1539 3498 curn
1564 3434 1736 3516 vacaverit,

231 3536 335 3602 eidem
359 3536 584 3603 conferendum
608 3538 774 3604 donaciani
799 3538 971 3619 apostolice
997 3538 1170 3620 dignemini
1205 3556 1369 3603 reservare
1405 3558 1474 3603 cum
1509 3540 1735 3621 acceptacione

231 3648 305 3722 etc,
327 3661 390 3707 uon
414 3643 615 3710 obstantibus
639 3643 826 3724 canonicatu
849 3648 883 3706 et
905 3643 1076 3725 prebenda,
1101 3662 1179 3722 quos
1195 3645 1226 3706 in
1243 3645 1328 3708 dicta
1352 3643 1608 3709 ll'ratislauiensi
1631 3644 1734 3709 eccle·

233 3746 282 3811 sia
303 3747 436 3830 obtinet,
459 3767 528 3812 cunr
553 3750 671 3813 ceteris
694 3766 756 3813 non
781 3746 981 3812 obstantibus
1004 3753 1038 3811 et
1061 3747 1211 3812 clausulis
1234 3749 1398 3831 oportunis
1429 3769 1466 3814 ac
1500 3750 1734 3816 executoribus.

361 3869 434 3934 Fiat
457 3870 493 3933 G.

362 3973 442 4037 lteur
467 3974 636 4055 supplicat,
672 3975 822 4055 quatinus
846 3975 964 4039 dilecto
988 3975 1110 4039 notario
1135 3981 1168 4039 et
1191 3976 1363 4040 secretario
1387 3995 1443 4040 suro
1467 3975 1636 4057 Itudolpho
1659 3981 1736 4041 nato

232 4077 388 4142 lobannis
412 4077 489 4141 dicti
512 4078 615 4142 Rulen
640 4079 678 4142 de
703 4079 877 4160 Frideberg
899 4079 939 4142 de
963 4079 1149 4143 canonicatu
1184 4080 1319 4144 ecclesie
1343 4079 1589 4144 Wonnaciensis
1624 4080 1735 4161 digne·

231 4183 308 4248 mini
332 4183 508 4266 providere,
539 4185 732 4265 prebendam
756 4202 841 4265 vero,
877 4184 904 4247 si
928 4203 989 4265 qua
1012 4185 1043 4247 in
1069 4186 1154 4248 dicta
1177 4185 1312 4249 ecclesia
1335 4191 1428 4249 vacat
1451 4186 1490 4249 ad
1513 4203 1646 4266 presens
1681 4185 1734 4249 vel

232 4307 302 4352 curn
325 4288 495 4370 vacaverit,
519 4288 623 4352 eidem
647 4288 868 4353 conferendam
893 4288 1059 4353 donationi
1083 4290 1255 4370 apostolice
1280 4290 1451 4371 dignemini
1475 4307 1640 4354 reservare
1664 4309 1735 4354 curu

232 4391 453 4474 acceptacione
477 4397 550 4469 etc,
572 4410 635 4455 non
659 4393 816 4473 obstante,
841 4392 924 4472 quod
958 4398 1189 4473 preposituram
1225 4393 1360 4458 ecclesio
1392 4393 1632 4458 Wetslaricnsis
1666 4394 1735 4459 bla-

232 4496 365 4578 guntine
388 4496 468 4561 dioc.
492 4502 526 4561 ct
549 4497 752 4560 canonicatus
775 4502 809 4561 et
831 4497 1009 4578 prebendas
1033 4497 1066 4561 in
1089 4504 1267 4561 sanctorum
1292 4498 1432 4561 Castoris
1456 4504 1489 4562 ot
1512 4497 1632 4562 l'lorini
1655 4496 1736 4564 Con·

232 4599 366 4665 duencie
389 4600 594 4665 Treverensis
618 4600 697 4665 dioc.
720 4601 863 4667 noscitur
886 4600 1029 4665 obtinere
1053 4621 1122 4665 curn
1147 4603 1263 4666 ceteris
1287 4622 1347 4665 nou
1364 4603 1564 4667 obstantibus
1578 4609 1734 4686 utsupra.

362 4722 434 4787 Fiat
457 4725 492 4788 (ὲ.

362 4826 443 4890 Item
467 4828 634 4909 supplicat,
659 4830 808 4909 quatinus
832 4827 950 4893 dilecto
974 4829 1159 4910 cappellano
1184 4847 1240 4892 suo
1274 4828 1410 4892 lobanni
1445 4828 1615 4911 Rumpoldi
1649 4829 1736 4895 sirni-

232 4931 294 4995 lern
318 4931 453 5013 graciam
478 4931 509 4995 iu
533 4932 668 4996 ecclesia
691 4932 834 5014 Spirensi
857 4932 975 5016 [lacere
999 4932 1185 5015 dignemini]
1220 4951 1283 4997 uon
1317 4934 1474 5016 obstante,
1509 4932 1593 5013 quod
1626 4953 1735 5015 parro-

233 5034 366 5100 chialem
390 5034 556 5099 ecclesiam
580 5037 611 5100 in
635 5036 746 5118 Agcllo
771 5036 1003 5117 aquilegiensis
1027 5037 1106 5100 dioc.
1132 5056 1167 5099 ac
1191 5038 1272 5117 qnod
1298 5038 1414 5101 virtuto
1439 5038 1544 5119 gracie
1560 5039 1736 5120 apostolice

234 5138 294 5203 sibi
318 5137 401 5203 lacte
425 5140 643 5205 canonicatum
667 5140 802 5206 ecclesie
827 5140 1061 5221 aquilegiensis
1085 5141 1208 5205 obtinet
1231 5148 1265 5205 ct
1288 5144 1479 5223 prebendam
1503 5143 1535 5206 in
1568 5143 1655 5208 dicta
1684 5162 1736 5210 ec·

235 5243 333 5309 clesia
355 5244 388 5307 in
411 5243 512 5309 forma
535 5244 644 5309 debita
667 5246 852 5327 acceptavit,
876 5264 944 5308 cunr
969 5244 1085 5308 ceteris
1109 5264 1170 5335 non
1194 5247 1393 5310 ulrstautibus
1417 5252 1452 5310 ut
1474 5265 1579 5330 supra.

362 5365 436 5430 ciat
458 5366 495 5430 G.
