3990 6052
763 419 828 468 issi
847 414 940 469 Martii
961 422 992 470 17
1012 446 1044 455 -
1063 417 1169 486 Aprilis
1188 423 1232 472 er.
1687 423 1748 487 331

241 620 468 687 conferendum
490 622 594 688 eidem
616 623 753 688 iohanni
776 625 943 690 donaciani
966 626 1139 708 apostolice
1156 627 1329 710 dignemini
1346 645 1520 710 reservare,
1545 645 1615 691 cnm
1639 645 1751 711 scoep-

243 725 379 805 tocione,
403 724 595 792 inhibitione
611 732 688 810 eto,
711 746 780 792 cnm
804 729 876 793 aliis
899 747 962 794 non
985 731 1185 796 obstantibus
1209 738 1242 796 et
1261 732 1411 796 clausulis
1427 731 1591 812 oportunis
1615 750 1652 795 so
1675 749 1748 795 oxe-

244 828 408 892 cntoribus
430 832 465 892 et
487 829 560 893 aliis
584 836 621 895 ut
643 831 675 895 in
698 830 807 911 formo.

377 949 449 1014 Fiot
471 949 500 1015 G
501 999 1750 1021 ..............................

379 1072 416 1136 D.
441 1072 597 1138 Aninione
621 1075 683 1139 XII
706 1074 768 1140 kal.
794 1076 872 1140 Maii
895 1094 923 1142 a.
947 1077 1066 1157 quinto.

379 1258 409 1312 R
428 1259 523 1329 SnppI.
542 1266 575 1314 27
594 1260 642 1316 Iol.
655 1258 706 1315 84⁴.

244 1588 338 1654 672.
372 1589 516 1654 Jotaum·
539 1592 720 1673 Repcoldi·)
751 1594 789 1658 de
821 1595 1069 1677 Reicheubaeisl’)
1101 1599 1281 1660 reservatur
1310 1595 1489 1675 beneficium
1511 1594 1754 1658 ecclesiasticum

248 1711 318 1757 mom
339 1694 386 1758 ocl
408 1697 476 1759 siue
497 1717 584 1772 anua,
607 1697 697 1762 cuius
713 1703 845 1778 fructus
868 1701 911 1764 25
933 1721 1016 1784 resp.
1038 1702 1082 1765 18
1104 1710 1285 1765 marcarum
1308 1701 1432 1783 arpenti
1452 1698 1590 1762 valorem
1613 1716 1754 1760 aunuum

248 1817 310 1861 uon
331 1798 494 1877 excedant,
516 1800 562 1864 ad
583 1801 780 1867 collationem
802 1804 938 1887 episcopi
968 1803 1225 1868 Vratislaoicusis
1244 1805 1415 1885 pertinens,
1447 1802 1477 1867 si
1497 1808 1592 1867 uacat
1615 1802 1661 1865 uel
1683 1820 1753 1865 cunc

247 1903 416 1966 oacauuit.
453 1904 652 1985 „Laudabile
680 1906 909 1971 testimonium‘
945 1908 1120 1989 „Aninione
1152 1909 1222 1971 XII
1239 1907 1303 1971 lral.
1328 1909 1413 1972 Maii
1435 1930 1465 1971 a.
1489 1907 1624 1990 quinto.“
1652 1907 1756 1968 -In

246 2025 273 2070 e.
290 2026 331 2070 m.
355 2005 384 2074 l.
399 2008 528 2072 Mariae
551 2009 584 2073 in
599 2008 707 2074 Arena
721 2015 751 2073 ct
766 2032 790 2074 s.
817 2011 971 2076 Vincentii
985 2016 1077 2076 entra
1092 2031 1197 2075 muros
1221 2011 1481 2077 Vratislaotenses
1491 2011 1755 2076 monasteriorum

376 2124 381 2194 1
501 2111 667 2178 abbatibus
690 2135 728 2178 ac
750 2115 869 2179 decano
892 2116 1038 2181 ecclesiae
1059 2136 1085 2181 s.
1110 2114 1249 2197 Apricoli
1271 2116 1502 2180 Aciniouensis.

298 2267 347 2318 ,Χ
362 2269 408 2319 x.
1217 2254 1379 2333 aarum,
1406 2256 1489 2318 1357
1512 2251 1637 2335 Apulis
1659 2255 1710 2318 eo.

378 2439 409 2493 R.
428 2441 478 2492 Av.
501 2441 614 2496 130101.
637 2448 701 2496 133¹.
724 2472 751 2481 -
768 2442 832 2511 Iteg.
851 2442 881 2494 in
900 2443 998 2496 ZVGA
1016 2442 1171 2497 Schlesions
1192 2442 1268 2495 XXV
1286 2458 1346 2511 pag.
1366 2447 1424 2495 337.
1445 2471 1478 2481 -
1491 2450 1516 2506 ἃ)
1534 2439 1686 2510 ,ReyuoidI‘
1706 2441 1748 2491 Av

246 2527 274 2592 b)
293 2525 486 2593 ,Rychmbsch‘
505 2529 556 2581 Av.

245 2857 339 2923 673.
374 2854 482 2920 Nobili
504 2857 570 2919 uiro
598 2856 730 2920 chrico
752 2856 790 2920 de
820 2855 977 2940 Vetonia·)
1005 2857 1102 2922 militi
1131 2863 1159 2922 et
1182 2858 1297 2938 Apueti
1324 2859 1391 2922 eius
1417 2857 1511 2922 uxori
1543 2855 1757 2922 Olomueensis

249 2960 329 3027 dioc.
352 2960 542 3043 iudutpetur,
565 2965 601 3024 ut
623 2966 901 3043 confessoreorum
923 2961 958 3025 in
972 2962 1084 3027 mortis
1100 2961 1233 3027 articulo
1250 2961 1381 3045 plenam
1400 2962 1537 3025 omnium
1555 2966 1758 3045 peccatorum

246 3064 462 3129 comunionem
490 3065 537 3130 eis
566 3065 729 3130 concedere
752 3065 863 3147 possit.
890 3065 1074 3144 „Provenit'
1112 3065 1286 3147 ,Auinione
1309 3066 1342 3128 X
1359 3065 1423 3130 kal.
1448 3065 1533 3131 Maii
1563 3088 1594 3130 a.
1618 3065 1755 3146 quinto·

342 3220 367 3273 V
1219 3202 1381 3284 Acinione,
1408 3206 1491 3270 1357
1513 3202 1638 3287 Aprilis
1661 3208 1713 3269 22.

315 3344 322 3356 .
337 3308 367 3358 X
379 3345 386 3358 .

379 3410 413 3464 R.
431 3413 481 3464 An.
504 3409 617 3464 136101.
637 3416 678 3474 33,
697 3410 728 3464 R.
748 3411 810 3465 Vnt.
829 3417 880 3465 282
900 3411 1024 3465 101418.
1045 3442 1077 3449 -
1098 3413 1122 3477 ⁸)
1141 3410 1280 3478 ,Voconia‘
1300 3414 1348 3464 Ar.
1430 3433 1434 3437 -

900 3621 1109 3631 ——nu——

249 3827 343 3894 674.
369 3829 526 3895 Garuerio
544 3828 716 3911 (iuuandi,
732 3828 903 3907 familiari
924 3829 1065 3911 episcopi
1086 3827 1280 3908 Panormos,
1302 3825 1461 3890 licentiato
1483 3824 1666 3909 inlepidus,
1689 3843 1760 3888 con·

244 3936 358 4012 fertior
380 3931 423 3996 ad
445 3931 708 4015 supplicationem
736 3933 838 4015 ipsius
862 3933 1000 4015 episcopi
1021 3930 1225 3996 canonicatus
1255 3933 1284 3992 et
1304 3928 1485 4012 praebenda
1510 3927 1656 3993 ccclesiae
1679 3927 1761 3993 Mel-

252 4035 366 4100 dcnsis.
402 4035 606 4119 „Literarum
627 4036 783 4102 0010000ἰοιι
819 4035 995 4118 „Auinione
1024 4033 1106 4100 VIII
1124 4033 1187 4099 lcal.
1212 4033 1296 4098 Maii
1325 4054 1356 4097 a.
1379 4034 1518 4114 quinto.“
1543 4069 1586 4079 —
1608 4034 1646 4096 In
1668 4054 1694 4097 0.
1716 4053 1760 4097 m.

246 4141 353 4222 priori
374 4142 412 4205 de
435 4141 686 4206 Donnomartino
709 4140 881 4205 Melitensis
903 4141 981 4206 dioc.
1005 4144 1034 4204 et
1057 4138 1278 4204 archidiacono
1301 4136 1473 4222 Prapeusis
1495 4157 1533 4200 ae
1554 4134 1697 4202 Joltauni
1720 4135 1759 4200 de

627 4246 790 4309 Dormano
814 4244 961 4310 canonico
983 4243 1171 4309 Senouensis
1192 4242 1403 4307 ecclesiarum.

300 4371 414 4471 ..fi
1219 4378 1383 4461 Acinionc,
1409 4381 1491 4444 1357
1515 4380 1640 4462 Aprilis
1661 4380 1715 4444 24.

383 4574 415 4628 R.
435 4575 484 4626 Av.
505 4578 553 4626 137
573 4572 620 4627 fol.
639 4578 708 4627 302¹.

250 4907 342 4973 676.
368 4903 499 4969 Carolus
516 4905 730 4969 Romanorum
753 4902 930 4986 imperator
944 4900 1116 4984 supplicat,
1139 4903 1293 4982 quatenus
1307 4898 1451 4966 Jotauni
1465 4896 1620 4986 [Zufraa]
1641 4897 1764 4962 custodi

252 5009 441 5092 Epstetensi,
457 5007 568 5073 dilecto
583 5027 639 5073 suo
654 5008 786 5077 notario,
804 5007 842 5072 dc
856 5006 1043 5071 canonicatu
1058 5001 1206 5069 ecelesiae
1216 4999 1461 5083 Bamdcrpcnsis
1481 5000 1538 5066 sub
1549 5000 1763 5084 expectatione

249 5112 449 5197 praedandae
464 5112 683 5196 prouidentur,
714 5110 948 5189 nonobstante,
979 5107 1080 5190 ,quod
1101 5109 1135 5172 in
1157 5105 1289 5171 ecclesia
1314 5105 1492 5188 Eystetensi
1513 5125 1581 5170 aem
1606 5103 1761 5184 custodia,

252 5237 349 5301 mam
380 5217 499 5282 nouiter
529 5237 562 5281 se
592 5215 704 5280 obtulit
733 5214 900 5293 dimittere,
934 5210 1155 5278 canonicatum
1184 5216 1215 5276 et
1238 5209 1430 5293 medendam
1463 5209 1587 5292 obtinet,
1623 5207 1764 5290 quodque

251 5321 361 5387 cadmo
383 5321 448 5387 δῖ’·
469 5320 553 5386 dicto
575 5319 719 5388 ,Iohanni
748 5319 786 5383 de
806 5315 1009 5401 parrochiali
1037 5314 1169 5381 eeclesia
1198 5335 1224 5381 s.
1255 5316 1361 5380 Maris
1392 5312 1642 5395 Bamicrpensis,
1675 5311 1765 5376 cuius
