3944 6060
234 414 298 479 512
830 411 899 465 Acta
920 409 1073 464 Innocentii
1094 409 1141 462 Vl.

234 628 269 685 et
290 622 363 686 aliis
386 621 636 702 quibuscunque,
659 638 790 700 quorum
815 621 953 685 interest
975 620 1026 684 vel
1049 624 1161 702 posset
1182 619 1341 682 interesse
1364 617 1569 698 quovismodo
1601 619 1633 682 in
1657 616 1743 682 iutu-

234 745 312 807 rum,
336 726 494 808 precisum
519 730 552 788 et
574 725 824 807 peremptorium
848 725 995 789 duximus
1025 724 1243 806 prefigendum
1267 722 1306 786 ad
1331 722 1499 786 dicendum
1523 728 1558 787 et
1580 741 1742 805 opponen-

236 831 321 911 dum,
355 829 504 910 quicquid
528 829 590 893 dici
614 829 665 894 vel
689 830 804 910 opponi
838 829 942 910 possit
976 828 1144 894 verbovel
1178 827 1210 890 in
1234 827 1361 908 scriptis
1385 832 1449 890 tam
1473 832 1583 892 contra
1605 827 1745 891 electum

236 953 329 1014 quarn
352 934 451 997 eciam
488 933 643 1015 eligentes
678 951 734 996 seu
769 933 901 997 formam
935 933 1105 998 eleccionis
1139 930 1272 1013 pretate.
1308 930 1466 995 Veniente
1500 949 1625 1013 quoque
1660 931 1741 997 hora

234 1037 418 1119 supradicta
440 1044 474 1101 et
496 1037 658 1120 priorissa,
682 1037 903 1119 subpriorissa,
926 1037 1065 1101 cautrice
1089 1043 1123 1100 et
1145 1040 1303 1101 conventu
1325 1034 1508 1100 monialium
1525 1035 1742 1117 predictarum

234 1160 296 1206 una
320 1160 389 1207 curn
413 1141 557 1223 predicto
580 1141 720 1222 ipsarum
744 1141 848 1205 eletto
872 1160 976 1206 coram
1011 1140 1102 1205 nobis
1125 1147 1160 1205 et
1183 1140 1278 1204 dictis
1301 1138 1454 1204 iratribus
1478 1140 1597 1205 nostris
1622 1139 1741 1204 cousti-

233 1246 311 1310 tutis
334 1253 368 1310 et
392 1245 507 1310 dictam
532 1245 806 1310 confirmacionem
829 1264 900 1310 cum
922 1244 1080 1310 hustancia
1103 1243 1349 1325 postulantibus,
1372 1241 1459 1307 nullo
1476 1248 1662 1326 apparente,
1687 1243 1743 1324 qui

234 1349 267 1414 in
290 1368 457 1432 personam
481 1350 558 1415 dicti
581 1350 676 1414 electi
700 1368 757 1415 seu
780 1349 971 1432 eligencium
994 1353 1051 1412 aut
1072 1346 1204 1412 formam
1220 1346 1390 1411 eleccionis
1406 1346 1550 1428 predicte
1574 1346 1742 1412 addiceret

234 1455 286 1518 vel
309 1461 487 1536 opponeret
510 1457 606 1519 verbo
631 1454 680 1517 vel
703 1455 736 1517 in
760 1454 898 1536 scriptis,
932 1457 1063 1534 propter
1086 1452 1169 1531 quod
1192 1451 1348 1533 impensio
1379 1450 1465 1514 dicte
1488 1449 1741 1517 confirmacionis

234 1557 340 1623 differi
363 1565 474 1640 posset
495 1558 547 1621 vel
570 1558 717 1640 impediri
742 1558 781 1621 de
805 1558 884 1639 iure,
907 1556 991 1621 dicto
1015 1574 1139 1637 quoque
1163 1555 1267 1619 electo
1290 1571 1427 1636 pernes
1450 1553 1539 1635 prius
1563 1555 1737 1637 diligenter

139 1697 141 1700 <
234 1662 425 1740 examinato,
449 1679 542 1742 quem
566 1662 744 1726 invenimus
778 1661 946 1725 literature
983 1659 1203 1743 competentis,
1236 1657 1493 1746 vitelaudabilis
1516 1664 1551 1722 et
1574 1677 1739 1724 conversa·

234 1767 333 1831 rionis
356 1766 501 1848 honeste,
536 1765 696 1845 humilem,
731 1765 920 1844 modestum,
954 1765 986 1828 in
1010 1765 1238 1846 temporalibus
1268 1763 1433 1846 providum
1457 1767 1493 1827 et
1515 1764 1737 1845 spiritualibus

231 1888 376 1953 sagacem
400 1875 434 1934 et
456 1871 646 1952 prudentem
659 1874 694 1934 et
705 1870 788 1950 quod
812 1886 869 1951 per
891 1869 991 1951 ipsius
1015 1869 1207 1933 eleccionem
1230 1868 1409 1950 predictam
1433 1875 1586 1948 operante
1610 1869 1738 1934 domino

237 1975 338 2056 magis
374 1979 425 2038 cst
455 1974 614 2056 provisum
649 1974 784 2038 ecclesie
820 1973 989 2037 Cunicensi
1012 1991 1105 2053 qnam
1127 1990 1272 2054 persone,
1302 1971 1512 2037 consideratis
1536 1972 1637 2037 eciam
1661 1973 1739 2037 dicti

231 2078 326 2143 electi
349 2078 578 2159 multiplicibus
602 2076 795 2158 probitatum
818 2078 952 2160 meritis,
976 2078 1090 2158 quihus
1113 2078 1196 2159 apud
1220 2077 1404 2159 spirituales
1420 2082 1455 2141 et
1469 2077 1645 2141 mundanas
1667 2096 1739 2159 per-

232 2200 325 2247 sonas
358 2181 578 2264 multipliciter
612 2182 721 2246 extitit
756 2183 1003 2258 commendatus,
1040 2183 1126 2246 dicta
1159 2182 1320 2246 eleccione
1356 2181 1503 2264 primitus
1538 2180 1684 2245 discussa
1705 2187 1739 2245 et

232 2287 362 2350 inventa
396 2285 547 2349 carrouica
581 2286 782 2367 receptisque
817 2286 1004 2368 apredicto
1038 2287 1140 2351 electo
1164 2286 1267 2350 solitis
1298 2286 1460 2350 consuetis
1490 2292 1525 2349 et
1547 2285 1739 2349 necessariis

234 2390 422 2455 iuramentis
445 2390 477 2453 in
501 2390 553 2454 dei
577 2390 703 2454 nourine
738 2391 770 2454 iu
794 2390 856 2455 biis
890 2389 1027 2472 scriptis,
1062 2389 1182 2454 Christi
1215 2390 1341 2454 nomine
1366 2390 1520 2468 invocato,
1543 2388 1737 2454 eleccionem

234 2494 521 2559 sanctimonialium
545 2494 798 2576 supradictarum
831 2511 867 2558 ac
889 2495 1068 2576 predictum
1101 2494 1233 2558 fratrem
1258 2493 1488 2574 Weuceslaum,
1522 2492 1739 2556 venerabilem

231 2599 372 2680 ipsarum
396 2598 542 2676 electum,
567 2598 600 2661 in
623 2599 821 2681 prepositum
843 2605 999 2663 rectorem
1023 2603 1213 2680 perpetuum
1236 2598 1421 2663 monasterii
1446 2596 1644 2678 Cunyceusis
1667 2614 1739 2678 pre·

232 2703 310 2767 dieti
334 2701 553 2767 confirmamus
576 2720 711 2783 eumque
735 2720 793 2784 per
816 2703 1023 2767 tradicionem
1039 2703 1140 2767 nostri
1164 2702 1250 2766 anuli
1274 2703 1313 2766 de
1329 2701 1531 2783 prepositura
1554 2700 1740 2782 supradicta

232 2807 420 2871 investimus
444 2807 567 2887 sibique
591 2807 824 2888 possessiouem
840 2813 874 2871 et
890 2807 1198 2871 administracionem
1222 2806 1443 2888 temporalium
1466 2812 1500 2869 et
1523 2804 1738 2887 spiritualium

231 2911 415 2976 monasterii
438 2918 472 2975 et
494 2911 695 2992 prepositure
719 2911 933 2992 predictomm
956 2912 1111 2975 tradimus
1133 2911 1337 2993 presentibus
1360 2917 1395 2975 et
1417 2910 1625 2992 assignamur,
1647 2928 1736 2974 man-

232 3014 346 3078 dantes
369 3013 591 3079 nichilominus
615 3013 758 3079 omnihus
782 3022 816 3079 et
838 3015 971 3097 siugulis
987 3015 1131 3097 personis
1154 3015 1380 3079 ecclesiasticis
1403 3018 1438 3078 et
1460 3013 1637 3095 mundanis,
1662 3031 1735 3095 pre-

142 3200 145 3205 ,
235 3118 339 3199 posito
362 3125 396 3182 et
419 3119 612 3182 monasterio
637 3119 788 3199 predictis
812 3120 1074 3200 qualitercunque
1099 3119 1251 3183 subiectis
1274 3125 1308 3183 et
1331 3119 1583 3192 subesseutibuS,
1607 3123 1644 3181 ut
1665 3135 1738 3198 pre-

234 3222 318 3286 dicto
353 3222 478 3287 domiuo
510 3223 697 3287 Wenceslao
721 3224 882 3305 preposito
906 3225 1045 3306 ipsorum
1076 3231 1110 3288 et
1139 3224 1324 3289 monasterii
1348 3220 1578 3306 Cynucensisdl
1599 3221 1738 3304 predicti

233 3331 269 3390 ut
292 3346 366 3391 vero
391 3327 515 3391 domino
539 3333 573 3390 et
596 3327 718 3408 prelato
749 3328 889 3409 ipsorum
924 3327 984 3412 [iln
1018 3329 1162 3393 omnibus
1196 3332 1339 3410 pareant,
1374 3327 1525 3393 obediant
1559 3326 1681 3408 pariter
1705 3333 1739 3392 et

232 3431 410 3496 intendant.
435 3433 549 3496 Actum
571 3438 606 3495 et
627 3432 735 3496 datum
766 3434 799 3496 in
821 3433 1013 3498 monasterio
1038 3433 1216 3515 Curnyeensi
1241 3433 1424 3513 supradicto
1447 3430 1656 3513 presentibus
1681 3449 1735 3495 ve·

232 3535 426 3600 nerabilibus
449 3536 526 3600 viris
549 3534 701 3600 iratribus
725 3537 917 3618 supradictis
941 3556 977 3601 ac
995 3537 1089 3601 Petro
1112 3537 1217 3618 priore
1234 3537 1310 3601 dicti
1328 3535 1524 3618 Cnnyceusis
1539 3534 1737 3617 monasterii,

234 3639 402 3704 Persicoue
433 3639 466 3703 in
491 3639 650 3722 Kuspurlr,
685 3639 816 3705 Nicolao
840 3641 872 3703 in
897 3641 1068 3722 Gunpolcz,
1103 3639 1240 3705 Stiborio
1271 3641 1310 3704 de
1335 3639 1503 3704 Zaherliuo
1527 3637 1737 3702 ecclesianam

233 3743 408 3808 rectoribus
432 3744 600 3824 Pragensis
625 3750 658 3807 et
680 3742 900 3808 Olounucensis
923 3744 1014 3827 dioc,
1049 3744 1207 3809 carronicis
1246 3744 1446 3825 regularibus
1469 3742 1656 3807 monasterii
1680 3741 1738 3824 Sy·

236 3848 354 3912 loensis
377 3848 560 3930 supradicti,
586 3867 622 3910 ac
638 3848 786 3911 discretis
809 3849 886 3912 viris
909 3849 1003 3913 Petro
1028 3848 1144 3913 Sdislai
1167 3851 1207 3914 de
1231 3849 1442 3930 Lauiborz(!),
1476 3848 1595 3912 Jacobo
1619 3848 1736 3911 Franc-

230 3952 286 4015 lini
309 3952 349 4014 de
372 3952 502 4033 lglauia,
525 3950 643 4016 Juacebo
659 3952 690 4015 in
708 3951 824 4016 Cunicz
840 3955 1053 4029 commoranti,
1077 3954 1211 4034 puhlicis
1234 3954 1367 4017 notariis
1392 3953 1570 4034 PrageusiS,
1594 3950 1727 4018 Olomu·

230 4056 334 4120 censis
357 4063 392 4119 et
415 4056 687 4120 Wratislaviensis
711 4057 799 4135 dioc,
824 4076 860 4121 ac
883 4057 954 4121 aliis
976 4058 1120 4139 pluribus
1148 4058 1320 4138 fidedignia
1350 4059 1486 4121 testibus
1517 4056 1557 4121 ad
1578 4057 1737 4139 premissa

232 4160 352 4224 vocatis
373 4179 455 4225 arrno
471 4160 589 4224 donnini
612 4160 779 4225 millesimo
803 4162 1027 4226 trecentesimo
1051 4163 1246 4244 sexagesimo
1269 4163 1369 4244 primo
1393 4163 1445 4226 die
1461 4161 1610 4226 vicesima
1632 4161 1736 4243 prima

233 4264 351 4329 mensis
374 4264 461 4329 Julii.
503 4267 539 4329 In
564 4284 695 4344 quorum
719 4266 855 4329 omnium
885 4266 1100 4330 testimonium
1124 4273 1264 4332 nostrum
1289 4286 1325 4331 ac
1349 4267 1561 4347 Gradiceuais,
1583 4266 1735 4331 Zabirdo·

232 4368 370 4432 nicensis
404 4370 563 4453 abbatum,
597 4368 789 4434 confratrum
825 4376 1013 4452 nostrorum,
1047 4377 1081 4434 et
1115 4377 1289 4436 conventus
1323 4370 1508 4436 monasterii
1533 4369 1734 4452 (lunyceusis

234 4474 448 4554 predictorum
483 4474 590 4556 sigilla
624 4479 698 4538 sunt
730 4475 933 4556 presentibus
957 4494 1108 4558 appensa,
1143 4481 1252 4541 tenore
1284 4475 1507 4541 nichilominus
1530 4475 1733 4555 presencium

231 4578 264 4640 in
287 4578 444 4658 publicam
468 4578 598 4643 formam
622 4580 762 4643 redacto.

361 4683 433 4745 Fiat
456 4683 538 4765 G.(!)

361 4786 403 4848 llt
425 4803 484 4866 ego
520 4786 633 4849 Petrus
665 4786 790 4869 Sdislay
814 4788 854 4852 de
877 4787 1046 4853 Slawibors
1071 4788 1204 4852 clericus
1227 4787 1448 4853 Olonrucensis
1472 4787 1562 4860 dioc,
1586 4785 1732 4868 publicus

229 4889 387 4970 imperiali
405 4891 595 4953 arroteritate
620 4892 771 4972 netarium,
795 4892 1024 4972 cornvocacioni,
1048 4892 1297 4973 congregacioni,
1311 4891 1544 4972 compromisso,
1568 4889 1731 4967 eleccioni,

233 4993 454 5075 ricuninacioni,
479 4995 694 5073 consensibus
719 4995 944 5076 voluntatibus,
978 4997 1064 5059 eride
1098 4996 1234 5060 edicioni
1266 5013 1323 5060 seu
1345 4994 1599 5077 proclamationi,
1623 4993 1729 5058 termi-

231 5116 340 5161 norum
363 5097 539 5179 prefixioni,
563 5098 804 5181 courdumacioni,
828 5099 1017 5163 investiture
1041 5118 1077 5162 ac
1093 5100 1236 5164 omnibus
1253 5105 1286 5163 ct
1302 5099 1435 5180 singulis
1458 5098 1633 5181 premissis,
1657 5099 1729 5163 dum

230 5202 275 5265 sic
299 5208 470 5283 agerentur
492 5203 570 5267 locis
594 5202 737 5267 etheris
760 5203 923 5284 predictis,
948 5222 1011 5267 una
1034 5223 1103 5267 cum
1127 5204 1314 5286 prescriptis
1345 5203 1482 5267 testibus
1504 5201 1638 5267 interfui
1661 5219 1730 5286 pre·

231 5323 304 5370 sens
327 5323 428 5386 eaque
462 5308 568 5372 omnia
589 5313 623 5372 et
645 5307 771 5389 singula
793 5313 924 5388 propter
958 5308 1020 5371 mei
1044 5314 1163 5373 certam
1187 5308 1429 5390 occupationem
1454 5324 1513 5389 per
1534 5325 1663 5372 manum
1686 5307 1728 5372 al·
