3944 6060
241 430 306 501 242
714 488 716 496 ,
848 438 918 488 Acta
938 422 1093 489 muscentii
1113 432 1160 486 Vl.

233 644 325 713 607.
344 642 532 725 camponoso
551 642 716 708 Tltirnouis
730 644 768 709 de
785 643 977 726 sumator)
994 643 1124 708 rectoris
1137 641 1336 726 parochialis
1350 641 1500 709 ecclesiae
1515 641 1550 707 in
1564 638 1747 735 Pauori),

230 747 454 831 procuratoris
476 747 605 813 Nicolai
626 748 664 812 de
679 745 836 814 Badiscin
857 747 1050 813 decretorum
1065 746 1212 830 doctoris,
1234 748 1380 814 canonici
1400 745 1548 815 ecdesiae
1562 747 1747 822 tianensis,

235 872 330 936 super
351 852 483 917 annalis
506 852 545 918 ole
562 851 745 937 praetendo
767 852 905 919 eiusdem
927 851 1074 918 ecclesiae
1103 852 1186 918 dicto
1208 852 1333 918 domino
1355 872 1411 920 suo
1432 852 1637 935 confirmata.
1671 855 1748 919 Pro·

235 957 324 1022 ntisit
345 955 464 1022 soluere
486 976 630 1022 camerae
652 956 846 1040 apostolicae
866 958 910 1023 25
932 956 998 1027 tior.
1022 957 1116 1023 intra
1137 955 1277 1024 8dicsa
1299 962 1436 1042 tempore
1458 960 1555 1027 datae
1565 959 1749 1045 paraneto

234 1061 445 1126 instrumenti.
466 1061 566 1127 Solvit
589 1065 632 1128 10
644 1061 722 1145 flor.
760 1061 893 1142 „Actum
915 1060 966 1127 die
990 1063 1061 1126 XII
1077 1061 1164 1128 Maii
1193 1084 1225 1128 a.
1248 1059 1295 1149 [d.
1319 1060 1466 1130 Meton
1475 1065 1542 1148 VII,
1572 1062 1749 1155 indiccione

236 1165 271 1229 X
288 1166 323 1229 in
344 1165 483 1247 hospicio
505 1165 626 1231 domini
650 1165 781 1231 Eblcnis
803 1163 911 1230 cleriei
933 1185 1055 1230 cornere
1078 1165 1254 1249 apostolice,
1282 1167 1488 1252 pontificatus
1510 1170 1632 1236 domini
1656 1169 1747 1234 Incro·

806 1270 903 1336 cencii
925 1291 955 1335 a.
979 1267 1134 1356 quinto].“
1150 1274 1177 1352 c)

1432 1413 1517 1477 1357
1539 1410 1626 1477 Maii
1648 1414 1702 1476 12.

364 1597 432 1651 Coll.
452 1598 540 1651 Alam.
567 1604 583 1652 8
612 1598 658 1651 iol.
686 1598 754 1655 104⁴.
782 1629 814 1638 -
843 1599 908 1668 ch.
933 1599 1007 1668 apud
1031 1599 1140 1665 Kirsch,
1176 1601 1303 1654 Anuaten
1337 1601 1357 1664 Ι,
1386 1616 1447 1669 pag.
1476 1604 1524 1655 les
1551 1599 1648 1657 adnot.
1666 1607 1692 1655 4.
1712 1629 1743 1642 -·

236 1687 265 1751 ²)
285 1684 376 1754 ,Tymc
395 1684 429 1739 de
448 1684 615 1739 Lvnkeuita‘
634 1686 734 1740 Call.b
770 1686 919 1760 ,l'rczlscn‘
939 1680 1007 1742 coll.
1029 1692 1053 1752 0)
1072 1686 1233 1756 Suppletum
1246 1703 1280 1742 ex
1299 1687 1344 1742 iol.
1368 1693 1423 1742 103.

883 1898 1086 1910 *ιι-ο,-

234 2069 326 2136 608.
358 2067 542 2133 Venceslaus
564 2067 723 2135 Jolaannis
745 2069 782 2133 de
798 2070 930 2154 Hnojice
943 2069 1113 2154 supplicat,
1136 2075 1290 2155 quatenus
1305 2069 1366 2134 sibi
1388 2069 1426 2135 de
1440 2069 1584 2151 beneficio
1598 2069 1741 2137 ecelesia·

386 2173 473 2251 stico,
497 2173 540 2237 ad
562 2173 758 2239 collationem
775 2174 954 2257 praepositi
977 2173 1158 2240 dimicensis
1179 2177 1347 2258 spectante,
1370 2174 1585 2257 provideatur.

1040 2314 1139 2395 Apud*
1167 2312 1405 2392 lillarronoccm,
1427 2313 1514 2379 1357
1537 2314 1623 2380 Maii
1648 2314 1700 2379 13.

365 2505 530 2588 Supplicat
552 2502 592 2568 gu
613 2504 666 2568 Ψ·
692 2504 915 2569 Wonccsslaus
931 2512 1024 2569 natus
1041 2505 1196 2585 quondam
1218 2503 1374 2569 Johannis
1398 2504 1437 2568 de
1454 2503 1618 2586 Huopuicz
1626 2508 1652 2585 ⁸)
1677 2505 1741 2569 cle·

236 2596 321 2674 ricus
345 2608 566 2675 Olomuccusis
589 2608 680 2684 dica,
703 2613 861 2690 quatenus
891 2608 952 2674 sibi
975 2609 1112 2692 graciam
1135 2608 1307 2690 specialem
1329 2607 1494 2688 iacientes
1525 2609 1565 2673 de
1588 2606 1744 2675 beuellcio

237 2713 456 2779 ecclesiastico
479 2732 548 2779 cum
572 2731 648 2778 cura
671 2713 721 2777 vel
745 2713 814 2777 sinc
838 2731 922 2796 cura
946 2718 1112 2796 spectante
1136 2714 1345 2777 communiter
1367 2712 1418 2777 vel
1441 2711 1568 2778 divisim
1591 2713 1633 2778 ad
1648 2713 1745 2779 colla·

234 2817 437 2883 cionem...
459 2869 465 2883 .
487 2817 643 2900 prepositi
674 2818 714 2883 de
742 2802 869 2898 Uunyca
893 2818 1014 2882 ordinis
1038 2814 1392 2896 l‘rcrnonstratcnsisl’),
1424 2817 1559 2899 siquod
1588 2823 1683 2882 vacat
1705 2817 1746 2883 ad

235 2939 368 3003 presens
392 2922 441 2986 vcl
465 2923 694 3004 quamprimum
716 2921 885 3002 vacaverit,
918 2922 1090 3004 dignemini
1114 2921 1366 2987 misericorditer
1388 2921 1567 3003 providere,
1591 2940 1662 2987 cum
1695 2940 1746 2987 ac·

235 3024 429 3107 ceptacionc‚
452 3023 655 3103 inhibitione,
680 3025 812 3088 decreto
835 3031 869 3088 et
892 3025 1035 3089 clausula
1058 3025 1212 3090 antclcrri
1236 3031 1269 3090 ct
1285 3043 1355 3088 cum
1371 3024 1515 3090 clunibus
1538 3044 1601 3090 nou
1616 3027 1745 3092 obstan·

236 3129 332 3212 tibus,
356 3128 510 3193 clausulis
533 3128 697 3209 oportunis
723 3130 1012 3212 etexecuto1·ibuS‚
1037 3136 1072 3194 ut
1095 3131 1127 3194 in
1151 3131 1260 3198 fornia.

364 3250 436 3315 Fiat
460 3250 497 3314 G.
521 3251 564 3313 Et
587 3250 669 3330 quod
693 3256 838 3314 transcat
860 3250 929 3315 sinc
953 3252 1017 3315 alia
1033 3252 1181 3318 lcccioue.
1206 3253 1277 3317 Fiat
1293 3251 1329 3316 G.
1356 3252 1393 3315 l).
1410 3252 1496 3335 apud
1513 3251 1747 3319 Villamucuanr

234 3354 461 3420 Auinicueusis
484 3353 563 3418 dioc.
588 3353 636 3418 ΙΙΙ
658 3353 699 3419 id.
725 3355 802 3419 Maii
826 3374 852 3418 a.
877 3355 995 3435 quinto.

363 3543 395 3596 R.
409 3540 504 3612 Suppl,
517 3549 550 3595 27
564 3542 611 3597 sol.
632 3541 698 3594 121⁴.
718 3573 751 3580 -
774 3550 799 3608 ι)
819 3542 944 3611 Corripe:
965 3543 1130 3611 ‚llnognica⁴.
1155 3545 1180 3607 b)
1199 3543 1323 3599 Dioceais
1342 3559 1441 3599 nomen
1460 3544 1619 3599 ammissum
1639 3553 1691 3615 eal,
1711 3546 1748 3615 ad

234 3630 307 3698 quod
321 3646 439 3698 sequeus
458 3629 598 3684 adnotatio
617 3628 646 3681 in
671 3644 754 3696 marg.
780 3629 830 3682 sin.
850 3629 985 3698 pertinet:
1004 3631 1141 3695 ,Attendc,
1161 3631 1233 3699 quod
1253 3649 1306 3686 uon
1325 3631 1404 3700 pouit
1416 3630 1566 3686 diocesim‘.
1585 3661 1618 3670 --
1637 3632 1749 3703 Suppli·

233 3718 304 3772 catio
322 3718 376 3772 ista
394 3725 453 3771 tota
471 3718 623 3773 cancellata
641 3725 692 3781 est,
712 3716 746 3770 ad
765 3734 845 3786 quam
865 3718 1077 3771 cancellaturam
1096 3732 1216 3785 seqarens
1234 3718 1375 3772 adnotatio
1394 3719 1421 3771 in
1435 3735 1518 3788 marg.
1532 3718 1606 3773 dext.
1620 3726 1746 3790 spectat:

233 3804 359 3869 incude,
380 3806 452 3873 quod
471 3805 524 3859 fuit
542 3805 696 3859 cancellata
714 3804 747 3858 dc
767 3804 895 3858 mandato
914 3804 1016 3859 domini
1036 3804 1231 3872 Pen[estrini]⁴.
1252 3837 1283 3844 -
1303 3806 1379 3860 Cani.
1398 3823 1437 3859 ur.
1458 3811 1517 3860 606.

885 4025 1090 4034 -----

232 4190 321 4255 609.
365 4188 518 4273 „Epidius
548 4188 585 4252 de
616 4189 810 4252 Lomcruano
832 4188 1029 4252 doctrinarum
1057 4188 1258 4272 imperatoris
1288 4195 1317 4254 et
1347 4190 1568 4275 Flandrensis‚
1601 4192 1746 4259 Hanonic

231 4298 261 4359 ct
276 4293 503 4358 Namnrcensis
519 4290 666 4358 comitum
680 4291 935 4373 conscindimus,
959 4292 995 4356 iu
1006 4293 1245 4375 presbyteratus
1268 4293 1376 4359 ordine
1400 4286 1597 4370 constitutus,
1622 4296 1747 4363 necllum

232 4402 338 4462 tamen
368 4395 549 4480 bcnpiciurn
578 4394 821 4461 ecclesiasticum
852 4399 1023 4477 assecutus,
1053 4396 1237 4480 capellanus
1267 4399 1430 4462 continuus
1462 4451 1469 4464 .
1502 4452 1508 4464 .
1542 4450 1547 4464 .
1579 4447 1588 4463 .
1619 4398 1746 4489 Psetrc]

230 4502 280 4566 tit.
303 4521 329 4566 s.
355 4501 529 4566 Aroastasie
549 4499 725 4584 presbyteri
742 4500 938 4566 cardinalis“
964 4500 1134 4583 supplicat,
1161 4507 1317 4584 quatenus
1339 4501 1400 4566 sibi
1421 4502 1460 4567 dc
1481 4503 1626 4585 beneficio
1649 4505 1745 4570 eccle-

232 4603 362 4669 siastico
392 4625 461 4669 curn
494 4624 572 4668 cura
602 4604 649 4670 ccl
670 4606 739 4671 sine
768 4626 853 4688 cura,
885 4606 928 4669 ad
950 4603 1143 4669 collationem
1173 4606 1311 4689 episcopi
1337 4607 1549 4672 Traiectensis
1572 4612 1745 4693 spectante,

232 4707 447 4791 provideatur.
483 4744 524 4755 -·
561 4710 657 4789 „diat
693 4710 731 4775 G.
768 4710 842 4775 Sine
872 4708 940 4773 alia
970 4708 1109 4773 leccione.
1140 4709 1216 4773 Fiat
1248 4711 1286 4775 G.
1319 4710 1359 4774 D.
1392 4711 1479 4792 apud
1514 4710 1745 4778 l'illarnnouam

591 4813 817 4880 Auenionensis
833 4813 912 4879 dioc.
940 4813 995 4876 III
1015 4812 1055 4876 id.
1079 4814 1164 4877 Maii
1187 4835 1217 4879 a.
1241 4814 1379 4896 puinto“.

1045 4953 1139 5033 Apud
1169 4952 1409 5033 Villamnocanr,
1436 4951 1519 5018 1357
1541 4953 1626 5019 ciali
1648 4956 1701 5021 13.

371 5137 403 5190 lt.
422 5137 518 5207 Suppl.
537 5146 569 5192 ‘et
589 5138 636 5192 fol.
658 5141 723 5191 123‘.
