3944 6060
272 425 293 486 4
827 424 897 475 Acta
915 422 1066 476 iunocentii
1088 423 1132 475 vl.

230 631 391 695 ‚lelrannes
416 632 581 695 l‘adrnrnus
605 632 742 695 decenam
776 631 911 695 ecclesie
948 630 1217 713 wissegradensis
1253 632 1421 712 Pragensis
1445 632 1563 714 teliaci,
1587 634 1661 697 num
1687 634 1732 697 vi·

232 743 330 815 reret,
354 735 458 799 fuerat
481 735 681 806 constitutus,
707 735 897 799 caracteritate
922 736 1217 815 apostolica-usque
1238 736 1277 799 ad
1294 736 1467 817 apostolice
1480 737 1568 801 sedis
1581 738 1733 820 benepla-

231 838 337 918 citum,
362 839 585 919 ceperannum>
606 889 612 900 .
634 890 639 901 .
661 889 693 902 ..
720 839 756 903 D.
783 839 938 903 duiniene
962 838 1035 902 XVI
1060 839 1120 903 101.
1145 840 1324 904 novembris
1348 861 1375 903 a.
1400 846 1500 905 sexto.

360 1024 390 1078 a
410 1025 469 1079 ilat.
490 1032 540 1078 114
560 1029 580 1078 1<
601 1027 732 1094 (Arcbct.)
752 1043 791 1079 ur.
817 1035 927 1079 3111.-
955 1036 979 1091 a)
997 1028 1240 1094 ,insuantnm‘Vat
1268 1031 1293 1092 b)
1313 1028 1431 1096 ,inraris‘
1453 1029 1512 1082 Vat.
1541 1037 1565 1096 ε)
1585 1028 1734 1098 Sequitur:

231 1114 289 1175 ,tibi
309 1129 358 1183 per
376 1125 403 1169 te
423 1122 472 1167 etc.
493 1122 523 1168 nt
541 1131 625 1184 supra
642 1115 670 1167 iu
690 1113 845 1182 precedenti
864 1119 965 1169 mense‘
983 1115 1044 1169 Vat.

879 1312 999 1320 .-.-....,..
1008 1313 1080 1319 -...-

232 1448 319 1512 861.
345 1444 476 1509 Arncste
499 1443 730 1527 archiepiscopo
756 1447 909 1527 Properat
930 1448 1136 1511 committitur
1157 1449 1312 1530 susceptio
1333 1447 1505 1512 iuramenti
1526 1468 1548 1511 o
1574 1445 1737 1513 Guilelmo

550 1549 586 1613 de
609 1550 741 1615 Lestlcov
764 1550 924 1616 collectore
948 1552 1103 1631 l'rcpcrmi
1124 1554 1243 1617 ooeiter
1265 1553 1417 1616 tristitudo.

1173 1692 1335 1774 Aaieione,
1359 1690 1445 1756 1358
1470 1689 1613 1755 Octobris
1636 1692 1690 1754 ll.

360 1881 562 1945 Innocentius
586 1886 646 1944 etc.
672 1881 747 1944 Ven.
771 1880 807 1943 fr.
823 1881 957 1945 Arnestc
981 1881 1218 1962 archiepiscopo
1243 1882 1395 1963 Pragensi
1412 1882 1548 1945 salutem
1564 1887 1629 1945 etc.
1653 1879 1734 1946 Cum

231 1987 259 2050 d.
285 1986 304 2048 f.
332 1985 522 2049 willelmum
551 1986 590 2048 de
625 1985 754 2049 Lescaw
777 1986 961 2049 canonicum
983 1986 1184 2068 Pragensern,
1220 1985 1392 2068 apostolice
1416 1985 1502 2049 sedis
1524 1986 1676 2049 nuncium
1701 1985 1733 2050 in

232 2091 384 2171 pentibus,
408 2090 461 2153 ubi
484 2091 640 2170 qnondam
663 2089 824 2155 iohannes
847 2090 1015 2154 Padnauns
1039 2090 1176 2154 decanus
1199 2090 1334 2155 ecclesie
1359 2090 1634 2171 wissegradensis
1657 2090 1733 2154 Pra-

231 2194 467 2277 gensisldiec.],
491 2194 563 2258 dum
586 2194 719 2275 viveret,
743 2194 848 2258 fuerat
870 2195 1071 2269 constitutus,
1097 2213 1196 2275 usque
1220 2195 1260 2258 ad
1283 2195 1368 2259 dicte
1392 2194 1478 2258 sedis
1494 2193 1734 2274 beneplacitum

231 2299 427 2380 deputamus,
461 2300 660 2380 prestaciene
692 2299 869 2376 iuramenti,
901 2299 991 2363 cuius
1014 2299 1113 2363 ferrura
1136 2299 1299 2380 subicitur,
1333 2299 1365 2362 in
1388 2298 1452 2362 tuis
1476 2299 1621 2364 manibus
1644 2300 1735 2381 prins

230 2404 322 2485 facta,
345 2403 539 2468 fraternitati
563 2410 616 2468 tae
640 2405 862 2469 committimus
886 2405 1001 2469 dictam
1025 2405 1195 2468 iuramenti
1219 2404 1455 2486 suscepcionem
1478 2408 1512 2466 et
1528 2410 1638 2468 cetera
1661 2423 1735 2487 pre·

231 2508 336 2572 missis
360 2509 548 2581 neccssaria,
575 2510 602 2572 si
626 2528 687 2590 qna
709 2515 826 2589 essent,
850 2510 1024 2573 cuiusmodi
1040 2508 1258 2590 prestacienis,
1283 2514 1319 2571 ut
1333 2509 1537 2589 premittitur,
1560 2508 1735 2573 iuramenti

232 2621 304 2696 post
326 2614 543 2694 receptionem
575 2633 632 2695 per
662 2621 734 2678 tuas
764 2621 913 2695 patentes
944 2614 1054 2677 literas
1085 2621 1139 2677 tuo
1171 2614 1275 2694 sigillo
1307 2614 1444 2677 munitas
1475 2613 1584 2677 harum
1616 2613 1735 2678 seriem

231 2718 429 2781 continentes
452 2717 585 2781 festines
609 2724 720 2800 gentes
732 2721 758 2799 ⁸)
782 2725 890 2781 nostre
914 2735 1036 2782 camere
1061 2718 1195 2781 reddere
1221 2717 1386 2781 cerciores
1411 2718 1525 2781 Forma
1549 2734 1624 2781 vero
1647 2717 1735 2781 iura·

232 2822 330 2886 menti
353 2823 506 2902 seqnitur,
530 2840 590 2902 que
614 2828 665 2886 est
687 2802 778 2886 talis:

362 2927 429 3007 Ege
453 2926 631 2991 Willelmus
654 2926 693 2990 de
717 2927 844 2991 Lescaw
869 2926 1041 3008 apostolice
1065 2928 1150 2990 sedis
1174 2927 1305 2990 nuncius
1335 2928 1374 2990 ab
1396 2927 1455 2989 hac
1480 2926 1557 2991 bera
1579 2927 1613 2990 in
1637 2933 1736 2992 antea

233 3030 335 3094 fidelis
359 3048 413 3095 ero
437 3033 530 3094 beato
555 3031 648 3095 Petro
672 3036 844 3111 sancteque
868 3031 1007 3095 Romane
1031 3031 1165 3094 ecclesie
1193 3038 1225 3094 et
1248 3030 1374 3094 domine
1397 3050 1466 3096 meo
1490 3031 1617 3096 domino
1640 3032 1734 3098 Inno-

234 3136 337 3198 centio
364 3153 445 3216 pape
469 3134 512 3198 Vl
539 3135 670 3215 eiusque
702 3136 936 3200 successoribus
967 3136 1117 3198 canonice
1148 3135 1349 3215 intrantibus
1388 3153 1450 3199 nen
1485 3154 1538 3199 cro
1572 3135 1606 3199 in
1640 3134 1735 3218 facto,

234 3240 365 3304 consilio
389 3239 438 3302 vel
462 3257 626 3319 consensu,
660 3240 743 3319 qued
773 3240 870 3303 vitam
900 3241 1035 3321 perdant
1066 3245 1121 3302 aut
1143 3242 1315 3303 nienrbrum
1340 3240 1390 3302 rel
1414 3240 1563 3321 capcione
1587 3240 1735 3320 quislibet

234 3345 408 3426 capiantur.
448 3344 631 3425 Consilium,
666 3343 750 3424 qnod
773 3362 830 3425 per
853 3362 887 3406 se
911 3345 960 3408 vel
983 3345 1130 3407 nuncium
1154 3362 1244 3407 sirinn
1269 3361 1324 3407 seu
1347 3343 1459 3408 literas
1481 3343 1558 3407 mibi
1581 3345 1737 3409 credituri

234 3456 316 3529 snut,
340 3449 436 3530 signe,
471 3451 566 3512 verbe
590 3448 639 3511 vel
663 3453 740 3511 riute
764 3468 814 3511 me
838 3450 958 3511 sciente
982 3449 1020 3512 ad
1044 3467 1153 3512 eorrnn
1174 3450 1342 3529 darnpnnm
1366 3447 1444 3511 nulli
1461 3448 1596 3529 pandam
1612 3455 1648 3512 et
1663 3449 1736 3513 sinr-

232 3554 360 3637 pliciter
383 3553 429 3616 sic
452 3571 519 3633 sua,
542 3571 603 3632 qrre
628 3571 752 3627 novere,
778 3559 901 3617 secrete
925 3554 1065 3633 servabo,
1089 3553 1172 3632 qnod
1196 3551 1273 3615 nulli
1289 3569 1435 3633 persone,
1459 3552 1498 3615 de
1518 3571 1581 3632 qna
1596 3553 1737 3631 credam,

234 3659 293 3722 sibi
318 3658 496 3738 displicere,
522 3658 548 3719 si
573 3658 602 3719 ei
627 3657 812 3731 revelarem,
836 3657 891 3720 ilfa
914 3656 1123 3720 rrnmifestabe
1147 3657 1298 3735 scienter,
1324 3656 1381 3719 sed
1397 3655 1424 3719 si
1440 3656 1610 3737 dampnum
1626 3675 1738 3722 eorum

235 3764 357 3825 scivere
380 3762 577 3842 pertractari,
601 3779 656 3841 pre
681 3780 774 3841 pesse
798 3781 867 3824 ineo
893 3761 1069 3842 impediam,
1094 3780 1133 3823 ne
1157 3761 1189 3824 id
1214 3759 1285 3839 fiat,
1324 3761 1405 3840 rpuod
1430 3760 1457 3823 si
1481 3778 1611 3841 perine
1635 3761 1736 3844 impe-

236 3868 303 3930 dire
328 3867 501 3945 nerpiirern,
526 3867 573 3930 eis
596 3885 653 3947 per
677 3867 822 3929 nuncium
848 3867 897 3928 vel
921 3866 1032 3930 literas
1056 3866 1233 3946 significare
1258 3867 1382 3946 curabo,
1413 3864 1462 3928 vel
1486 3863 1543 3939 1111,
1568 3882 1739 3946 perquem

235 3971 332 4033 cicius
356 3973 395 4033 ad
419 3990 527 4033 eerinn
552 3970 698 4034 noticiam
724 3971 908 4053 deducetur,
944 3969 1122 4052 significare
1153 3973 1277 4035 curabo.
1325 3970 1477 4052 Papatum
1502 3969 1681 4033 Romanum
1705 3977 1741 4034 et

237 4075 358 4156 regalia
381 4077 407 4137 b.
435 4075 518 4137 Petri
544 4081 578 4137 et
601 4075 704 4137 omnia
728 4075 796 4138 iura
819 4076 959 4138 Romane
983 4075 1127 4154 ecclesie,
1162 4094 1222 4154 que
1245 4074 1342 4138 lrabct
1365 4074 1491 4154 ubique,
1520 4077 1741 4140 manutenebo

237 4179 313 4241 tetis
338 4179 456 4241 viribus
479 4186 510 4241 et
536 4177 724 4259 deffendere,
748 4180 878 4258 negocia
902 4186 935 4242 et
958 4178 1061 4242 officia
1084 4178 1160 4241 mihi
1185 4199 1202 4241 a
1226 4178 1351 4242 demine
1375 4196 1457 4259 papa
1480 4178 1531 4241 vel
1546 4179 1617 4242 cius
1633 4197 1740 4244 came-

237 4283 319 4346 rarie
344 4282 508 4345 ceirnnissa
533 4283 582 4345 vel
606 4284 830 4371 conrrnittenda
854 4282 992 4346 fideliter
1015 4303 1121 4363 gerare
1145 4290 1179 4346 et
1195 4283 1318 4347 solicite
1333 4285 1487 4347 exercebo
1503 4289 1537 4347 ct
1552 4283 1742 4364 specialiter

237 4386 370 4450 efficium
407 4387 582 4466 predictum
615 4387 814 4450 collectorem
846 4387 1019 4468 vulgariter
1049 4394 1261 4469 nnireupatmn
1285 4387 1317 4450 in
1341 4387 1488 4469 petendo,
1522 4386 1684 4470 exigendo
1708 4396 1743 4455 et

238 4508 361 4553 ‹triniere
375 4491 548 4570 riprestelice
572 4492 777 4572 assignandm
804 4469 936 4573 adside,
960 4493 1142 4555 rnrineribns
1166 4499 1200 4557 et
1222 4493 1366 4555 exeriniis
1389 4492 1487 4555 eciam
1512 4492 1683 4558 abstinebo
1708 4502 1744 4559 et

239 4614 324 4658 trices
349 4596 595 4660 sirlarellectcres
618 4605 651 4659 et
676 4597 804 4660 nrmcies
828 4616 864 4659 ac
887 4596 1059 4659 familiares
1093 4597 1253 4660 abstinere
1279 4597 1362 4659 enini
1386 4596 1566 4678 diligencia,
1597 4614 1661 4676 qna
1685 4617 1742 4680 po·

238 4707 317 4767 tero,
342 4700 491 4782 [lucianii.
513 4701 685 4763 anciranus
710 4707 742 4763 et
764 4702 941 4781 poculentis
966 4720 1027 4763 neu
1050 4699 1261 4764 frarnlnlentis
1281 4701 1446 4764 dumtaxat
1460 4701 1622 4781 excepere
1648 4720 1670 4765 a
1685 4721 1743 4767 no·

239 4805 338 4875 tariis,
374 4806 425 4883 001
451 4813 524 4869 sunt
548 4806 594 4867 vel
620 4813 790 4887 0001οι0
814 4813 956 4886 tempere
987 4806 1026 4868 ad
1049 4805 1308 4869 conscribernlnrn
1332 4821 1501 4885 processus
1534 4811 1569 4869 et
1591 4806 1744 4872 raciones

239 4910 371 4988 predicti
397 4909 499 4975 casticii.
526 4910 618 4971 rricbil
646 4929 702 4972 nec
726 4911 888 4972 (recidente
920 4928 977 4971 nec
1002 4909 1168 4990 pocnlenta
1194 4907 1360 4988 recipias,
1388 4908 1532 4973 raciones
1555 4909 1746 4991 etreliqua

239 5013 716 5093 (101100010110110,0001000οι
733 5015 904 5094 requisitus
917 5014 1005 5076 fuero
1022 5032 1079 5075 sen
1095 5015 1218 5094 missus,
1233 5012 1461 5093 irrrarnprimnm
1477 5018 1620 5095 potuero,
1643 5015 1746 5096 plene

240 5119 381 5184 reddam:
409 5120 591 5198 suprrmlicta
614 5119 718 5180 irrrrnia
741 5125 774 5181 et
797 5119 919 5199 singula
943 5118 1093 5198 prenritte
1124 5126 1157 5180 et
1179 5118 1248 5180 inre
1273 5117 1439 5181 attendere
1463 5123 1496 5180 et
1518 5118 1683 5200 complere
1707 5140 1748 5185 ec

240 5240 366 5285 serrare
391 5224 458 5283 sine
476 5223 558 5284 ‹nrirri
576 5222 647 5286 dolo
663 5231 697 5284 et
713 5223 831 5302 fracida,
848 5223 893 5286 sic
910 5224 987 5286 cleiis
1004 5241 1053 5285 nre
1070 5224 1199 5284 rirlirn'et
1214 5230 1247 5284 ct
1270 5221 1329 5284 hec
1352 5227 1461 5285 salicta
1484 5220 1537 5286 dei
1559 5225 1747 5306 evangelia.

369 5326 525 5388 Airinione
552 5326 623 5389 XVI
647 5326 708 5389 lral.
735 5326 919 5388 Novernbris
943 5325 1145 5407 perititicatns
1169 5326 1269 5389 rastri
1293 5346 1319 5388 a.
1344 5331 1444 5390 sexte.
