3944 6060
235 453 296 522 150
830 449 900 505 Acta
916 447 1067 504 innocentii
1085 448 1130 505 VI.
1162 494 1166 503 .

231 669 345 727 ventus
368 659 553 728 monasterii
577 658 745 741 Auleregle
776 656 913 739 predicti
944 655 1005 720 fuit
1034 654 1125 721 nobis
1155 655 1319 721 humiliter
1342 654 1594 739 supplicatunr,²)
1629 652 1738 719 uteie

231 765 369 833 faciendi
392 763 661 848 permutacionem
684 761 865 827 huiusmodi
888 760 1052 826 licenciam
1076 761 1250 825 concedere
1274 759 1486 842 dignaremur.
1525 753 1592 826 Nos
1615 759 1736 840 itaque,

231 921 237 934 .
259 875 456 936 ...certam
486 869 526 933 de
548 866 713 949 premissis
743 865 893 930 noticiam
923 883 985 930 non
1015 864 1179 948 habentes,
1212 864 1400 929 discrecioni
1430 870 1537 929 vestre
1561 916 1567 929 .
1589 916 1595 929 .
1616 915 1649 930 ..
1680 875 1748 946 per'

233 974 409 1058 apostolica
439 974 559 1055 scripta
589 970 813 1036 committimus
847 976 881 1034 et
910 969 1104 1046 mandamus,
1136 973 1293 1050 quatenus
1315 986 1424 1036 vos..
1444 1019 1477 1033 ..
1508 968 1548 1033 de
1571 968 1739 1050 premissis

232 1080 377 1146 omnibns
400 1084 434 1143 et
450 1076 583 1159 singulis
599 1094 721 1140 necnon
736 1075 775 1138 de
800 1074 890 1139 bonis
905 1073 1086 1138 huiusmodi
1110 1073 1214 1138 eidem
1237 1072 1430 1138 monasterio
1447 1072 1618 1156 duloregie
1633 1073 1738 1157 magis

233 1184 364 1249 utilibus
387 1190 421 1247 et
443 1180 564 1263 vicinis,
580 1200 637 1263 pro
661 1180 776 1260 quibus
792 1177 871 1242 dicti
895 1179 992 1243 abbas
1008 1183 1042 1242 et
1062 1182 1236 1243 conventus
1265 1177 1410 1242 eiusdem
1432 1177 1619 1243 monasterii
1661 1196 1721 1263 pro

232 1287 326 1354 dictis
342 1305 449 1353 eorum
466 1287 579 1352 castris
596 1290 630 1349 et
653 1283 744 1349 bouis
765 1284 799 1363 (l)
816 1281 837 1364 f)
854 1282 1104 1347 deliberaverint
1127 1300 1183 1346 seu
1200 1280 1409 1347 tractaverint
1423 1287 1616 1366 permutare,
1640 1290 1675 1349 et
1697 1284 1738 1349 de

232 1393 373 1476 ipsorum
396 1397 601 1470 utrorumque
625 1391 777 1454 bonorum
801 1387 918 1463 valore,
950 1392 984 1451 et
1013 1405 1052 1450 au
1084 1385 1264 1451 huiusmodi
1287 1387 1482 1468 permutacio
1505 1387 1539 1451 in
1562 1385 1739 1453 utilitatem

232 1496 311 1561 dicti
325 1503 351 1573 e)
375 1493 560 1560 monasterii
583 1491 754 1575 tuleregie
771 1511 807 1555 ac
822 1491 965 1555 eiusdem
981 1489 1255 1555 Luthomuslensis
1277 1491 1329 1555 vel
1345 1491 1478 1555 alterius
1496 1490 1642 1574 ecclesie,
1667 1510 1739 1557 cum

233 1619 296 1682 qua
310 1598 416 1665 forsan
432 1598 700 1681 permutacionem
716 1595 896 1660 huiusmodi
913 1594 1083 1658 deliberari
1101 1612 1158 1657 seu
1174 1595 1304 1659 tractari
1320 1595 1500 1677 contigerit,
1525 1596 1621 1661 cedat
1644 1601 1681 1661 et
1698 1596 1740 1662 de

234 1704 458 1789 premissorum
491 1703 628 1768 omnium
660 1699 908 1765 circmnstanciis
939 1698 1096 1763 universis
1127 1717 1182 1762 vos
1212 1699 1384 1781 diligenter
1414 1698 1583 1766 informare
1617 1700 1740 1768 curetis

239 1815 273 1874 et
296 1826 481 1890 quecunque
514 1806 693 1889 superbiis
716 1823 774 1887 per
796 1803 1053 1869 informacionem
1077 1802 1255 1868 huiusmodi
1278 1804 1473 1887 repereritis
1508 1804 1599 1870 nobis
1621 1805 1742 1870 vestris

233 1913 337 1979 literis
361 1912 472 1976 harum
496 1911 612 1975 seriem
635 1909 871 1975 continentibus
895 1909 953 1972 sub
977 1907 1092 1989 sigillis
1116 1908 1231 1972 vestris
1247 1908 1369 1972 inclusa
1386 1909 1572 1990 quantocius
1587 1909 1741 1976 intimare

235 2019 363 2100 curetis,
387 2024 424 2085 ut
446 2034 543 2099 super
565 2016 627 2082 biis
651 2020 758 2079 vestra
781 2012 1007 2078 informacione
1031 2013 1178 2076 instructi
1204 2012 1372 2094 providere
1398 2013 1540 2078 securius
1562 2013 1740 2080 valeamus.

233 2123 299 2188 Nos
322 2122 407 2186 enirn
437 2138 533 2203 super
563 2118 728 2202 premissis
758 2125 882 2185 vostras
913 2117 1127 2186 consciencias
1157 2135 1335 2185 oneramus.
1370 2118 1587 2187 oduinum
1618 2118 1649 2187 11
1673 2118 1740 2188 kal.

232 2225 421 2295 Novembris
445 2244 471 2290 a
495 2224 604 2290 tercio.

362 2415 393 2470 R.
413 2417 463 2468 Av.
485 2420 532 2469 181
547 2414 594 2468 fol.
607 2419 666 2475 500.
684 2414 718 2470 R.
733 2414 793 2467 Vat.
806 2419 856 2466 229
876 2412 922 2467 fol.
936 2417 994 2467 233.
1013 2442 1047 2452 -
1072 2418 1096 2479 ³)
1115 2412 1367 2479 ,Landeskimiram‘
1380 2414 1451 2482 Vnt,
1469 2414 1589 2484 corrige:
1607 2396 1742 2483 ,Laudes-

235 2503 322 2558 liron‘.
346 2504 373 2570 b)
393 2501 517 2570 Corripe:
545 2501 721 2570 ,Goblonem¹
745 2504 768 2569 ο)
788 2500 911 2569 Corrige:
930 2499 1092 2568 ,Stradaunt
1116 2500 1140 2564 d)
1159 2498 1283 2568 corrige:
1302 2500 1446 2563 ‚Cbauovt
1471 2508 1494 2566 θ)
1512 2500 1655 2567 ‚eiusdem‘
1675 2500 1742 2557 Vat.

232 2595 252 2656 l)
272 2589 395 2659 Cor-rige:
415 2587 582 2656 ,monasterii
601 2587 674 2642 dicta
692 2603 784 2642 eorum
803 2592 895 2643 castra
913 2593 940 2645 et
957 2586 1037 2645 bona‘
1065 2617 1091 2626 -
1115 2589 1134 2655 ¹)
1153 2587 1231 2646 Cous.
1254 2587 1354 2655 Emler,
1378 2588 1443 2663 Regi
1469 2589 1537 2645 Boh.
1557 2587 1583 2644 ll
1600 2606 1641 2646 ur.
1660 2595 1742 2648 2004.

234 2676 255 2744 ²)
275 2675 350 2732 Coui.
370 2692 410 2732 nr.
429 2681 488 2731 370.

886 2821 901 2830 v-
914 2822 924 2831 -,
928 2821 935 2825 ··
947 2821 986 2829 νον·
990 2822 1009 2829 ιι-
1013 2820 1089 2829 vro-nu

232 2960 324 3027 395.
349 2956 609 3041 Arcbiepiscopus
625 2957 796 3037 Propensis
811 2957 923 3020 cert-ior
931 2954 982 3037 fit,
998 2975 1058 3038 quo
1073 2958 1162 3022 modo
1178 2959 1345 3039 repisirom
1361 2959 1576 3042 beneficiorum
1592 2960 1741 3029 molesia·

235 3062 384 3127 siicorum
413 3064 574 3127 occasione
602 3060 777 3126 exactionis
810 3060 950 3126 damae
973 3060 1093 3144 ,Corolo
1122 3062 1310 3145 irriperotori
1333 3066 1544 3130 Romanorum
1575 3085 1744 3131 mocessoe

235 3165 515 3251 significandorum
530 3166 607 3252 ficri
629 3169 659 3230 et
681 3164 792 3251 quibus
815 3166 960 3230 terminis
977 3187 1059 3250 pars
1084 3166 1221 3234 eiusdem
1244 3169 1383 3235 decianae
1404 3170 1612 3254 apostolicam
1634 3171 1743 3237 sedem

775 3271 955 3353 coratiopeos
978 3271 1067 3336 trudi
1089 3272 1185 3336 debet.

1160 3413 1323 3494 Aoinione,
1350 3414 1432 3479 1355
1457 3414 1641 3481 Novembris
1663 3418 1696 3481 6.

363 3604 569 3670 Innocencius
592 3611 652 3668 etc.
688 3604 767 3668 ven.
791 3603 827 3667 fr.
852 3604 1090 3687 archiepiscopo
1116 3606 1268 3687 l'mgensi
1291 3607 1426 3671 salutem
1452 3614 1514 3671 otc.
1539 3607 1678 3691 Dudum,
1703 3615 1741 3675 ut

235 3711 362 3775 exaccio
387 3710 507 3773 decime
532 3709 564 3771 in
588 3726 685 3790 reguo
709 3709 839 3773 Boernie
863 3709 1026 3773 carissimo
1057 3710 1088 3774 in
1114 3709 1242 3775 Christo
1272 3709 1337 3775 filio
1360 3716 1469 3776 nostro
1493 3710 1607 3778 Carolo
1639 3713 1741 3797 impe-

235 3815 333 3879 ratori
363 3831 489 3893 semper
520 3819 654 3894 augusto
685 3818 760 3877 tunc
790 3813 859 3895 regi
890 3814 1100 3878 Romanorum
1131 3832 1189 3896 per
1216 3815 1324 3879 sedern
1357 3816 1562 3897 apostolicam
1594 3818 1742 3899 graciose

237 3935 386 3982 concesse
410 3917 519 3999 purius
543 3918 731 3999 procederet
753 3923 788 3981 et
810 3918 843 3981 iu
866 3937 906 3982 ea
929 3924 1039 3982 contro
1061 3918 1273 3984 intencionem
1297 3927 1437 3985 nostram
1461 3921 1585 4002 gravari
1601 3921 1742 4004 aliquem

238 4040 300 4086 non
325 4021 533 4103 contingeret,
568 4021 626 4085 tibi
650 4028 684 4084 et
707 4021 833 4085 dilectis
865 4021 939 4085 tiliis
962 4022 1078 4089 vicario
1108 4029 1163 4088 tuo
1194 4024 1225 4087 in
1249 4024 1467 4106 spiritualibus
1499 4043 1535 4089 ac
1554 4075 1561 4089 .
1581 4072 1587 4086 .
1611 4024 1743 4094 officiali

236 4125 388 4207 Pragensi
412 4125 556 4190 dedimus
580 4144 638 4207 per
660 4131 786 4190 nostras
810 4125 937 4190 litteras
960 4127 993 4190 iu
1016 4128 1175 4192 rnandatis
1206 4130 1263 4193 sub
1287 4128 1623 4194 excommunicacionis
1645 4148 1742 4214 pena,

235 4249 329 4310 quarn
352 4234 385 4293 te
417 4248 453 4294 ac
477 4230 564 4311 ipsos
587 4229 738 4293 vicarium
769 4237 802 4295 et
825 4229 991 4296 officialem
1022 4233 1183 4298 incurrere
1207 4233 1350 4299 volumus
1380 4254 1418 4300 eo
1450 4235 1529 4316 ipso,
1560 4233 1622 4298 nisi
1651 4254 1741 4303 mau-

236 4333 322 4397 datis
348 4332 466 4398 nostris
489 4334 670 4399 huiusmodi
692 4334 906 4399 effectualiter
927 4337 1095 4417 pareretis,
1119 4342 1155 4400 ut
1177 4356 1232 4402 vos
1255 4339 1306 4402 vel
1330 4338 1392 4403 dno
1416 4343 1472 4402 ant
1494 4355 1575 4402 unus
1598 4345 1743 4407 vestrum

235 4455 293 4519 per
315 4455 370 4502 vos
394 4437 444 4503 vel
468 4438 563 4503 alium
587 4457 644 4503 seu
668 4438 747 4504 alios
778 4440 882 4504 ouuria
912 4446 946 4503 et
969 4440 1094 4522 singula
1115 4442 1310 4507 monasteria
1341 4448 1376 4507 et
1408 4443 1561 4507 ecclesias
1594 4461 1743 4511 necnon

236 4541 418 4624 dignitates
442 4550 641 4626 personatus,
665 4542 768 4608 officia
791 4550 825 4608 et
847 4544 910 4608 alia
933 4545 1086 4610 beneficia
1108 4545 1327 4611 ecclesiastica
1350 4546 1507 4611 secularia
1529 4553 1564 4611 et
1579 4548 1744 4631 regularia

235 4664 305 4710 cum
328 4664 403 4709 cura
426 4652 460 4710 et
483 4646 551 4709 sine
586 4665 662 4711 cura
685 4647 853 4729 l'ragensis
887 4647 1028 4712 civitatis
1052 4654 1086 4713 et
1109 4649 1189 4714 dioc.
1221 4657 1255 4714 et
1278 4668 1438 4733 summanr,
1473 4651 1505 4715 in
1530 4670 1592 4732 qua
1614 4652 1744 4736 singula

234 4764 351 4829 corum,
374 4767 435 4829 que
459 4757 533 4813 sunt
555 4751 588 4814 iu
612 4750 733 4814 decime
757 4752 917 4816 solucione
942 4758 1060 4832 trrxata,
1084 4752 1116 4815 in
1140 4752 1319 4819 huiusmodi
1336 4753 1497 4820 solucione
1521 4762 1633 4820 taxata
1654 4765 1742 4840 sunt,

235 4869 271 4915 ac
294 4851 433 4917 valorem
457 4873 594 4918 aunuum
624 4855 795 4920 cuiuslibet
817 4873 936 4938 eornm,
968 4875 1028 4937 que
1053 4859 1084 4921 in
1107 4858 1287 4923 huiusmodi
1320 4859 1481 4924 solucione
1514 4860 1642 4926 minime
1665 4870 1745 4928 sunt

232 4961 350 5038 taxata,
372 4975 518 5039 necnon,
543 4958 689 5039 quicquid
707 4960 746 5024 de
763 4961 940 5025 redditibus
957 4967 990 5026 et
1006 4962 1212 5043 proventibus
1229 4964 1502 5043 monasteriorum,
1516 4964 1738 5051 ecclesiarum,

235 5060 434 5143 dignitatum,
465 5069 701 5143 personatuum,
744 5064 915 5129 officiorum
950 5075 984 5130 et
1014 5067 1237 5131 beneficiorum
1260 5068 1400 5149 ipsorum
1431 5074 1506 5133 tunc
1536 5076 1684 5136 exactum
1707 5081 1744 5140 et

235 5170 399 5247 receptum
421 5166 585 5249 extiterat,
618 5186 688 5232 cum
711 5169 889 5235 nominibus
920 5178 954 5235 et
977 5171 1213 5252 cognominibus
1244 5191 1449 5254 personarum
1481 5172 1677 5240 solvencium
1707 5177 1744 5243 in

233 5268 363 5352 scriptis
385 5290 479 5336 manu
502 5272 630 5354 publica
651 5273 814 5339 redactum
838 5274 976 5339 fideliter
999 5277 1057 5339 sub
1080 5276 1194 5357 sigillis
1219 5278 1335 5341 vestris
1358 5277 1538 5357 significare
1562 5279 1654 5347 nobis
1669 5280 1742 5347 sine

235 5374 392 5441 dilacione
415 5374 522 5459 aliqua
544 5376 698 5444 curaretis
722 5383 756 5444 et
778 5378 908 5460 insuper
931 5385 1063 5462 putem,
1088 5398 1149 5463 que
1172 5381 1212 5446 dc
1236 5381 1415 5448 huiusmodi
1438 5388 1554 5449 exacta
1568 5390 1604 5450 et
1619 5390 1740 5455 extunc
