3990 6052
789 409 857 459 raas
876 404 983 474 Aprilis
1001 412 1035 458 aa
1054 436 1086 445 -
1105 405 1172 459 Maii
1193 412 1215 457 r.
1694 410 1754 474 103

328 616 367 679 D.
384 614 405 679 f.
422 613 560 680 Jobanni
582 613 682 697 [dicto
698 615 848 679 Paduano
871 615 991 679 decano
1009 615 1144 679 ecclesie
1162 614 1433 695 wissegradensis
1448 616 1620 697 pragensis
1642 616 1752 700 dioc.],

243 719 416 800 apostolice
441 718 528 783 sedis
544 717 668 798 nuncio,
691 717 827 782 salutem
844 724 905 783 etc.
930 719 1055 782 Dudum
1071 718 1175 783 felicis
1190 720 1424 783 recordacionis
1442 719 1588 785 Clemens
1605 739 1689 801 papa
1702 720 1755 804 v1,

244 823 451 904 predecessor
461 827 580 904 noster,
596 822 777 905 attendens,
801 823 885 903 quod
906 828 1079 905 proventus
1103 841 1226 886 camere
1251 823 1424 902 apostolice
1448 830 1561 887 tenues
1585 825 1753 889 admodum

243 932 277 991 et
301 928 401 991 exiles
426 927 465 991 ad
489 927 778 1009 supportandum)
803 976 809 987 .
831 977 837 991 .
857 978 863 991 .
885 977 891 991 .
911 927 1165 1009 computandum.
1198 928 1401 991 Postmodum
1437 945 1511 991 vero
1546 945 1603 992 nos
1627 927 1756 993 favente

142 1051 145 1057 ·
244 1032 303 1095 deo
327 1032 367 1095 ad
390 1032 511 1114 apicem
529 1031 641 1095 summi
658 1032 855 1113 apostolatus
871 1031 1034 1113 assumpti,
1057 1031 1263 1095 attendentes
1279 1050 1402 1095 camere
1419 1031 1543 1113 prefate
1560 1031 1706 1095 redditus
1722 1036 1757 1095 et

243 1142 416 1217 proventus
430 1135 567 1200 faciente
580 1136 805 1217 preteritorum
817 1135 944 1200 malicia
956 1140 1132 1217 temporum
1146 1136 1317 1200 diminutos
1331 1155 1367 1199 ac
1379 1136 1471 1201 nobis
1487 1135 1571 1200 circa
1587 1153 1755 1217 recupera-

243 1241 365 1304 cionem
382 1246 537 1304 terrarum
555 1240 690 1305 ecclesie
706 1240 857 1314 Romane,
881 1237 1075 1325 cuissauctore
1094 1240 1220 1304 domino
1241 1240 1447 1320 presidemus,
1467 1238 1708 1304 intendentibus
1721 1244 1756 1303 et

244 1345 322 1408 alias
334 1344 547 1426 multiplicata
557 1345 740 1408 incumbere
753 1362 851 1408 onera
861 1344 1033 1425 intuentes,
1045 1344 1225 1409 huiusmodi
1237 1342 1369 1421 fructus,
1383 1343 1527 1408 redditus
1540 1349 1574 1406 et
1582 1349 1754 1424 proventus

243 1449 335 1530 primi
348 1449 423 1513 anni
436 1448 675 1512 canonicatuum
684 1454 719 1512 et
729 1448 960 1530 prebendarum
970 1466 1028 1511 nec
1038 1467 1100 1513 rron
1109 1448 1308 1529 dignitatum,
1322 1453 1558 1528 personatuum,
1571 1446 1754 1522 officiorum,

244 1553 556 1617 administracionum
587 1558 620 1616 et
651 1552 784 1617 aliorum
815 1552 1038 1616 beneficiorum
1070 1570 1106 1615 ac
1132 1551 1271 1615 locorum
1302 1551 1589 1615 ecclesiasticorum
1615 1551 1753 1616 omnium

243 1662 276 1719 et
300 1656 503 1738 singulorum,
526 1656 716 1721 secularium
739 1661 773 1720 et
796 1657 988 1737 regularium
1012 1656 1156 1719 ordinum
1180 1673 1448 1737 quorumcunque,
1477 1662 1695 1736 exemptorum
1719 1660 1753 1719 et

245 1779 304 1824 non
329 1766 557 1841 exemptarum,
587 1778 658 1823 cum
681 1778 757 1823 cura
779 1765 814 1824 et
836 1759 905 1823 sine
930 1777 1014 1837 cura,
1043 1778 1104 1838 que
1129 1759 1212 1840 apud
1236 1759 1352 1823 dictam
1377 1760 1485 1823 sedem
1511 1758 1559 1821 vel
1584 1759 1660 1822 alibi
1684 1758 1752 1823 ubi-

243 1882 365 1945 cunque
389 1865 428 1928 ad
453 1865 696 1946 disposicionem
720 1865 806 1929 sedis
829 1863 929 1944 ipsius
953 1881 991 1926 ex
1016 1863 1147 1944 speciali
1171 1864 1220 1927 vel
1237 1863 1379 1944 generali
1396 1869 1504 1928 nostra
1528 1881 1584 1925 seu
1607 1880 1753 1942 quorum-

243 1986 365 2047 cunque
389 1968 650 2049 predecessorum
683 1973 861 2033 nostrorum
885 1967 1096 2031 Romanorum
1119 1965 1301 2048 pontificum
1326 1967 1546 2031 reseruacione
1570 1966 1752 2048 spectantia

243 2078 316 2135 tunc
339 2073 503 2144 vacabant,
527 2077 561 2136 et
584 2090 645 2152 que
669 2090 768 2152 usque
792 2071 832 2135 ad
855 2071 1016 2136 biennium
1033 2089 1051 2133 a
1067 2069 1128 2134 fine
1153 2071 1230 2135 dicti
1253 2071 1357 2135 ultimi
1380 2071 1500 2136 biennii
1517 2070 1751 2152 prorogacionis

243 2183 276 2240 et
306 2176 502 2240 extensionis
533 2176 610 2240 dicti
641 2175 876 2258 predecessoris
915 2171 1087 2238 Clementis
1103 2236 1105 2239 ,
1122 2175 1366 2255 computandum
1400 2192 1512 2238 vacare
1543 2174 1752 2256 contingeret,

242 2278 463 2360 percipiendos
494 2280 552 2343 sub
575 2279 829 2362 exceptionibus,
861 2279 971 2353 modis,
1003 2276 1112 2342 formis
1144 2282 1178 2341 et
1201 2278 1438 2343 condicionibus
1461 2279 1494 2342 in
1518 2278 1750 2360 reservacione‚

244 2384 459 2465 applioaciona
484 2401 519 2446 ac
544 2383 822 2465 prorogacionibus
846 2390 880 2447 et
901 2382 1142 2446 extensionibus
1162 2382 1298 2463 predicti
1316 2381 1490 2447 Clementis
1512 2382 1751 2463 predecessoris

244 2487 389 2569 superius
412 2487 609 2568 expressatis
629 2506 666 2550 ac
682 2487 714 2550 in
730 2487 1006 2569 supportacionem
1022 2486 1203 2551 huiusmodi
1219 2505 1349 2551 onerum
1366 2488 1596 2552 convertendos
1614 2488 1749 2584 auctori3

242 2597 308 2655 tate
333 2590 509 2672 apostolica
531 2591 676 2655 duximus
699 2591 918 2672 reservandos,
941 2609 1003 2654 non
1019 2591 1219 2655 obstantibus
1238 2591 1402 2673 premissis
1419 2597 1452 2654 et
1468 2590 1752 2656 constitutionibus

243 2693 408 2758 contrariis
432 2693 678 2775 quibuscunque.
703 2694 842 2774 Ideoque
866 2694 1053 2759 discrecioni
1077 2702 1132 2759 tue
1148 2713 1205 2777 per
1228 2694 1403 2776 apostolica
1419 2696 1537 2777 scripta
1554 2695 1754 2786 mandamus,

243 2798 390 2879 quatinus
409 2817 467 2880 per
489 2804 522 2863 te
546 2816 582 2861 ac
606 2799 702 2862 alium
724 2804 759 2861 et
781 2798 871 2877 alios,
901 2804 960 2876 tot,
984 2805 1062 2880 quot
1091 2805 1126 2863 et
1148 2799 1298 2880 quociens
1322 2799 1474 2880 expedire
1497 2799 1627 2881 videris,
1652 2799 1748 2881 depu-

243 2902 364 2983 tandos,
387 2902 568 2967 huiusmodi
590 2901 723 2984 fructus,
747 2903 891 2967 redditus
915 2910 949 2967 et
979 2907 1150 2984 proventus
1181 2904 1421 2967 canonicatuum
1460 2908 1495 2967 et
1516 2902 1752 2984 prebendarum

243 3025 300 3071 nec
317 3025 379 3071 non
396 3006 596 3089 dignitatum,
611 3013 848 3089 personatuum,
871 3005 1054 3088 officiorum,
1078 3006 1399 3083 administracionum,
1416 3006 1639 3071 beneficiorum
1655 3011 1690 3070 et
1705 3005 1751 3070 lo·

243 3128 347 3174 corum
371 3110 510 3192 ipsorum
534 3117 777 3187 reseruatorum,
802 3116 837 3174 ut
852 3110 1036 3193 predicitur,
1061 3115 1095 3174 et
1117 3128 1176 3193 per
1199 3128 1256 3174 nos
1272 3128 1329 3174 seu
1354 3111 1472 3174 dictum
1489 3111 1750 3193 predecessorem

245 3212 439 3278 Clementem
463 3215 648 3279 collatorum
672 3233 708 3278 ac
731 3232 870 3296 paruos
893 3212 975 3277 inira
999 3214 1158 3278 biennium
1179 3213 1439 3278 conferendorum
1455 3215 1633 3297 predictum
1656 3213 1750 3296 primi

243 3318 316 3381 amri
339 3317 520 3383 huiusmodi
544 3318 684 3384 civitatis
707 3325 741 3382 et
763 3317 900 3383 diocesis
924 3336 959 3381 ac
983 3318 1144 3400 provincie
1168 3317 1363 3401 [Pragonsis]
1395 3336 1452 3400 pro
1476 3323 1567 3399 parte
1591 3318 1676 3382 dicte
1699 3336 1749 3382 ca·

244 3439 328 3485 mere
351 3428 472 3503 petere,
496 3423 624 3503 exigere
648 3441 684 3486 ac
707 3423 850 3503 recipere
875 3422 971 3486 etad
995 3440 1151 3486 cameram
1174 3423 1274 3503 ipsam
1296 3423 1514 3486 transmittere
1532 3441 1600 3485 cnm
1618 3422 1749 3503 integri·

243 3533 309 3591 tate
340 3545 499 3608 procures,
534 3527 793 3608 contradictores,
827 3527 927 3590 eciam
958 3525 985 3588 si
1016 3524 1189 3607 pontificali
1224 3543 1280 3589 seu
1311 3526 1422 3605 quavis
1454 3525 1517 3589 alia
1547 3524 1751 3607 prefulgeant

244 3631 407 3714 dignitate,
439 3631 630 3696 auctoritate
653 3637 763 3696 nostra
784 3648 842 3711 per·
865 3647 1031 3693 censuram
1054 3630 1304 3694 ecclesiasticam
1328 3631 1542 3712 appellatione
1571 3630 1751 3712 postposita

244 3732 469 3817 compescendo
489 3787 496 3800 .
516 3786 522 3799 .
543 3787 550 3800 .
571 3786 577 3799 .
602 3735 667 3800 Nos
697 3736 781 3798 enim
812 3735 870 3800 tibi
905 3752 971 3812 eos,
1011 3753 1028 3797 a
1052 3734 1166 3813 quibus
1188 3733 1320 3811 frustm,
1350 3735 1494 3798 redditus
1517 3739 1551 3798 et
1574 3739 1749 3815 proventus

243 3837 421 3902 huiusmodi
443 3839 613 3921 receperis,
636 3839 820 3904 absolvendi
844 3838 986 3919 plenarie
1010 3843 1044 3901 et
1067 3838 1211 3917 quitandi
1235 3837 1274 3901 de
1298 3837 1360 3901 hiis
1389 3838 1552 3919 duntaxat,
1583 3856 1644 3918 que
1667 3838 1748 3902 reci-

244 3948 373 4024 pereto
397 3943 569 4025 continget,
599 3943 725 4025 plenam
748 3939 949 4008 concedimus
987 3948 1098 4006 tenore
1131 3941 1331 4023 presencium
1365 3947 1567 4022 potestatem.
1599 3943 1637 4006 D.
1665 3942 1749 4023 apud

244 4045 472 4110 Villamnouam
496 4047 722 4111 sulmonensis
746 4047 825 4112 dioc.
850 4047 912 4110 kal.
937 4046 1016 4110 Maii
1038 4067 1065 4110 a
1089 4047 1237 4111 secundo.

373 4250 438 4319 Reg.
457 4251 521 4305 Vat.
540 4259 604 4304 tom.
622 4255 673 4305 286
692 4251 737 4305 fol.
754 4257 802 4305 llo
820 4259 848 4305 et
862 4250 930 4305 1⁷7¹.
948 4281 981 4292 -
1006 4255 1030 4318 α)
1049 4250 1092 4315 ,ad
1113 4251 1330 4321 supportandum
1345 4283 1374 4290 —
1389 4268 1405 4305 a
1418 4251 1472 4305 fine
1485 4251 1619 4306 dictorum
1632 4251 1748 4305 duomm

242 4350 371 4389 annorum
390 4337 545 4391 ultimorum
563 4338 784 4408 computandum‘
802 4345 833 4392 ut
850 4338 879 4392 in
898 4354 937 4392 nr.
949 4346 972 4392 1.
987 4369 1011 4378 -
1026 4339 1102 4393 Haec
1113 4339 1207 4392 littera
1224 4347 1412 4394 reconstructa
1424 4346 1510 4393 estex
1527 4337 1749 4393 litteraJohanni

244 4422 275 4475 de
294 4423 462 4478 Castronovo
481 4425 612 4479 canonico
630 4425 759 4480 Trecensi
777 4425 917 4479 destinata
935 4433 962 4479 et
980 4425 1008 4477 in
1027 4425 1151 4494 registris
1170 4425 1230 4478 Vat.
1250 4431 1300 4478 236
1318 4425 1348 4479 in
1366 4425 1413 4479 fol.
1434 4432 1483 4479 175
1502 4426 1583 4494 plene
1602 4426 1749 4495 descripta.

244 4507 345 4562 Littera
363 4510 397 4564 ad
410 4511 563 4565 iohannem
577 4510 734 4565 Padnanum
747 4511 833 4566 missa
845 4511 1024 4579 sequentibus
1043 4520 1148 4567 tantum
1160 4511 1250 4565 uerbis
1269 4511 1303 4565 ad
1315 4511 1436 4566 litteram
1447 4513 1656 4581 praecedentem
1666 4511 1749 4581 perti·

244 4596 369 4650 nantibus
388 4596 417 4649 in
435 4596 481 4651 fol.
498 4593 556 4652 177¹
572 4597 703 4651 adnotata
722 4607 777 4653 est:
799 4600 882 4661 „Item
901 4599 930 4651 in
950 4614 972 4652 e.
991 4615 1025 4651 m.
1045 4598 1070 4652 d.
1090 4599 1107 4652 s.
1127 4599 1248 4652 Johanni
1267 4598 1340 4653 dicto
1359 4599 1489 4653 Paduano
1508 4600 1612 4654 decano
1632 4599 1748 4654 ecclesie

246 4681 477 4752 Wiesegradensie
495 4684 641 4754 Pragensis
660 4684 737 4750 dioc,
756 4685 908 4755 apostolice
927 4684 1001 4739 sedis
1019 4686 1120 4739 nuncio
1138 4686 1166 4738 in
1180 4701 1262 4753 regno
1275 4685 1410 4740 Boemie.“
1430 4688 1495 4740 Alia
1506 4687 1600 4740 littera
1614 4687 1641 4739 in
1652 4686 1749 4740 eodem

244 4769 321 4823 modo
340 4771 462 4825 Arnaldo
487 4771 521 4825 de
538 4770 694 4826 Lacaucina
717 4772 848 4827 canonico
867 4772 1042 4827 Gracoviensi
1066 4773 1204 4827 destinata
1222 4771 1282 4831 fuit.
1308 4774 1342 4827 ad
1368 4791 1448 4842 quam
1468 4788 1587 4841 sequena
1605 4771 1748 4828 adnotatio

245 4856 374 4923 pertinet:
396 4857 525 4919 „Dicatur
542 4859 570 4911 in
589 4859 643 4912 ista
660 4873 805 4927 regnorum
824 4859 936 4913 Polonie
955 4867 984 4913 et
1001 4860 1120 4928 Vngarie
1139 4875 1189 4928 pro
1208 4869 1286 4927 parte
1305 4859 1376 4914 dicte
1395 4876 1501 4915 camere
1520 4867 1586 4915 etc.“
