3944 6060
229 468 294 533 240
824 460 895 511 Acti
913 455 1065 511 innocentii
1083 454 1130 508 Vl.

229 675 320 739 6⁰1.
365 668 519 735 Nicotaus
542 668 709 734 Isiubordi
730 668 768 732 de
791 667 891 732 Lobiu
913 665 1084 751 supplicat,
1107 668 1261 746 quatenus
1282 663 1343 728 citi
1364 663 1402 727 de
1423 661 1568 744 beneficio
1589 661 1741 727 66615616-

399 776 477 839 atico
500 773 544 838 od
566 772 762 838 collationem
784 769 971 836 monosterii
992 767 1147 834 Lubeusis
1165 768 1343 849 pertinente
1362 766 1578 850 provideatur.

989 907 1086 990 Aput
1111 905 1238 969 Poutem
1259 905 1401 987 Sorpioe,
1423 905 1509 967 1357
1534 901 1620 969 Maii
1643 904 1697 971 10..

360 1104 526 1186 Supplicat
547 1101 587 1168 Sti
611 1102 665 1166 Vre
690 1103 824 1166 devotus
858 1106 965 1165 orator
995 1102 1102 1163 vester
1131 1094 1281 1160 Nicolaus
1311 1095 1469 1176 quondam
1500 1092 1676 1158 Ysinhardi
1700 1091 1742 1157 (16

231 1209 342 1290 Lobyu
364 1227 486 1290 pauper
507 1208 676 1290 presbyter
704 1204 979 1270 Wratislauieusis
1003 1202 1093 1282 dioc,
1126 1203 1284 1282 quatenus
1315 1199 1375 1265 sibi
1406 1198 1545 1280 graciam
1568 1196 1741 1273 facientes,

233 1312 273 1376 de
297 1311 402 1392 aliquo
426 1311 579 1375 beneficio
611 1309 828 1374 ecclesiastico
859 1327 929 1373 cum
952 1325 1028 1371 eura
1050 1305 1102 1370 vel
1125 1304 1193 1368 sine
1218 1321 1303 1381 cura,
1338 1306 1504 1384 spectante
1528 1301 1568 1365 ad
1591 1300 1743 1366 collacio-

234 1433 306 1479 nem
330 1421 392 1478 etc.
416 1415 540 1479 abbatis
563 1420 597 1477 et
620 1419 793 1478 conventus
816 1411 1002 1477 monasterii
1024 1408 1181 1475 Lubensis
1199 1405 1421 1471 Cistercicusis
1444 1405 1512 1471 ord.
1535 1405 1622 1469 dicte
1646 1404 1744 1479 dioc,

233 1519 260 1582 si
283 1519 367 1599 quod
392 1525 483 1582 vacat
506 1519 545 1582 ed
569 1534 702 1599 presens
725 1518 777 1582 vel
801 1535 871 1581 cum
893 1515 1064 1596 vacaverit,
1088 1511 1262 1594 dignemini
1285 1509 1534 1575 misericorditer
1555 1508 1740 1591 providere,

232 1641 302 1687 cum
325 1623 547 1704 acceptacione
571 1629 632 1687 etc.
655 1628 689 1686 et
712 1641 782 1687 cum
805 1621 949 1687 omnibus
972 1638 1034 1685 non
1058 1616 1259 1683 obstantibus
1282 1620 1316 1679 et
1338 1612 1489 1677 clausulis
1514 1613 1683 1694 oportunis
1704 1631 1743 1677 ac

232 1722 454 1791 executoribus
477 1732 513 1789 ut
535 1726 568 1788 iu
590 1725 697 1791 lerma.

362 1857 436 1920 Fiat
465 1856 502 1921 G.
525 1856 569 1919 Et
591 1855 661 1919 siue
691 1856 754 1920 alia
776 1856 924 1920 lectione.
970 1855 1042 1920 Fiat
1065 1858 1101 1922 G.
1148 1859 1185 1924 D.
1215 1861 1300 1939 apud
1323 1861 1454 1926 Pontem
1486 1856 1596 1938 Sorgie
1628 1855 1743 1922 115151-

233 1960 361 2025 onensis
385 1960 462 2024 dioc.
487 1959 530 2023 VI
553 1959 593 2024 id.
618 1960 696 2023 Maii
719 1979 747 2023 a.
771 1959 889 2040 quinto.

363 2147 395 2200 R.
413 2147 509 2216 Suppl.
527 2151 560 2199 27
580 2147 626 2200 fol.
647 2153 704 2200 118.

883 2307 1088 2318 —

233 2478 323 2546 602.
370 2477 501 2541 Nicotao
526 2477 687 2541 lsiubordi
710 2478 747 2540 de
771 2477 905 2561 Lobiu·)
929 2485 1109 2544 reservatur
1130 2481 1311 2562 beneficium
1334 2480 1578 2547 ecclesiasticum
1599 2500 1671 2546 cum
1694 2480 1744 2565 uei

234 2581 302 2645 siue
324 2601 411 2658 curu,
436 2585 614 2645 consuetum
644 2581 766 2646 clericis
794 2581 1013 2647 saecularibus
1047 2586 1217 2667 arripuero}
1252 2586 1340 2650 cuius
1363 2589 1497 2666 fructus
1527 2587 1570 2650 25
1591 2604 1676 2668 resp.
1700 2587 1745 2649 18

234 2704 418 2748 morcarum
440 2688 565 2767 arpenti
585 2685 724 2751 colorem
746 2706 886 2750 aunuum
908 2706 970 2751 uon
991 2689 1150 2771 excedant,
1185 2690 1228 2753 od
1251 2688 1449 2754 collationem
1470 2688 1596 2753 ubiuis
1618 2693 1650 2752 et
1672 2707 1744 2754 cori·

234 2792 343 2852 ueutus
366 2791 552 2853 monosterii
573 2789 727 2854 Lubeusis
746 2791 919 2872 pertinens,
941 2791 972 2855 si
986 2798 1081 2857 uacat
1094 2793 1142 2857 uel
1156 2813 1226 2857 curu
1240 2793 1408 2857 vacaverit.
1437 2793 1529 2872 „Vr-te
1543 2812 1582 2858 ac
1596 2794 1742 2856 morum“

239 2892 353 2973 „Apud
377 2894 506 2957 Pontem
537 2893 646 2977 Serpie
675 2893 899 2957 Auiuicneusis
929 2894 1007 2961 dioc.
1046 2897 1095 2959 VI
1110 2897 1153 2961 id.
1178 2898 1264 2961 Maii
1286 2918 1316 2960 α.
1340 2898 1476 2980 quinto.“
1512 2934 1555 2943 —
1590 2899 1630 2960 lu
1651 2918 1676 2961 e.
1701 2917 1745 2961 m.

236 2997 379 3078 episcopo
417 2996 656 3062 Vratislaoieusi
689 3003 719 3062 et
753 2997 861 3062 abbati
894 3000 1078 3064 monosterii
1111 3001 1139 3064 b.
1169 3001 1298 3067 Mariae
1330 3003 1366 3064 iu
1387 3001 1497 3066 Areua
1518 3005 1612 3066 extro
1634 3020 1743 3066 muros

442 3100 701 3166 l'retistauieuses
723 3122 761 3167 ec
783 3102 899 3166 decano
922 3101 1068 3201 ecclesiae
1097 3125 1122 3168 s.
1147 3102 1287 3184 Apricoli
1309 3103 1540 3170 Aoiuioueusis.

987 3240 1083 3325 Apud
1107 3245 1238 3308 Pontem
1261 3245 1404 3326 Stryme,
1430 3245 1512 3308 1357
1535 3243 1622 3308 Maii
1645 3247 1699 3309 10.

291 3222 388 3375 ,te

367 3428 397 3480 R.
417 3431 466 3480 Aa.
489 3435 535 3480 131
555 3428 599 3481 fol.
622 3436 686 3484 1314·Ι
707 3461 740 3470 -
766 3438 790 3496 ¹¹)
810 3430 965 3496 ,Ysinhardi
985 3431 1019 3484 de
1038 3431 1141 3500 Lobyn‘
1161 3433 1210 3483 Av.

238 3812 328 3876 603.
356 3810 470 3876 Gallus
493 3812 582 3873 l'elri
598 3811 636 3874 cte
653 3814 754 3876 Borelc
777 3814 947 3895 supplicat,
971 3819 1124 3897 quotenus
1145 3814 1207 3877 sibi
1229 3814 1266 3877 de
1289 3812 1431 3895 beneflcio
1454 3813 1681 3878 eoelestiostico
1706 3815 1754 3880 od

461 3913 657 3978 collationem
679 3917 908 3999 archiepiscopi
932 3919 1103 4000 Propensis
1119 3918 1296 3999 pertinente
1314 3917 1529 3999 provideatur.

1004 4056 1100 4140 Apud
1124 4056 1251 4120 Pontem
1273 4055 1413 4137 Serpioe,
1436 4056 1522 4119 1357
1545 4055 1631 4117 Maii
1654 4057 1708 4121 10.

370 4243 534 4325 Supplicat
557 4245 597 4309 Sti
621 4245 674 4309 V¹⁰
700 4247 810 4312 Gallus
844 4254 938 4312 natus
969 4247 1125 4328 quondam
1157 4246 1244 4310 Petri
1275 4247 1315 4311 de
1339 4245 1482 4319 Vorelr·t
1513 4245 1649 4310 clericus
1672 4244 1755 4311 Pra-

241 4347 348 4428 gensis
371 4348 460 4427 dioc,
486 4356 643 4430 quatenus
666 4351 727 4415 sibi
750 4352 887 4432 graciam
911 4351 1080 4433 specialem
1104 4350 1268 4427 iacientes,
1289 4351 1329 4415 <le
1351 4349 1504 4415 beneficio
1529 4348 1754 4417 ecclesiastico

242 4469 312 4515 cum
335 4471 409 4517 cura
431 4455 482 4518 vel
505 4454 574 4519 sine
598 4474 682 4537 cura,
706 4461 872 4537 spectante
884 4453 911 4536 ¹’)
945 4455 1153 4521 communiter
1175 4456 1226 4519 vel
1241 4455 1366 4520 divisim
1397 4454 1437 4518 ad
1460 4453 1667 4519 collusionem
1690 4461 1756 4526 etc.

243 4556 472 4640 archiepiscopi
496 4560 673 4642 l'ragensis,
696 4560 723 4624 si
747 4560 829 4640 quod
854 4565 946 4624 vacat
968 4560 1008 4623 ad
1031 4576 1164 4641 presens
1198 4558 1249 4622 vel
1280 4559 1508 4640 quamprimum
1530 4575 1646 4624 vacare
1677 4577 1755 4625 eon·

242 4659 361 4741 tigerit,
396 4662 500 4726 eidem
523 4664 696 4745 dignemini
725 4663 974 4729 misericorditer
1004 4662 1180 4744 providere,
1198 4680 1268 4726 cum
1291 4662 1512 4744 acceptatione
1536 4667 1597 4727 etc.
1621 4667 1753 4728 etcum

244 4762 316 4826 aliis
340 4764 490 4830 clausulis
513 4773 547 4830 et
569 4767 800 4850 executoribus,
825 4773 861 4832 ut
884 4767 916 4832 iu
940 4765 1047 4830 forma.

373 4896 446 4959 Fiat
458 4896 495 4961 Gr.
509 4898 552 4961 Et
568 4898 652 4977 quod
664 4904 807 4963 transeat
820 4898 888 4962 siue
901 4896 965 4960 alia
976 4895 1126 4960 leccione.
1140 4896 1213 4959 Fiat
1226 4895 1262 4959 G.
1280 4897 1318 4958 1).
1331 4896 1414 4977 apud
1427 4895 1560 4960 Pontem
1576 4894 1689 4978 Sergio
1708 4895 1753 4960 v1

244 4999 284 5064 id.
309 4999 385 5063 Maii
410 5019 437 5064 a.
462 5001 580 5080 quinto.

374 5190 405 5244 R.
425 5189 519 5257 Suppl.
536 5151 570 5242 11
590 5189 637 5243 lol.
658 5193 716 5244 118.
734 5219 766 5228 -
788 5191 812 5255 3)
831 5188 955 5258 Corripe:
974 5188 1090 5255 ‚Borek‘.
1114 5189 1139 5255 b)
1158 5191 1305 5257 ‚spectans‘
1323 5187 1419 5257 Suppl.
