3944 6060
166 404 169 410 ⁴
231 430 335 496 xxm

363 639 392 701 6.
416 635 679 716 Dispensatioaes
715 632 1076 712 deprimebamur
1098 631 1224 711 defectu
1244 631 1402 695 natalium
1423 653 1486 697 aaa
1518 631 1658 698 obstame
1690 633 1733 697 ad

230 760 337 805 sacrm
349 740 473 803 ordinas
493 740 668 817 promoueri
686 737 822 821 possint,
846 742 902 799 aut
924 735 1056 800 lormarn
1078 735 1210 799 litterae
1233 735 1393 817 gratiosae
1418 742 1473 801 aut
1495 735 1626 801 lormam
1648 755 1735 801 man·

231 844 298 909 dati
321 842 547 908 executoribus
570 842 735 924 destinati,
758 846 794 906 nt
816 840 953 920 aliquem
977 839 1174 921 dispensent,
1197 839 1460 921 complectuntur.
1483 840 1585 907 Unico
1604 860 1735 906 nurnero

232 950 334 1029 (958),
350 966 411 1029 quo
425 947 609 1012 Leonardus
623 945 790 1011 Wernheri
807 963 904 1028 super
915 943 1041 1008 defectu
1057 943 1210 1007 natalium
1223 944 1436 1027 dispensatur,
1453 950 1489 1009 ut
1500 965 1596 1010 nuum
1609 947 1661 1010 rel
1673 946 1735 1010 duo

232 1051 392 1118 beneficia
414 1049 632 1114 ecclesiastica
654 1050 798 1132 recipere
821 1050 937 1121 valeat,
962 1054 1105 1131 excepto,
1136 1067 1245 1114 omnes
1269 1049 1525 1131 dispensationes
1555 1069 1651 1131 super
1684 1051 1736 1115 de·

231 1157 317 1222 lectu
339 1156 493 1220 natalium
516 1155 548 1219 iu
569 1154 628 1220 hoc
651 1161 736 1221 tomo
759 1155 844 1237 typis
868 1155 962 1217 datae
985 1152 1126 1218 mandati
1149 1152 1281 1218 formam
1304 1153 1432 1219 habent.
1478 1154 1626 1219 Narratio
1649 1174 1735 1219 man-

232 1261 299 1326 dati
321 1259 501 1325 huiusmodi
524 1277 582 1324 uos
605 1259 645 1323 de
668 1257 795 1323 deiectu
818 1257 981 1338 natalium,
1004 1274 1097 1338 qoem
1121 1254 1236 1337 aliquis
1263 1258 1321 1332 „de
1338 1258 1525 1340 presbytero
1549 1258 1678 1340 genitus
1701 1263 1736 1322 et
1792 1278 1794 1280 ·

231 1366 362 1446 soluta“
392 1364 450 1440 „de
474 1362 642 1444 coniugato
665 1364 792 1444 genitus
816 1368 850 1425 et
873 1360 1005 1430 soluta“
1039 1367 1073 1424 et
1105 1359 1262 1442 similiter,
1296 1361 1427 1443 patitur,
1451 1367 1484 1426 et
1515 1361 1554 1425 de
1578 1362 1735 1444 supplica-

231 1470 318 1533 tione
340 1468 410 1532 eius
433 1467 587 1531 certiores
610 1466 695 1531 facit.
742 1464 775 1530 Si
809 1465 880 1545 quis
903 1464 1001 1529 tacito
1025 1463 1152 1528 defectu
1173 1464 1337 1546 praedicto
1360 1466 1539 1531 clericalem
1573 1473 1735 1531 tonsuram

231 1579 265 1637 et
286 1572 425 1636 minores
448 1570 576 1635 ordines
599 1569 749 1651 suscepit
771 1569 805 1633 in
828 1567 1061 1653 supplicatione
1084 1567 1154 1632 eius
1190 1568 1288 1633 etiam
1321 1588 1378 1650 pro
1413 1570 1653 1651 dispensatione
1690 1570 1730 1633 de

231 1676 289 1740 tali
311 1675 511 1740 inhabilitate
534 1675 664 1757 petitur,
688 1691 750 1754 qua
773 1674 813 1737 de
836 1690 871 1737 re
894 1673 928 1737 in
952 1672 1133 1737 narratione
1156 1673 1297 1738 mandati
1320 1674 1438 1738 mentio
1462 1673 1509 1738 lit.

363 1796 482 1861 Verba:
510 1795 739 1878 „supplicavit
755 1848 761 1859 .
776 1842 802 1858 ..
827 1794 910 1875 quod
933 1793 1113 1859 huiusmodi
1137 1792 1264 1857 deiectu
1295 1798 1344 1876 (et
1366 1795 1438 1859 aliis
1461 1795 1647 1877 praedictis)
1669 1813 1732 1860 noa

233 1903 380 1966 obstante
403 1900 507 1982 possit
530 1899 576 1979 (in
600 1899 758 1982 susceptis
781 1900 945 1964 ordinibus
968 1898 1150 1963 ministrare
1174 1899 1219 1980 et)
1255 1898 1296 1963 ad
1319 1917 1427 1964 omnes
1451 1900 1578 1964 ordines
1614 1902 1737 1980 (omnes

233 2004 414 2087 superiores
438 2003 580 2077 ordines)
615 2003 792 2085 promoveri
827 2008 861 2067 et
896 2002 1149 2066 ecclesiasticum
1184 2000 1370 2067 beneficium
1395 2005 1551 2075 obtinere,
1588 2003 1737 2068 etiamsi

233 2128 339 2173 curam
362 2107 480 2173 habeat
502 2108 686 2190 animarum,
712 2108 897 2190 dispensare
920 2107 1171 2173 misericorditer
1193 2106 1414 2188 dignaremur⁸⁴
1433 2109 1580 2191 proprius
1596 2106 1737 2171 mandati

233 2219 325 2277 tenor
349 2212 508 2292 sequitur:
547 2211 758 2291 „mandamns
792 2215 951 2290 quatenus
969 2211 1179 2275 consideratis
1203 2209 1375 2291 diligenter
1397 2211 1644 2275 circumstantiis
1667 2210 1736 2274 uui·

233 2317 345 2396 versis,
380 2335 460 2396 quae
485 2316 569 2379 circa
592 2315 800 2380 idoneitatem
823 2331 979 2395 personae
1009 2313 1128 2379 fuerint
1162 2316 1387 2389 attendendae,
1423 2315 1450 2379 si
1473 2315 1578 2379 dictus
1601 2314 1736 2378 clericus

234 2419 313 2483 alias
337 2419 380 2483 sit
400 2419 533 2486 idoneus
557 2438 615 2484 nec
638 2419 681 2482 sit
703 2423 856 2501 pateruae
880 2419 1130 2484 incontinentiae
1162 2418 1313 2500 imitator,
1338 2419 1396 2483 sed
1418 2419 1519 2483 bonae
1544 2417 1735 2483 couversati-

234 2522 304 2588 onis
327 2529 360 2587 et
383 2523 476 2605 vitae,
510 2523 635 2604 aliaque
659 2523 720 2587 sibi
751 2523 865 2588 merita
889 2522 1103 2605 suffragentur
1125 2524 1165 2587 ad
1187 2523 1367 2607 huiusmodi
1391 2524 1642 2606 dispensationis
1667 2542 1736 2606 gra·

234 2626 311 2690 tiam
335 2627 550 2705 obtinendam,
584 2645 690 2692 secum
730 2646 826 2710 super
859 2627 1043 2710 praemissis
1078 2629 1269 2693 auctoritate
1300 2634 1409 2694 nostra
1432 2629 1608 2711 dispenses,
1643 2633 1738 2710 prout

233 2731 405 2797 secuudum
428 2732 522 2796 deum
546 2733 669 2796 animae
693 2751 770 2797 suae
794 2733 891 2797 saluti
915 2732 1033 2796 videris
1056 2733 1240 2815 expedire“.
1257 2730 1359 2813 (Geni.
1377 2732 1461 2798 Mon.
1479 2732 1584 2798 Vati
1606 2750 1652 2797 nr.
1671 2731 1738 2814 21.)

364 2853 506 2917 litterae
531 2856 589 2916 sub
613 2873 657 2917 nr.
682 2855 768 2918 4-6
791 2854 972 2919 nominatae
1006 2854 1116 2935 paucis
1148 2854 1291 2935 exceptis
1321 2854 1459 2934 regestis
1490 2854 1592 2918 solum
1615 2855 1648 2918 in
1671 2851 1738 2917 edi·

234 2957 322 3022 horre
346 2962 455 3022 nostra
479 2957 564 3039 typis
588 2958 820 3021 describuntur.

365 3114 392 3177 7.
417 3112 680 3194 Dispensationcs
701 3133 797 3195 super
819 3113 936 3177 aetatis
967 3114 1091 3192 defectu
1121 3116 1151 3174 at
1183 3135 1278 3194 super
1300 3115 1552 3196 irreputaritaris
1574 3113 1622 3178 oct
1644 3113 1736 3177 iabo-

235 3215 370 3279 bilr'tatr's
392 3214 529 3284 memte.
567 3214 704 3297 Siquis,
740 3218 877 3281 inondum
912 3207 1050 3282 aetatem
1073 3217 1248 3299 legitimam
1272 3226 1446 3295 assecutus,
1471 3218 1657 3283 beneficium
1681 3218 1737 3282 ali·

236 3322 319 3401 quod
343 3320 593 3384 ecclesiasticum
624 3321 797 3403 impetrare
822 3322 931 3403 voluit,
965 3341 984 3385 a
1018 3322 1094 3388 sede
1129 3323 1304 3404 apostolica
1338 3323 1609 3406 dispensationem
1642 3340 1739 3405 super

236 3423 417 3489 huiusmodi
440 3424 558 3488 aetatis
589 3424 715 3489 defectu
747 3425 851 3506 petiit.
898 3425 1049 3489 Clausala
1082 3425 1331 3508 dispensationis
1365 3427 1398 3490 in
1432 3425 1612 3491 huiusmodi
1636 3426 1740 3508 gratia

236 3528 331 3593 huius
354 3533 405 3591 est
429 3528 565 3592 tenoris:
591 3535 715 3606 „tecum
739 3536 775 3593 ut
797 3528 983 3594 beneficium
1007 3529 1072 3594 tale
1074 3578 1168 3607 .....
1193 3529 1321 3595 defectu
1345 3530 1470 3609 aetatis,
1495 3549 1587 3611 quern
1604 3530 1738 3612 pateris,

239 3632 271 3696 iu
295 3632 413 3696 aetatis
437 3637 512 3696 tuae
536 3651 617 3698 auno
640 3633 699 3697 tali
723 3635 916 3699 constitutus
917 3679 1010 3716 .....
1034 3651 1097 3699 nou
1114 3636 1270 3717 obstante,
1292 3640 1421 3716 (tecum,
1438 3635 1492 3716 qui
1508 3635 1605 3698 talem
1622 3632 1739 3698 aetatis
1821 3689 1824 3695 .

237 3741 312 3800 tuae
336 3754 452 3799 annum
475 3736 736 3817 complevisti...
753 3785 758 3797 .
784 3756 880 3819 super
902 3737 1082 3803 huiusmodi
1113 3739 1230 3804 aetatis
1254 3738 1379 3803 defectu
1394 3791 1400 3802 .
1416 3791 1422 3803 .
1438 3790 1445 3803 .
1461 3787 1477 3814 .,
1513 3738 1597 3819 quod
1620 3735 1738 3803 benefi-

238 3839 320 3903 cium
344 3839 423 3920 tale)
445 3838 548 3904 libera
569 3841 712 3922 recipere
748 3860 783 3904 ac
816 3842 905 3905 licite
939 3841 1079 3905 retinere
1111 3842 1228 3920 valeas,
1269 3841 1459 3907 auctoritate
1494 3842 1669 3923 apostolica
1699 3841 1739 3904 de

239 3943 369 4025 speciali
393 3942 496 4025 matis
519 3944 773 4026 dispensamus“.
798 3943 901 4025 (Cous.
926 3944 1009 4010 Mon.
1033 3943 1104 4008 Vat
1128 3945 1143 4008 1
1166 3964 1212 4009 ur.
1238 3946 1326 4026 596.)
1350 3943 1383 4010 Si
1406 3947 1477 4027 quis
1500 3948 1598 4009 tacito
1622 3944 1740 4009 aetatis

239 4046 290 4110 vel
312 4046 466 4110 natalium
490 4047 617 4113 delectu
641 4048 693 4112 vel
722 4048 1007 4130 irregulariter-
1031 4047 1072 4112 ad
1095 4065 1201 4113 sacros
1235 4048 1363 4114 ordines
1397 4068 1459 4114 nou
1493 4054 1665 4131 promotus,
1700 4048 1740 4111 ad

240 4167 347 4214 sacros
370 4149 499 4214 ordines
523 4153 561 4217 ab
585 4151 648 4216 alio
671 4170 764 4232 quam
787 4153 849 4216 loci
872 4152 1042 4216 diocesano
1065 4156 1237 4233 promotus,
1262 4153 1479 4216 reservatione
1503 4151 1676 4234 apostolica
1690 4151 1741 4215 vel

239 4254 309 4317 iure
332 4253 780 4339 alicuinsalteriuspersonae
804 4255 981 4320 obsistente
997 4261 1058 4318 etc.
1083 4290 1124 4300 -
1148 4254 1337 4320 beneficium
1351 4255 1477 4336 aliquod
1490 4254 1741 4321 ecclesiasticum

240 4357 363 4438 recepit
386 4363 419 4422 et
443 4366 564 4423 certum
588 4365 714 4441 tempus
737 4359 889 4441 possedit,
923 4359 1041 4423 assde
1077 4359 1252 4440 apostoliea
1282 4360 1313 4423 ei
1344 4359 1542 4441 dispensatio
1567 4360 1606 4424 de
1629 4359 1742 4423 huius-

240 4461 325 4524 modi
348 4461 668 4543 irregularitatis·vel
691 4462 904 4528 inhabilitatis
927 4463 1049 4527 macula
1073 4462 1274 4543 impetranda
1296 4461 1367 4527 fuit.
1402 4463 1439 4527 ln
1462 4464 1646 4528 narratione
1667 4462 1743 4528 talis

241 4565 371 4628 litterae
395 4564 554 4645 gratiosae
589 4566 629 4632 de
662 4567 755 4632 modo
789 4566 1000 4631 inhabilitatis
1031 4566 1173 4648 petentis
1196 4567 1414 4647 comperimus.
1458 4568 1592 4634 Verbis:
1620 4567 1743 4647 ¹‚Quare

242 4667 333 4732 nobis
356 4667 520 4733 humiliter
542 4670 739 4752 supplicasti,
774 4675 811 4735 ut
832 4671 999 4751 providere
1023 4669 1082 4734 tibi
1113 4676 1147 4734 et
1176 4670 1275 4735 statui
1299 4677 1354 4736 tuo
1377 4688 1474 4753 super
1496 4671 1680 4753 praemissis
1703 4671 1744 4735 de

243 4771 441 4853 benignitate
464 4774 640 4855 apostolica
663 4775 883 4856 dignaremur“
909 4773 961 4837 vel
983 4774 1139 4839 similibus
1172 4774 1283 4838 littera
1318 4775 1393 4839 talis
1427 4774 1468 4839 ad
1502 4774 1744 4857 dispositionem

242 4876 337 4940 huius
360 4877 480 4941 tenoris
503 4877 635 4943 transit:
673 4879 757 4959 „Nos
780 4879 879 4961 igitur
901 4877 1046 4943 volentes
1077 4884 1109 4942 te
1133 4877 1283 4959 prosequi
1305 4877 1466 4944 favoribus
1488 4878 1647 4959 gratiosis,
1677 4877 1744 4942 tuis

244 4978 530 5060 supplicationibus
552 4981 706 5062 inclinati,
741 5000 864 5046 omnem
895 4980 1108 5046 inhabilitatis
1139 4985 1174 5045 et
1195 4979 1345 5045 infamiae
1368 4980 1524 5045 maculam
1546 4981 1613 5046 sive
1636 4984 1745 5046 notam

244 5088 357 5163 perte
380 5084 626 5163 praemissorum
650 5086 814 5150 occasione
838 5090 1031 5149 contractam
1067 5084 1258 5149 auctoritate
1283 5084 1460 5166 apostolica
1482 5085 1675 5150 abolemus‘¹.
1710 5081 1745 5148 Si

243 5185 384 5249 litteram
419 5187 589 5269 accipienti
623 5188 808 5253 beneficium
843 5188 1025 5253 huiusmodi
1058 5188 1281 5253 dimittendum
1315 5193 1394 5263 erat,
1433 5188 1466 5252 iu
1500 5186 1562 5252 fine
1600 5188 1743 5253 additur:

248 5288 419 5370 „Volumus
442 5296 556 5369 tamen,
581 5293 665 5373 quod
688 5293 806 5356 dictum
829 5292 1016 5358 beneficium
1039 5292 1170 5357 realiter
1182 5296 1217 5356 et
1229 5291 1355 5357 omuino
1379 5292 1550 5358 dimittas.“
1578 5292 1679 5375 (Conl.
1696 5311 1743 5358 nr.
