3944 6060
248 381 314 445 538

252 595 406 652 Benedicti
429 606 516 651 natus
539 595 647 668 Haym.
675 595 907 669 (Heinricus?),
929 615 976 653 ca-

307 681 450 738 stellanus
470 682 505 738 de
525 682 691 754 Vissegrad
709 697 773 756 455.

247 768 343 824 —de
364 757 454 826 Zatcc
478 768 656 826 Franciscus
676 789 702 825 v.
725 758 824 826 Zatec.

250 854 432 912 Benedictus
453 855 517 922 XI,
539 874 614 927 papa
633 871 696 928 297.

250 941 434 998 Benedictus
452 942 535 1008 XII.‚
555 961 632 1014 papa
652 958 677 1005 2,
698 958 742 1009 20,
763 959 808 1010 21,
832 958 892 1015 107,
916 961 976 1013 114,

310 1027 370 1094 116,
395 1043 455 1100 150,
480 1042 541 1100 152,
566 1029 626 1095 186,
652 1029 712 1101 187.
816 1064 819 1069 ·

251 1114 432 1172 Benedictus
463 1116 580 1172 Nicolai
611 1118 646 1172 de
676 1117 755 1173 Alba
785 1117 919 1173 Ecclesia
949 1137 976 1172 v.

308 1201 445 1260 Ecclesia
465 1202 552 1259 Alba.

248 1320 287 1329 —
308 1288 457 1345 Fridericl
478 1309 504 1345 v.
530 1289 684 1348 Friderici.

248 1407 289 1416 —
309 1375 493 1431 Frumentini
529 1396 555 1432 v.
590 1376 784 1432 Fromentini.

248 1511 288 1520 -
308 1479 332 1534 F
335 1480 452 1535 riderici
472 1480 596 1535 Bohemi
615 1480 686 1536 dicti
703 1482 739 1536 de
756 1481 859 1536 Padua
877 1500 902 1535 v.
921 1478 973 1534 Pa·

307 1568 373 1623 dua.

213 1708 215 1711 ,
248 1654 406 1710 —dictus
434 1653 594 1709 Benessius
621 1655 657 1710 de
685 1643 815 1710 Zdanicz
845 1673 871 1709 v.
900 1642 977 1710 Zda-

308 1741 382 1796 11111.

251 1826 462 1885 Β1111111111111
510 1827 754 1894 (Beneschower,
799 1828 977 1892 Benssaucr,

309 1913 512 1986 Benessauer)
548 1914 722 1974 Henslinus.
751 1915 827 1970 civis
857 1923 886 1970 et
915 1930 978 1968 sca-

308 2002 394 2057 binus
424 2001 585 2072 Pragensis
614 2001 678 2072 498,
709 1999 777 2071 506;
807 2018 884 2058 uxor
913 2000 977 2055 eius

307 2088 399 2144 Anna
422 2088 484 2160 506.

252 2174 387 2232 Benessii
412 2175 550 2247 (Bensii)
575 2175 690 2240 Petrus,
712 2175 874 2244 Piragensis
892 2175 977 2241 dioc,

308 2263 410 2333 capell.
440 2263 547 2317 Annae
576 2261 784 2332 imperatricis,
815 2270 884 2319 rect.
915 2277 977 2331 par.

308 2351 414 2405 ecclac.
438 2351 473 2405 de
496 2348 615 2406 Ocihov
637 2349 798 2420 Pragensis
821 2349 906 2416 dioc,
929 2366 977 2403 ca-

304 2435 373 2506 pell.
410 2453 430 2491 s.
459 2434 575 2491 Nicolai
613 2437 642 2490 in
677 2444 776 2491 monte
801 2434 977 2507 Vissegrad,

308 2540 371 2577 can.
393 2540 459 2592 exp.
482 2541 524 2592 pr.
546 2522 652 2580 ecclae.
677 2521 824 2587 Sacensis,
847 2540 911 2578 can.
933 2537 977 2591 pr.

307 2609 413 2665 ecclae.
439 2609 679 2680 Visegradensis,
705 2608 843 2664 scholast.
870 2608 977 2664 ecclae.

309 2696 541 2752 Boleslaviensis
560 2695 721 2767 Pragensis
739 2696 814 2752 dioc.
835 2711 895 2767 143,
916 2709 977 2767 145,

307 2799 465 2855 401-403,
491 2797 554 2855 405·
637 2846 654 2871 „

253 2886 414 2942 Benessius
439 2888 474 2942 de
499 2886 637 2941 Kravale
662 2906 689 2942 v.
715 2885 860 2942 Kravaie.

250 2972 344 3029 --de
371 2973 572 3044 Wartenberg
597 2993 623 3030 v.
651 2971 859 3042 Wartenberg.

250 3090 290 3099 -
310 3058 445 3114 Benessii
475 3060 510 3115 dc
540 3058 692 3113 Weitmile
722 3078 747 3112 1.
779 3056 940 3112 ll'eitmile.

250 3176 290 3187 —
309 3147 346 3202 dc
365 3133 495 3201 Zdanicz
516 3164 542 3201 v.
564 3134 703 3200 Zdanicz.

253 3247 467 3313 Beneventum,
490 3247 672 3312 Benevento,
694 3247 781 3305 ltalia
806 3247 979 3317 (Beneuen-

309 3342 348 3400 to,
373 3332 640 3405 Beneventanust:
665 3333 824 3389 archidiac.
851 3331 892 3398 18,
914 3330 978 3402 376.

250 3418 475 3475 —Guilelmus
498 3420 542 3482 de.
566 3418 669 3491 capell.
692 3437 794 3490 papae,
817 3415 978 3474 archidiac.

309 3508 346 3564 de
365 3507 509 3564 Ardenua
532 3508 561 3562 in
585 3508 673 3564 eccla.
696 3506 854 3562 Leodiensi
880 3519 940 3577 133.

253 3594 443 3650 Beneventus
466 3595 501 3650 de
523 3593 617 3649 Utino
640 3612 666 3649 v.
690 3592 825 3650 Utinum.

254 3696 399 3769 Benigna,
439 3713 516 3750 uxor
555 3695 673 3751 Nicolai
714 3694 909 3750 Rokczanerii
950 3711 978 3747 v.

309 3783 540 3840 Rokczanerius

253 3869 407 3941 Benignus
431 3869 469 3936 S..
493 3869 522 3924 S.
545 3868 679 3940 Benigne
701 3868 736 3924 de
758 3867 862 3939 Dijon,
885 3866 978 3920 Fran·-

309 3957 371 4012 cia:
397 3966 521 4011 monast.
547 3956 610 4010 ord.
638 3974 659 4010 s
688 3952 841 4009 Benedicti
868 3951 978 4023 Lingo-

308 4043 410 4098 nensis
432 4043 523 4097 dioc:
547 4041 627 4096 abb:
651 4041 757 4096 Petrus
780 4056 841 4109 400.

253 4129 361 4185 Benini
389 4128 528 4194 Michael,
555 4146 618 4186 can,
645 4127 751 4182 ecclae.
779 4125 980 4198 Lingonensis

309 4214 372 4285 463-

254 4301 382 4357 Bcnsius
404 4321 430 4355 v.
453 4299 621 4355 Benessius.

254 4401 354 4458 Berka
385 4402 505 4474 Hynlro,
536 4421 600 4457 can.
633 4401 725 4473 regul.
758 4410 883 4457 monast.
916 4400 978 4456 ord.

311 4507 332 4546 s.
356 4488 519 4560 Augustini
546 4489 743 4544 Rudnicensis
767 4488 812 4560 87,
836 4487 881 4544 88.

254 4575 505 4646 Berchtesgaden,
533 4574 679 4631 Bavaria:
706 4573 794 4631 eccla.
823 4574 979 4631 Salzebur-

310 4662 409 4733 gensis
440 4662 532 4719 dioc:
563 4680 697 4733 praepos.
726 4661 772 4732 48.

254 4763 452 4820 Berchtoldus
483 4784 508 4821 v.
539 4764 727 4820 Bettholdus.

254 4850 416 4924 Bergensis
438 4872 465 4908 v.
489 4851 596 4923 Brega.

255 4937 367 4994 Berlini
404 4938 564 5010 Johannes
602 4949 672 4994 rect.
710 4956 771 5009 par.
797 4938 906 4993 ecclae.
944 4937 979 4993 de

311 5023 404 5080 Grecz
438 5025 599 5095 Pragensis
629 5025 713 5088 dioc,
744 5042 807 5079 can.
839 5042 904 5094 exp.
936 5040 978 5094 pr.

311 5111 417 5166 ccclae.
440 5111 648 5168 Olomucensis
669 5126 732 5183 471.

255 5195 409 5252 Bernabos
441 5197 477 5253 de
509 5197 742 5253 Vicecomitibus
785 5215 811 5253 v.
855 5195 979 5252 Viceco-

310 5281 405 5338 mites.

811 390 965 448 Benedicti
994 421 1034 429 —

1063 392 1198 449 Bescano

1032 598 1204 655 Bernardus
1241 600 1483 673 (Bernhardus),
1515 602 1559 659 tit.
1592 622 1614 660 s.
1648 603 1762 660 Eusta-

1087 686 1145 741 chii
1171 686 1245 742 diac.
1270 687 1350 744 card.
1378 704 1439 745 110.

1028 803 1067 811 —
1088 771 1234 829 Busconis
1258 774 1294 829 de
1320 773 1493 830 Bemarticz
1518 795 1546 832 v.
1572 775 1762 834 Bernarticz.

1029 891 1068 900 -
1086 860 1123 915 de
1145 859 1242 917 Berne
1263 880 1289 917 v.
1311 861 1417 917 Berne.

1030 977 1068 984 —
1088 945 1249 1001 Wernheri
1281 948 1316 1003 de
1348 947 1589 1004 Erdmannsdori
1619 967 1647 1006 v.
1681 949 1763 1005 Erd-

1087 1032 1272 1090 mannsdorf.

1030 1150 1068 1159 -
1089 1119 1229 1175 Fulconis
1251 1140 1277 1176 v.
1301 1120 1451 1178 Fulconis.

1030 1237 1068 1245 -
1088 1205 1225 1262 Melioris
1250 1226 1278 1262 v.
1306 1207 1452 1266 Melioris.

1029 1292 1122 1347 —de
1143 1292 1285 1348 Nexonio
1302 1313 1330 1350 v.
1351 1293 1532 1350 Nexonium.

1033 1379 1212 1446 Bernardus,
1233 1397 1292 1450 eps.
1306 1379 1460 1435 Plocensis
1478 1395 1549 1452 409;
1567 1389 1665 1438 notar.
1677 1381 1760 1438 eius':

1089 1465 1219 1521 Michael
1245 1469 1281 1523 de
1307 1465 1469 1537 Oswiecim
1494 1482 1558 1539 409.

1029 1584 1067 1593 -
1089 1553 1266 1623 Rinsgstede
1294 1573 1319 1608 v.
1347 1552 1534 1625 Rinsgstede.

1033 1653 1204 1710 Bemardus
1229 1654 1450 1726 [Svidhicensis
1470 1653 1487 1722 †
1510 1655 1607 1727 1326],
1627 1654 1690 1711 dux
1711 1652 1760 1710 Si·

1087 1740 1178 1796 lesiae
1194 1741 1265 1809 4⁶⁰3
1286 1740 1395 1797 fratres
1413 1741 1492 1798 eius:
1513 1740 1608 1798 Bolko
1625 1751 1654 1798 et
1673 1739 1759 1798 Hen-

1088 1827 1167 1882 ricus
1184 1837 1213 1883 et
1230 1845 1315 1883 soror
1331 1829 1394 1884 eius
1411 1829 1510 1894 Anna,
1528 1826 1678 1884 abbatissa
1694 1843 1759 1883 rno-

1088 1925 1163 1971 nast.
1190 1914 1384 1970 Strelinensis
1405 1913 1468 1982 460.

1029 2031 1068 2039 —
1089 1999 1232 2071 Stephani
1256 2020 1283 2057 v.
1309 1998 1462 2071 Stephani.

1029 2086 1124 2143 -de
1144 2075 1245 2149 Udini,
1268 2086 1332 2144 abb.
1356 2086 1509 2156 Siloensis,
1531 2107 1557 2143 v.
1580 2075 1680 2143 Udini.

1032 2173 1215 2242 Bernarticz,
1263 2173 1416 2239 Bohemia‚
1462 2173 1545 2230 distr.
1593 2173 1758 2229 Milevsko·

1088 2270 1104 2310 1
1133 2259 1340 2317 Miihlhansen
1373 2258 1597 2331 (Bernatiezlzs
1625 2259 1757 2316 Bemar·

1087 2346 1151 2412 duS,
1183 2355 1270 2402 natus
1302 2346 1409 2403 nobilis
1442 2346 1498 2401 viri
1532 2345 1681 2402 Busconis
1712 2344 1759 2411 de,

1087 2431 1183 2503 presb.
1202 2432 1363 2504 Pragensis
1381 2432 1465 2498 dioc,
1483 2441 1553 2488 rect.
1570 2448 1632 2504 par.
1649 2431 1759 2489 ecclae.

1088 2519 1123 2575 de
1143 2519 1245 2575 Priicz
1265 2519 1426 2590 Pragensis
1444 2519 1519 2575 dioc.
1542 2533 1602 2591 172,
1623 2533 1684 2591 173.

1032 2606 1138 2673 Reme,
1160 2605 1336 2677 Oldenburg
1351 2604 1419 2677 [?]:
1443 2605 1616 2661 Bernardus
1636 2605 1675 2661 de
1693 2618 1759 2675 310.

1033 2693 1200 2750 Bernhardi
1232 2711 1253 2750 s.
1286 2695 1335 2749 alt.
1368 2692 1398 2747 in
1430 2692 1520 2751 eccla.
1551 2691 1697 2763 Pragensi
1730 2710 1758 2747 v.

1089 2779 1195 2851 Praga.

1033 2865 1226 2921 Bernhardus
1248 2884 1274 2921 v.
1297 2864 1477 2921 Bernardus.

1033 2952 1191 3008 Benroicus
1214 2972 1240 3008 v.
1264 2951 1417 3009 Bervicus

1033 3038 1188 3094 Bertholdi
1243 3036 1443 3108 (Berchtuldi,
1494 3034 1667 3108 Pertholdi)
1723 3034 1761 3090 de

1089 3124 1213 3181 Brunna
1235 3125 1342 3181 Petrus
1364 3145 1391 3180 v.
1415 3123 1547 3181 Brunna.

1030 3213 1126 3268 -de
1150 3209 1262 3267 Cunicz
1286 3211 1439 3283 Johannes
1464 3230 1492 3266 v.
1518 3208 1640 3266 Cunicz.

1030 3329 1069 3338 -
1089 3297 1124 3354 de
1157 3297 1360 3369 Rouchovany
1393 3296 1529 3352 Briccius
1560 3315 1588 3354 v.
1620 3295 1760 3351 Roucho·

1089 3402 1174 3443 vanv.

1030 3503 1069 3511 —
1089 3469 1215 3527 Zuftraz
1257 3470 1292 3526 de
1335 3469 1495 3541 Teymania
1535 3468 1689 3541 Johannes
1732 3487 1762 3523 v.

1088 3557 1257 3629 Teymaria.

1032 3641 1264 3699 Benhotdsdort
1286 3664 1313 3700 v.
1337 3641 1453 3699 Civitas
1478 3639 1641 3697 Bertholdi.

1033 3730 1214 3786 Bertholdus
1273 3727 1486 3800 (Pertholdus)
1547 3727 1666 3784 Nicolai
1723 3727 1761 3783 de

1088 3817 1249 3889 Karnberg
1270 3836 1296 3872 v.
1320 3815 1488 3887 Kamberg.

1033 3904 1227 3969 Bertrandus,
1249 3921 1308 3974 eps
1330 3901 1483 3973 Aptensis,
1505 3919 1522 3957 a
1543 3901 1614 3959 sede
1633 3899 1761 3973 apostol.

1089 3990 1127 4045 ad
1148 3989 1289 4045 Carolum
1314 3988 1366 4043 IV.
1390 3988 1499 4044 missus
1524 3987 1584 4052 116,
1610 4001 1671 4060 117,
1696 3984 1762 4054 168,

1091 4076 1152 4147 169,
1184 4090 1243 4147 174,
1273 4091 1336 4143 204.

1033 4163 1227 4228 Bertrandus,
1248 4179 1307 4233 eps.
1328 4159 1460 4227 Ostiens,
1480 4160 1575 4232 presb.
1593 4159 1675 4217 card.
1697 4173 1761 4233 13²·

1032 4249 1189 4316 ,Berwart'
1226 4248 1391 4304 Guilelmus
1426 4246 1573 4320 Johannis
1608 4246 1653 4312 de,
1690 4245 1761 4303 cler.

1089 4336 1285 4391 Treverensis
1306 4334 1390 4401 dioc,
1413 4333 1506 4406 suppl.
1530 4350 1583 4404 pro
1605 4351 1670 4390 can.
1690 4350 1761 4406 exp.

1089 4440 1131 4493 pr.
1156 4422 1186 4477 in
1207 4422 1296 4478 eccla.
1320 4420 1478 4478 Leodiensi
1505 4434 1566 4493 107.

1034 4507 1152 4565 Bervici
1188 4507 1358 4579 (Berroici)
1392 4507 1428 4564 de
1460 4506 1680 4563 Frankenstein
1709 4505 1763 4577 Jo·

1090 4593 1203 4651 hannes
1236 4613 1263 4649 v.
1297 4592 1526 4651 Frankenstiein.

1033 4682 1187 4738 Berwicus
1216 4681 1390 4737 Friczkonis
1419 4682 1455 4738 de
1484 4680 1703 4739 Frankenstein
1734 4697 1763 4736 v.

1089 4768 1316 4828 Frankenstein.

1034 4855 1190 4927 Besancnn
1219 4874 1244 4910 v.
1272 4854 1428 4911 Vesontio,

1033 4941 1177 5006 Bescano‚
1197 4939 1354 5011 Hispania,
1367 4939 1653 5007 Barbholomeusde,
1672 4955 1763 5013 mag,

1089 5028 1192 5099 capell.
1218 5045 1300 5098 pape,
1327 5027 1446 5083 auditor
1472 5044 1628 5083 causarum
1655 5025 1762 5098 palatii

1090 5112 1255 5185 apostolici,
1287 5113 1388 5184 capell.
1421 5112 1567 5172 Guidouis
1597 5113 1654 5184 cpi.
1686 5112 1765 5169 Por·

1091 5200 1213 5267 tuensis,
1234 5218 1297 5257 111.
1319 5218 1384 5270 exp.
1405 5217 1447 5271 pr.
1468 5200 1573 5260 ecclae.
1593 5198 1766 5258 Carnotan-

1090 5286 1131 5341 sis
1153 5283 1178 5343 6.
1639 5313 1641 5318 ·
