3944 6060
226 446 289 512 112
826 448 897 501 Acta
914 446 1066 502 muscentii
1087 445 1132 500 v1.

353 653 519 736 Suppliuat
540 651 582 719 8¹¹
597 653 653 719 V¹⁸
670 653 838 720 Gunradus
858 661 955 720 natus
978 655 1134 736 quondam
1157 655 1310 721 Anthonii
1333 657 1373 720 ds
1396 657 1574 740 Zyimoslek
1597 658 1735 726 clericus

223 756 394 841 ngensis
418 759 507 841 dioc,
530 758 652 823 nullum
674 758 862 824 beuelioium
885 759 1137 825 ecclesiasticum
1153 767 1329 842 assecutus,
1344 767 1502 841 quatenus
1518 763 1579 828 sibl
1595 756 1735 845 gratim

224 861 395 943 specialem
419 860 582 941 facientes,
615 863 656 928 de
680 864 786 944 aliquo
816 861 969 929 beneficio
1002 863 1220 929 ecclesiastico
1254 875 1325 928 cum
1355 877 1432 929 cura
1461 866 1512 930 vel
1543 866 1614 931 sius
1646 878 1734 946 caua,

224 970 391 1048 spectante
421 966 599 1032 comuniter
627 969 679 1033 vel
711 967 838 1032 divisim
868 968 909 1032 ad
931 967 1137 1033 collationem
1160 972 1221 1032 etc.
1245 967 1360 1032 decani
1382 973 1417 1032 et
1439 969 1572 1051 capituli
1594 971 1735 1036 ecclesie

224 1070 404 1153 Prageusis‚
429 1070 457 1135 si
479 1071 563 1151 quod
585 1076 679 1136 vacat
700 1073 733 1136 in
757 1071 843 1136 dicta
865 1070 1001 1136 ecclesia
1017 1071 1058 1135 ad
1082 1085 1215 1152 presens
1231 1071 1282 1134 vel
1307 1079 1537 1153 quamprimum
1560 1074 1733 1157 vacaverit,

224 1174 329 1238 eidem
352 1175 526 1257 dignemini
555 1175 805 1241 misericorditer
833 1175 1012 1257 providere,
1047 1192 1117 1239 cum
1147 1175 1371 1256 acceptatione
1395 1181 1456 1240 etc.
1480 1183 1515 1240 et
1537 1196 1608 1242 eum
1634 1177 1734 1243 omni·

224 1279 283 1342 bus
306 1282 367 1343 n'on
392 1278 592 1342 obstantibus
615 1284 650 1341 et
672 1279 825 1343 clausulis
848 1279 1012 1360 oportunis
1036 1297 1073 1342 ac
1095 1278 1318 1343 executoribus
1341 1284 1378 1343 ut
1400 1279 1433 1343 in
1456 1278 1564 1345 forma

354 1399 428 1464 Fiat
450 1398 488 1464 G.
511 1399 587 1464 Sine
610 1399 674 1463 alia
703 1399 853 1464 lectione.
889 1400 961 1464 Fiat
991 1397 1028 1463 G.
1059 1400 1096 1462 D.
1127 1398 1212 1482 apud
1242 1397 1475 1464 Villamnouam
1505 1399 1735 1468 Aninionensis

224 1504 303 1569 dioc.
326 1502 354 1567 V
377 1503 440 1567 kal.
464 1504 601 1586 Augusti
623 1522 652 1568 a.
676 1503 829 1569 secundo.
1455 1552 1457 1556 >

354 1693 385 1746 R.
404 1693 498 1762 Suppl.
518 1698 551 1746 25
568 1692 616 1746 fol.
636 1698 702 1747 182¹.

226 2023 316 2089 269.
341 2019 485 2086 Conrado
506 2021 640 2086 Antonii
660 2021 699 2086 de
722 2006 874 2086 Zemosek
903 2026 1084 2085 reservetur
1114 2020 1294 2103 beneficium
1325 2021 1571 2087 ecclesiasticum
1592 2042 1664 2087 cum
1685 2023 1734 2088 uel

225 2128 294 2192 sinc
323 2147 410 2201 euru,
445 2128 535 2191 cuius
560 2129 693 2205 fractius
715 2127 758 2189 25
789 2146 870 2209 resp.
894 2128 938 2190 18
967 2146 1151 2189 marcarum
1180 2127 1305 2205 arpenti
1333 2125 1504 2190 secondom
1536 2128 1733 2192 tacueram

225 2229 363 2295 ἀεοὲηιαθ
394 2229 532 2295 ualerem
563 2249 703 2294 aunuum
726 2228 1040 2305 marcescamus
1069 2227 1265 2294 sedationem
1298 2229 1445 2296 cedemus
1466 2232 1642 2314 Propensis
1658 2255 1735 2316 per·

224 2333 338 2414 tineus,
361 2336 391 2398 si
412 2339 506 2399 sacal
526 2334 574 2399 uel
597 2354 665 2399 cum
688 2335 858 2398 vacaverit.
885 2383 900 2414 ‚,
912 2332 977 2396 Vite
999 2354 1038 2397 ac
1050 2335 1191 2396 morum“
1209 2333 1323 2416 „Apud
1343 2331 1575 2399 Vellamnouum
1599 2333 1732 2400 Acina·

224 2439 332 2503 nensis
368 2437 446 2504 dior.
477 2437 586 2503 Vicat.
609 2437 801 2519 Augustis.
824 2437 966 2501 secundo.
1000 2473 1042 2484 —
1075 2438 1114 2501 Iu
1136 2459 1161 2501 c.
1191 2457 1232 2502 m.
1260 2439 1443 2519 praeposito
1471 2437 1676 2505 Meluicerrsr's
1705 2439 1735 2504 et

403 2540 624 2607 archidiacono
649 2541 855 2607 &calcensis
876 2544 906 2606 et
926 2540 1084 2605 uetustae
1105 2540 1327 2605 avinionensis
1348 2540 1561 2608 ecclesiarum.

271 2682 385 2747 Gratis
403 2701 464 2764 pro
486 2680 551 2745 deo.
1033 2677 1130 2762 Apud
1160 2676 1400 2758 Villamnouam,
1423 2681 1509 2744 1354
1531 2681 1615 2747 Jolii
1637 2683 1690 2747 28.

356 2868 387 2923 R.
407 2872 458 2922 Ar.
478 2873 527 2922 128
546 2867 593 2923 fol.
612 2863 682 2934 290⁴,
702 2868 733 2921 R.
753 2866 815 2921 Vct.
834 2871 884 2920 226
903 2864 950 2919 fol.
970 2867 1011 2919 39.

876 3075 1083 3086 ---

228 3250 316 3315 270.
341 3250 455 3313 Petrus
479 3249 642 3313 Rodkouis
664 3250 702 3313 de
725 3250 845 3314 metuat
867 3246 1036 3330 supplicat,
1056 3254 1211 3328 quatenus
1232 3249 1293 3312 ribi
1314 3249 1352 3313 dc
1367 3248 1510 3331 beneficio
1525 3249 1737 3318 ecclesiastico

655 3355 690 3417 r‘u
712 3354 846 3419 ecclesia
871 3351 1069 3417 otomocenst
1085 3353 1305 3433 provideatur.

1031 3491 1128 3574 Apud
1158 3492 1397 3572 Villamnouam,
1422 3493 1507 3558 1354
1529 3492 1615 3560 Jutti
1636 3496 1690 3559 28.

356 3683 522 3767 Supplioat
544 3681 583 3749 51¹
600 3683 779 3751 V¹0Petrus
803 3684 960 3765 quondam
976 3683 1140 3748 Radkonis
1163 3685 1203 3746 de
1220 3684 1342 3748 blelnilr
1365 3688 1536 3769 presbyter
1562 3685 1737 3768 Pragensis

227 3789 317 3872 dioc,
341 3788 462 3852 nullum
485 3786 672 3853 beneficium
685 3785 940 3852 ecclesiasticum
960 3793 1135 3868 assecutus
1151 3793 1308 3867 quatenus
1327 3789 1388 3854 sibi
1404 3789 1541 3872 graciam
1562 3789 1738 3871 specialem

224 3894 388 3974 sacientur,
411 3893 451 3957 de
467 3891 619 3957 beneficio
631 3891 849 3958 ecclesiastico
866 3894 1080 3955 cumcurarel
1093 3891 1161 3955 siue
1175 3910 1257 3973 cura,
1274 3897 1440 3974 spectante
1463 3894 1504 3958 ad
1527 3891 1737 3960 collationem

226 4003 287 4062 etc.
312 3997 455 4080 episcopi
478 3996 709 4078 Olomucensis,
734 3997 761 4059 si
785 3996 868 4076 quod
891 3995 931 4060 ad
954 4010 1087 4077 presens
1110 3995 1143 4058 in
1160 3997 1279 4060 diocesi
1295 3997 1346 4060 vel
1371 4005 1463 4061 extra
1479 3995 1631 4064 diocesim
1642 4000 1740 4064 uacat

225 4102 277 4165 vel
289 4095 388 4184 [cum]
411 4101 580 4182 vacaverit,
603 4100 776 4181 dignemini
791 4098 1041 4165 misericorditer
1055 4093 1232 4181 providere,
1246 4118 1317 4164 oum
1330 4100 1564 4183 acceptatione,
1584 4100 1738 4168 inbibicl-

226 4224 296 4281 one‚
309 4206 438 4270 decreto
451 4205 639 4270 etelsusula
661 4203 814 4269 anteferri
836 4208 961 4267 etcum
985 4201 1129 4267 omnibus
1152 4202 1223 4266 aliis
1235 4221 1297 4267 non
1309 4205 1508 4269 obstantibus
1531 4206 1565 4269 et
1584 4198 1740 4271 clausulis

226 4309 390 4393 oportunis
414 4317 448 4374 et
470 4309 692 4374 executoribus
715 4307 807 4373 utin
829 4306 929 4372 forma
951 4305 1124 4388 dignemini
1147 4306 1324 4387 providere.

357 4414 430 4478 Fiat
453 4414 490 4479 G.
514 4414 557 4479 Et
580 4415 663 4494 quod
686 4417 830 4478 transeat
852 4413 920 4476 sine
944 4411 1008 4474 alia
1030 4411 1180 4475 leccione.
1205 4411 1285 4475 Fiat.
1310 4409 1347 4475 G.

358 4519 395 4582 D.
419 4518 503 4600 apud
528 4516 757 4582 Villamnouam
781 4515 1006 4581 Aninionensis
1029 4514 1109 4578 dioc.
1132 4514 1160 4577 V
1183 4514 1245 4579 kal.
1271 4514 1409 4596 Augusti
1433 4534 1461 4578 a.
1485 4516 1636 4581 secundo.

357 4706 388 4759 R.
408 4705 504 4775 Suppl.
524 4713 558 4759 26
577 4706 625 4759 fol.
646 4711 702 4759 184.

228 5039 318 5105 271.
344 5039 438 5102 Petro
461 5035 625 5100 Radltonr's
649 5035 686 5099 de
708 5034 832 5100 Mclnt‘lt
856 5039 1036 5098 reservatur
1059 5033 1237 5116 beneficium
1260 5034 1505 5100 ecclesiasticum
1526 5054 1593 5099 curn
1610 5035 1660 5100 vel
1674 5038 1744 5103 siue

227 5164 314 5217 cura,
339 5141 427 5206 euius
443 5146 573 5220 fructus
596 5143 638 5203 25
661 5160 740 5220 resp.
763 5140 806 5202 18
828 5158 1011 5203 marcarum
1041 5140 1166 5218 arpenti
1190 5138 1360 5202 securrdum
1382 5135 1574 5203 taxationem
1598 5137 1740 5206 decimrw

226 5247 365 5311 ualerem
388 5265 528 5309 annuum
552 5242 795 5327 concurretant,
820 5242 863 5306 ad
885 5241 1083 5306 collationem
1113 5242 1250 5324 episcopi
1277 5241 1491 5308 olomucensis
1508 5244 1686 5326 pertinens,
1710 5245 1741 5310 si

225 5353 321 5415 uacet
350 5345 398 5414 uel
427 5366 496 5413 cum
526 5346 695 5412 occurerit.
723 5345 946 5428 „serpentibus
977 5346 1164 5425 probitatis
1203 5345 1319 5429 „Apud
1349 5344 1579 5412 Villamnouam
1601 5345 1738 5412 Aninio·
