3990 6052
793 424 860 475 raso
879 419 985 489 Aprilis
1004 425 1072 472 s-
1090 419 1155 474 nali
1173 426 1219 475 sa.
1630 440 1633 448 ·
1694 422 1752 488 181

379 629 411 683 R.
430 633 480 683 Ar.
501 634 549 682 1³2
567 628 614 683 iol.
626 632 694 696 124⁴,
711 629 743 682 R.
763 629 824 682 Vct.
843 635 894 681 244
913 628 938 680 K
958 644 998 681 nr.
1016 632 1076 682 203.
1096 627 1269 696 ⁸),Caucina‘
1287 630 1337 681 Ar.
1361 626 1386 691 b)
1396 626 1568 696 ,Scaptiensi‘
1587 633 1638 681 Ar.
1660 627 1756 694 c),co·

247 715 369 770 licensis‘
386 721 437 771 Ar.

248 1102 340 1168 442.
366 1096 508 1172 Qnitatio
530 1097 720 1163 aniversalis
744 1096 914 1178 Recinaldi
925 1097 1063 1179 episcopi
1085 1096 1256 1180 Palentini,
1278 1095 1474 1161 thesaurarii
1493 1115 1611 1177 papae,
1634 1094 1688 1175 aui
1712 1094 1753 1158 ab

250 1204 301 1269 die
324 1206 368 1269 30
390 1202 572 1267 Decembris
594 1203 673 1266 amai
695 1202 781 1266 tertii
806 1201 926 1279 (1364)
960 1219 1056 1283 usqae
1078 1201 1122 1265 ad
1143 1201 1226 1265 diem
1257 1205 1302 1267 30
1327 1200 1505 1265 Decembris
1540 1200 1618 1263 anai
1647 1200 1757 1279 quarti

248 1309 364 1390 (1355)
388 1306 427 1372 ab
438 1305 584 1388 Astatiae,
608 1304 783 1372 Sardiniae
801 1358 809 1373 .
828 1355 834 1369 .
856 1357 862 1368 .
883 1352 889 1365 .
914 1301 1086 1368 Bolremiae
1102 1309 1132 1367 et
1145 1304 1282 1369 aliarum
1295 1324 1462 1385 reaaoram
1477 1306 1508 1367 et
1516 1302 1756 1384 provinciaram

249 1411 495 1477 maciis36062
507 1409 648 1494 florenos
668 1413 697 1472 et
719 1407 820 1473 aliam
837 1407 1009 1490 pecaniam
1031 1414 1201 1490 receperat.
1230 1409 1299 1490 ,Ne
1321 1428 1427 1472 rernm
1447 1408 1626 1489 aestarum⁸⁸
1658 1405 1754 1488 ,Ani-

535 1515 626 1578 nioae
651 1514 701 1577 XI
717 1510 782 1576 ital.
804 1507 900 1575 Janii
916 1510 1127 1594 pontificatus
1149 1514 1250 1576 nostri
1273 1533 1302 1578 a.
1326 1515 1471 1593 qnarto“.

1260 1651 1422 1726 Aoiaioae,
1449 1652 1532 1714 1356
1556 1651 1640 1714 Maii
1662 1653 1713 1713 22.

381 1840 411 1894 R.
430 1840 492 1894 Vat.
510 1847 561 1894 aaa
580 1841 628 1895 tol.
647 1844 716 1908 aar,
735 1841 766 1894 R.
786 1841 849 1894 Vas.
867 1846 919 1894 aaa
937 1840 960 1894 G
979 1840 1113 1908 (erepet)
1133 1856 1173 1893 nr.
1193 1844 1252 1893 ars.

247 2255 342 2323 443.
367 2252 444 2320 mm
468 2235 607 2321 datore
629 2266 704 2320 naso
730 2255 895 2320 maone
919 2255 956 2320 a
981 2256 1399 2339 arcesseremusne
1422 2276 1517 2338 saper
1540 2254 1756 2319 samarticas

320 2447 348 2498 X
937 2359 1075 2425 mamma.

298 2518 347 2568 ,Χ
360 2555 368 2570 .
1261 2496 1422 2576 Aricinae,
1444 2499 1531 2562 1356
1553 2495 1638 2562 Maii
1662 2499 1715 2561 22.

379 2690 417 2752 D.
434 2688 454 2753 l.
470 2688 631 2753 Caenkoni
647 2694 722 2753 nato
741 2737 749 2751 .
769 2740 776 2753 .
796 2740 802 2752 .
823 2739 830 2753 .
854 2688 970 2753 nobilis
987 2689 1045 2752 viri
1071 2689 1253 2753 Praibconis
1276 2689 1316 2752 de
1340 2688 1612 2769 Trzenowyecycz
1634 2685 1758 2764 militis,

246 2793 545 2875 clericoPragensis
568 2793 658 2875 dioc,
681 2794 817 2857 amntem
840 2799 901 2858 eto.
925 2792 1039 2857 Matris
1062 2794 1223 2861 ecclesie.
1244 2845 1250 2859 .
1270 2843 1277 2855 .
1298 2845 1304 2856 .
1328 2792 1480 2858 Exhibita
1495 2791 1652 2871 siquidem
1667 2791 1760 2855 nobis

249 2915 351 2979 nuper
372 2915 429 2979 pro
452 2903 544 2979 parte
568 2902 623 2960 tua
646 2897 764 2977 peticio
788 2897 980 2974 continebat,
1013 2897 1098 2978 qnod
1121 2897 1195 2963 olim
1218 2903 1254 2961 tn
1270 2898 1310 2961 ad
1333 2895 1562 2980 parrochialem
1585 2894 1753 2958 ecclesiam

247 3000 282 3064 in
305 3001 388 3065 Zwol
412 3001 581 3082 Pragensis
616 3000 696 3064 dioc.
727 3017 785 3082 per
815 3000 934 3065 obitum
966 3001 1123 3081 quondam
1153 3000 1324 3065 Praedbori
1358 3000 1462 3064 ultimi
1495 2997 1596 3081 ipsius
1619 2998 1756 3063 ecclesie

248 3105 391 3186 rectoris,
415 3106 469 3185 qui
492 3110 584 3169 extra
614 3105 785 3169 Romanam
818 3103 936 3168 cumam
971 3104 1054 3169 diem
1085 3105 1199 3169 clausit
1229 3109 1413 3186 extremum,
1443 3108 1609 3167 vacantem
1632 3120 1651 3164 a
1673 3102 1757 3166 veris

248 3209 390 3291 patronis
412 3209 514 3290 ipsius
537 3208 683 3289 ecclesie,
713 3208 927 3273 existentibus
957 3208 990 3272 in
1013 3207 1145 3290 pacifica
1167 3209 1369 3290 possessione
1393 3208 1444 3272 vel
1467 3207 1558 3287 qnasi
1582 3205 1661 3270 iuris
1685 3223 1756 3288 pre·

249 3312 396 3376 sentandi
419 3314 640 3391 rectoremad
663 3314 764 3395 ipsam
788 3312 965 3389 ecclesiam,
1000 3312 1062 3377 loci
1097 3312 1256 3378 ordinario
1287 3317 1492 3394 presentatus
1515 3317 1550 3374 et
1572 3310 1757 3392 peripsum

245 3416 439 3482 ordinarium
472 3417 504 3480 in
527 3423 684 3483 rectorem
707 3416 850 3480 auisdem
872 3415 1008 3480 ecclesie
1030 3416 1199 3480 institutus
1221 3415 1313 3481 fuisti
1346 3417 1497 3497 illamque
1520 3432 1579 3496 per
1613 3414 1755 3495 quinque

247 3536 345 3584 annos
368 3524 403 3583 et
425 3520 560 3602 amplius
582 3519 717 3585 tenuisti
732 3525 766 3583 et
781 3519 962 3601 possedisti,
985 3525 1081 3601 prout
1102 3526 1195 3584 tenes
1218 3526 1252 3584 et
1273 3520 1419 3601 possides
1442 3517 1571 3601 pacifice
1588 3525 1621 3584 et
1637 3519 1760 3607 quiete,

246 3620 378 3704 fructus
412 3624 558 3688 redditus
581 3630 615 3689 et
638 3628 810 3706 proventus
833 3623 1041 3705 percipiendo
1064 3643 1104 3688 ex
1127 3624 1249 3702 eadem,
1284 3625 1324 3688 ad
1347 3624 1470 3704 aliquos
1500 3640 1607 3687 sacros
1630 3622 1757 3687 ordines

244 3744 309 3792 nou
331 3734 503 3810 promotus,
537 3734 683 3793 cessante
713 3727 940 3809 impedimento
972 3728 1130 3810 legittimo
1165 3734 1199 3792 et
1222 3729 1465 3809 dispensacione
1497 3745 1594 3810 super
1616 3726 1675 3791 hoc
1697 3745 1759 3791 non

246 3831 387 3896 obtenta.
413 3829 517 3907 Quare
540 3832 631 3897 nobis
654 3830 819 3896 humiliter
842 3831 1038 3913 supplicasti,
1075 3837 1111 3895 ut
1138 3832 1307 3913 providere
1332 3832 1391 3898 tibi
1414 3838 1448 3895 et
1471 3831 1571 3896 statui
1593 3837 1649 3895 tuo
1665 3848 1762 3912 super

244 3935 442 4016 premissis·)
466 3936 505 3999 de
534 3935 731 4018 benignitate
756 3936 930 4018 apostolica
960 3936 1170 4018 dignaremur.
1209 3936 1275 4000 Nos
1307 3936 1413 4018 igitur
1443 3936 1588 4001 volentes
1619 3941 1652 3999 te
1671 3985 1679 4003 .
1699 3988 1705 4000 .
1725 3979 1760 3999 ..

244 4036 353 4103 favore
376 4039 525 4121 prosequi
549 4040 654 4120 gracie
678 4039 827 4122 specialis
829 4088 946 4122 .....
982 4058 1105 4105 omnem
1128 4040 1341 4105 inhabilitatis
1364 4041 1519 4104 maculam
1544 4058 1603 4122 per
1628 4045 1661 4103 te
1685 4057 1760 4121 pre-

245 4142 413 4208 missorum
435 4144 599 4209 occasione
624 4148 817 4209 contractam
848 4143 978 4224 penitus
1001 4144 1173 4209 abolemus.
1215 4144 1366 4209 Volumus
1390 4150 1505 4223 tamen,
1535 4145 1619 4225 qnod
1642 4145 1761 4208 dictam

245 4246 422 4329 ecclesiam,
438 4253 594 4327 quatenus
610 4265 679 4311 eam
697 4248 737 4311 de
756 4247 840 4312 lacto
857 4248 992 4328 detines,
1010 4250 1135 4313 omnino
1160 4249 1321 4314 dimittere
1345 4249 1511 4312 tenearis,
1532 4298 1538 4311 .
1560 4299 1565 4312 .
1587 4301 1592 4312 .
1619 4249 1655 4311 l).
1679 4248 1740 4312 Ani

244 4350 339 4415 aione
364 4349 409 4415 XI
431 4349 495 4415 kal.
518 4350 606 4416 Junii
629 4370 657 4415 a.
681 4356 802 4433 quarto.

376 4538 409 4591 R
429 4543 477 4592 Ar.
500 4544 547 4593 138
567 4539 612 4592 iol.
632 4544 691 4593 sol.
714 4569 739 4578 -
764 4543 788 4604 a)
807 4539 1020 4608 ,premissorum‘
1039 4542 1089 4593 Ar.

244 4956 337 5024 444.
364 4954 524 5020 lodicibus
546 4955 736 5030 mandatur,
761 4962 916 5039 quotenus
941 4934 1077 5019 &antoni
1099 4955 1266 5020 Pr'iblsoais
1283 4955 1320 5020 ae
1339 4954 1532 5020 Tr'ebootticr
1542 4953 1759 5037 parochialem

736 5058 905 5124 ecclesiam
927 5060 962 5123 ia
986 5058 1077 5124 Zoole
1099 5065 1273 5141 conserant.

1262 5183 1423 5293 alsam,
1447 5215 1533 5277 ress
1557 5214 1641 5277 maa
1663 5216 1714 5276 22.

312 5200 386 5355 wi*-
414 5302 490 5382 (bn
