3944 6060
680 423 743 474 reor
763 419 841 474 lunii
860 427 892 474 as
916 451 941 460 -
963 420 1041 475 lunii
1059 426 1100 474 ar.
1583 421 1647 488 491

144 629 250 694 clerici
275 628 444 713 Pragensis
468 628 560 702 dioc,
594 628 763 711 specialem
797 628 935 711 graciam
968 627 1132 712 facientes,
1166 630 1206 694 de
1230 627 1383 694 beneficio
1417 630 1638 696 ecclesiastico

145 753 213 799 cum
237 753 313 799 cura
336 735 386 799 rel
421 735 490 798 sine
524 753 609 810 cura,
643 739 777 798 vacante
812 733 862 797 vel
886 738 1046 813 vacaturo,
1082 738 1248 817 spectante
1282 734 1323 798 ad
1353 733 1560 799 collacionem
1582 741 1643 800 etc.

146 839 222 903 dicti
245 838 386 921 episcopi
410 837 642 920 Olomucensis,
674 837 847 920 dignemini
881 837 1061 919 providere,
1095 856 1165 902 cum
1186 838 1390 917 inbibicionc,
1414 839 1645 920 reservatione,

147 944 275 1008 decreto
298 950 332 1008 et
355 943 499 1007 clausula
522 943 686 1022 anteferri,
710 947 745 1007 et
768 960 837 1006 cum
860 942 1006 1008 omnibus
1029 961 1090 1007 non
1114 943 1315 1008 obstantibus
1331 950 1365 1006 et
1380 942 1533 1007 clausulis
1555 962 1647 1025 opor·

146 1047 231 1112 tuuis
253 1054 287 1114 et
310 1047 546 1112 executoribus.

274 1152 347 1216 Fiat
371 1152 408 1217 G.
431 1152 475 1216 Et
498 1170 567 1215 cum
591 1150 811 1216 commissione
835 1150 990 1215 examinis
1013 1152 1054 1215 ad
1075 1156 1195 1233 partes.
1219 1150 1291 1215 Fiat
1314 1151 1351 1215 G.
1363 1153 1389 1232 ²)
1425 1150 1468 1215 Et
1490 1151 1559 1215 sine
1584 1150 1647 1215 alia

148 1256 297 1320 leccione.

273 1359 346 1424 Fiat
369 1359 405 1423 G.
430 1361 468 1423 l).
493 1358 651 1424 Aninioue
675 1357 719 1424 Vl
742 1358 806 1425 kal.
830 1357 909 1422 Julii
933 1377 961 1422 a.
985 1377 1076 1423 nono.

274 1548 304 1601 R.
324 1547 419 1617 Suppl.
438 1553 473 1600 ³2
491 1546 538 1600 tol.
561 1551 616 1600 133.
637 1577 668 1588 -
688 1550 713 1613 ⁸)
732 1547 777 1614 ,nt
794 1561 855 1603 cum
874 1545 1086 1602 commissione.
1102 1589 1107 1599 .
1123 1585 1130 1600 .
1146 1588 1151 1597 .
1180 1545 1243 1599 Fiat
1260 1546 1302 1599 G!
1337 1545 1366 1598 in
1385 1561 1469 1612 marg.
1489 1544 1545 1598 alia
1562 1560 1644 1598 manu

147 1635 302 1703 suppletum
322 1651 382 1688 cum
401 1633 594 1689 adnotatione:
615 1649 699 1700 ‚error
717 1632 878 1703 scriptoris.

148 2018 266 2085 1246.
314 2015 460 2101 Officiali
490 2016 648 2099 llapensi
675 2017 859 2096 mandatur,
893 2021 1046 2101 quatenus
1068 2016 1216 2081 Conrado
1249 2017 1287 2082 de
1308 2017 1435 2098 Eunai)
1466 2014 1647 2093 beneficium

147 2119 399 2201 ecclesiasticum,
422 2120 510 2185 cuius
526 2125 657 2201 fructus
680 2122 722 2186 25
745 2140 828 2203 resp.
850 2123 894 2185 18
915 2140 1095 2184 marearum
1117 2120 1242 2203 arpenti
1263 2119 1431 2185 secundmn
1454 2121 1647 2184 taxationem

147 2225 284 2290 decimae
306 2225 444 2289 calorem
466 2245 606 2289 annuum
635 2245 697 2289 raon
718 2224 878 2305 excedant,
900 2230 1046 2307 spectans
1069 2225 1111 2288 ad
1134 2224 1335 2289 collationem
1357 2224 1496 2307 episcopi
1522 2222 1646 2287 Olomu·

152 2330 262 2404 censis,
286 2329 315 2392 si
338 2334 433 2394 cacat
455 2329 503 2394 vel
525 2349 594 2394 cum
617 2328 785 2407 edocuerit,
808 2333 952 2394 reservet.
979 2329 1139 2411 „Dipnum
1161 2328 1375 2392 ar·bitramur“
1403 2327 1578 2411 „Aninione
1607 2328 1649 2392 Vl

221 2521 249 2573 X
715 2430 778 2496 dal.
802 2432 887 2500 Julii
909 2454 940 2498 a.
963 2433 1072 2498 nono.“

194 2591 244 2642 ,Χ
256 2627 261 2639 .
1136 2571 1299 2653 Αυίηίοιισ,
1323 2572 1406 2635 1361
1430 2569 1525 2636 Junii
1546 2571 1597 2634 26.

275 2761 306 2814 R.
326 2762 374 2815 Av.
395 2767 445 2816 145
463 2759 510 2814 iol.
530 2766 571 2814 31.
595 2791 619 2801 -
644 2766 668 2828 ⁰)
688 2763 799 2825 ‚Anaso‘
818 2762 869 2812 Ar.

148 3145 263 3212 1247.
290 3145 488 3207 Innocentius
512 3144 555 3206 Vl
569 3142 680 3209 Carolo
695 3142 881 3226 imperatori
895 3162 932 3207 ac
947 3141 1119 3207 Bolaemiae
1133 3144 1201 3226 cepi
1214 3142 1352 3222 intimat,
1377 3143 1491 3224 Epidio
1506 3146 1647 3227 episcopo

154 3248 319 3326 llicentino,
343 3249 398 3332 qui
413 3247 449 3312 de
464 3247 583 3328 nepotio
601 3247 792 3311 Bononiensi
806 3267 877 3312 cum
892 3247 1082 3329 imperatore
1103 3252 1301 3312 tractaturus
1315 3252 1394 3327 erat,
1417 3248 1451 3312 in
1466 3248 1578 3313 itinere
1592 3249 1646 3313 de-

140 3357 264 3436 functo,
298 3373 331 3417 se
354 3353 568 3434 Aupustinum
602 3352 639 3417 de
661 3353 795 3416 Brisaco
828 3350 950 3415 ordinis
978 3355 1125 3431 fratrum
1159 3350 1383 3416 luendarum
1417 3371 1444 3414 s.
1476 3352 1647 3432 Aupustini

142 3462 380 3540 procuratorem
410 3456 587 3539 pecualem
621 3459 650 3519 et
672 3453 851 3523 Johennem
884 3454 922 3518 de
947 3456 1046 3518 Imma
1073 3454 1278 3534 familiarem
1310 3459 1339 3519 et
1363 3455 1533 3519 ostiarium
1554 3475 1646 3521 sunm

147 3582 215 3626 cum
236 3561 352 3626 litteris
375 3560 418 3624 ad
440 3561 661 3643 imperatorem
682 3562 712 3623 et
727 3557 891 3623 rrounullos
908 3557 1074 3640 praelatos
1097 3578 1135 3622 ac
1159 3557 1284 3637 nobiles,
1302 3578 1382 3641 quas
1404 3558 1487 3622 idem
1510 3559 1646 3643 Epidius

142 3669 349 3747 praesentare
371 3665 530 3746 debuerat,
562 3663 747 3728 destinasse.
793 3663 842 3726 De
865 3680 941 3726 nouo
973 3662 1195 3745 imperatorem
1217 3661 1372 3738 domatur,
1406 3667 1558 3746 qnatenus
1588 3663 1645 3727 ad-

146 3790 252 3836 versus
281 3771 493 3835 Bernabooem
523 3768 561 3832 de
591 3766 822 3832 Viceeomitibns
851 3765 1015 3831 brachium
1040 3767 1208 3849 potestatis
1242 3772 1359 3832 exerat.
1407 3765 1556 3847 „Pridem
1588 3770 1641 3830 ut⁸

597 3871 773 3954 „Acenione
804 3870 907 3936 Veal.
930 3869 1015 3938 ‚Iulii
1038 3891 1069 3934 a.
1093 3873 1200 3934 nono.“

1140 4007 1300 4090 Aninione,
1327 4010 1410 4076 1361
1433 4008 1527 4074 Junii
1547 4012 1599 4075 27.

275 4200 324 4253 Ed.
344 4200 417 4269 apud
437 4199 696 4265 blatteas-Durani,
715 4199 873 4254 Tbesnurus
892 4199 920 4251 ll
940 4203 1015 4262 1011,
1035 4214 1091 4268 reg.
1110 4198 1184 4269 apud
1205 4198 1307 4262 Huber,
1326 4197 1391 4269 Reg.
1411 4199 1479 4268 lmp.
1497 4198 1563 4252 Vlll
1581 4213 1634 4266 pap

147 4294 195 4342 1112
213 4304 254 4342 nr.
275 4293 315 4341 83.

791 4463 998 4473 ...-

147 4623 261 4688 1248.
291 4621 485 4685 Innocentius
518 4620 564 4682 VI
583 4616 721 4697 liudolfo
743 4618 815 4682 duci
837 4615 989 4681 Austriae
1010 4615 1109 4680 simili
1131 4616 1220 4680 modo
1242 4616 1353 4680 scribit
1375 4617 1541 4681 obsecrans
1562 4636 1643 4694 eum,

148 4731 300 4807 quatenns
323 4724 466 4787 anirrrum
488 4742 579 4787 sunm
603 4722 646 4785 ad
669 4720 843 4786 habendam
858 4740 927 4784 cum
943 4717 1055 4783 Carolo
1078 4721 1267 4803 imperatore
1289 4719 1488 4784 concordiam
1503 4718 1641 4786 inclinet.

373 4827 524 4911 „Pridem
547 4826 591 4890 ad
613 4831 772 4890 nostram*¹
802 4823 982 4908 „Auenione
1015 4824 1117 4888 Vcal.
1141 4820 1225 4887 Julii
1247 4845 1277 4889 a.
1303 4827 1411 4888 nono.“

1133 4961 1299 5035 Aninione,
1323 4961 1408 5025 1361
1432 4961 1526 5026 Junii
1546 4960 1598 5026 27.

274 5154 323 5209 Ed.
343 5155 416 5224 apud
434 5152 693 5216 Murteae-Durand,
711 5152 870 5206 Thesaurus
888 5150 916 5204 Il
937 5154 1011 5212 1013,
1036 5164 1090 5218 reg.
1111 5149 1183 5218 apud
1203 5149 1304 5215 Huber,
1324 5149 1387 5217 Reg.
1407 5149 1473 5217 lmp.
1495 5148 1558 5202 Vlll
1578 5163 1640 5218 pag.

146 5248 193 5297 ⁶12
212 5259 254 5297 nr.
274 5248 315 5296 81.

792 5379 997 5389 ——-—-
