3944 6060
251 428 313 502 1⁶20
853 430 924 486 Acta
941 430 1094 487 iunocentii
1111 422 1157 488 vl.

245 644 337 711 416.
363 631 624 724 Arciriepiccopus
649 642 829 725 Propensis,
863 642 1026 723 episcopus
1047 643 1217 707 Misneusis
1251 664 1290 706 uc
1313 642 1452 707 docanm
1473 641 1621 708 ecciesiae
1653 642 1752 724 Visce-

243 746 411 829 pradensis
434 753 662 810 conservatores
679 747 801 828 prioris
816 752 845 810 et
860 751 1025 811 conmntus
1039 747 1177 810 Mirioris
1192 746 1301 811 donnus
1322 747 1512 812 Carthasiac
1524 752 1549 829 ¹)
1577 747 1751 813 Gratiam·

240 850 407 935 politanae
419 850 495 914 dioc.
509 849 703 934 aliorumque
721 852 866 934 priorum
888 855 918 914 ct
933 855 1082 929 fratrum
1106 872 1144 916 ac
1167 870 1382 915 conversorum
1407 848 1646 916 Carthasicnsis
1669 849 1753 915 ordi·

245 955 485 1020 nis-indiocrsis
507 955 616 1020 rrrrrndi
637 954 783 1038 partibus
798 955 1031 1020 consistentiam
1046 957 1265 1020 instituuntur.
1291 955 1471 1037 „Militanti
1485 956 1630 1022 ecciesic⁸
1651 956 1750 1043 ,Aar-

494 1061 586 1124 nione
611 1062 649 1123 ll
668 1079 738 1125 non.
763 1058 939 1135 Februarii,
958 1060 1163 1147 pontificatus
1185 1060 1287 1125 nostri
1310 1081 1339 1127 a.
1365 1062 1508 1145 puartd.

311 1216 375 1267 .C.
1191 1198 1352 1282 Aninione,
1376 1199 1462 1263 1356
1485 1197 1656 1264 Februarii
1674 1201 1708 1269 4.

374 1389 405 1443 n.
424 1389 474 1441 Av.
496 1395 544 1443 133
562 1387 608 1442 iol.
630 1394 687 1441 151.
707 1420 738 1428 -
763 1391 787 1453 a)
805 1387 947 1456 ,Cortusie‘
966 1390 1015 1442 hv,

242 1731 333 1797 417.
360 1729 466 1794 Priori
496 1727 638 1808 perneraii
666 1732 696 1793 et
719 1728 882 1813 fratribus
913 1727 1034 1810 ordinis
1065 1727 1288 1793 herorrritarnm
1318 1751 1345 1796 s.
1370 1729 1541 1812 Auprcstini
1570 1730 1749 1797 conceditur

382 1833 509 1899 licentia
532 1853 645 1898 norum
666 1836 893 1899 monasteriam
914 1837 949 1900 in
972 1834 1099 1900 civitate
1125 1831 1376 1899 Lathomuslcnsi
1398 1833 1609 1899 construendi.

330 1922 358 1973 X

308 1993 376 2043 .X.

1184 1972 1346 2052 Arinione,
1373 1974 1454 2037 1350
1479 1971 1649 2038 Februarii
1671 1976 1703 2040 ir.

371 2165 429 2229 lhl.
464 2164 497 2229 ff.
518 2214 552 2229 ..
586 2165 683 2247 priori
728 2166 868 2248 generali
910 2172 944 2230 et
977 2165 1126 2229 fratribus
1160 2163 1280 2229 ordinis
1315 2164 1540 2229 heremitarum
1575 2182 1600 2230 s.
1637 2167 1745 2250 hugu-

240 2269 317 2335 stini
342 2270 476 2334 salutern
500 2275 559 2333 etc.
605 2270 640 2333 In
665 2269 737 2353 niis,
762 2287 823 2351 que
847 2271 1020 2334 animarum
1053 2269 1187 2333 salutern
1206 2318 1213 2332 .
1234 2321 1240 2332 .
1262 2320 1294 2332 ..
1323 2267 1405 2333 Sane
1428 2270 1545 2350 peticio
1568 2288 1626 2352 pro
1651 2275 1743 2353 parte

240 2381 348 2438 vestra
371 2374 460 2439 nohis
480 2391 582 2455 nuper
604 2373 747 2437 exhibita
769 2374 961 2451 continebat,
985 2375 1069 2454 qrrod
1092 2374 1203 2437 civitas
1219 2372 1493 2439 Lnthomuslensis
1509 2380 1560 2438 est
1576 2374 1666 2439 locus
1680 2375 1741 2440 uti·

240 2497 300 2560 que
324 2478 496 2561 populosus
519 2483 553 2541 et
575 2496 631 2557 pro
655 2478 813 2560 religiosis
837 2478 1085 2542 meridicancirnn
1110 2478 1263 2560 ordinum,
1299 2497 1431 2558 quorum
1454 2478 1541 2542 nulle
1563 2477 1608 2543 ihi
1632 2479 1744 2544 domus

238 2583 383 2665 habetur,
417 2588 511 2663 optus
542 2582 633 2646 valde
665 2588 698 2646 et
721 2582 819 2646 eciam
847 2588 1030 2664 oportunus
1078 2581 1142 2646 Nos
1167 2582 1327 2662 itaque..
1349 2632 1381 2646 ..
1408 2581 1517 2646 liaroli
1539 2583 1743 2665 imperatoris

239 2687 449 2752 Rornanorum
468 2739 475 2754 .
494 2735 500 2749 .
520 2737 527 2750 .
548 2736 564 2769 .,
588 2686 678 2751 nohis
702 2685 734 2749 in
756 2685 815 2749 hnc
838 2693 928 2767 parto
952 2685 1114 2750 humiliter
1137 2686 1354 2768 supplicantis,
1380 2686 1558 2767 vestrisque
1582 2688 1742 2770 supplica-

239 2791 381 2857 cionihus
404 2790 557 2874 inclinati,
580 2790 754 2872 recipiendi
778 2809 873 2855 unum
896 2788 999 2855 locum
1022 2791 1054 2854 in
1077 2791 1206 2854 civitate
1230 2791 1373 2872 predicta
1396 2791 1435 2854 orl
1458 2808 1582 2874 nomen,
1607 2810 1688 2874 opus
1704 2800 1738 2858 et

237 2914 328 2960 nsum
351 2894 482 2960 fratrum
509 2895 607 2959 vestri
630 2895 751 2959 ordinis
775 2901 809 2958 et
832 2894 864 2957 in
887 2913 925 2959 eo
949 2894 1117 2961 edificandi
1141 2900 1174 2957 et
1198 2894 1402 2958 construendi
1418 2895 1537 2970 domos,
1561 2889 1740 2980 ecclesiam,

238 2999 392 3082 capellam
404 3018 460 3065 seu
474 3000 645 3064 oratorium
670 3017 739 3062 curn
752 2998 906 3064 cimiterio
930 3017 1051 3064 nccrron
1075 2999 1243 3080 campanili
1266 3005 1300 3062 et
1322 3017 1475 3080 carrrpana
1490 3018 1526 3062 ac
1543 2999 1615 3063 aliis
1630 3019 1742 3067 neces-

237 3104 331 3171 sariis
354 3102 488 3169 officinis
512 3103 601 3167 etin
625 3121 662 3168 eo
686 3103 827 3167 nrornndi
851 3102 920 3167 sine
943 3103 1118 3184 preinrlicio
1149 3103 1357 3185 parrochialis
1380 3103 1515 3168 ecclesie
1539 3111 1573 3169 et
1606 3105 1742 3171 alterius

237 3209 461 3291 cuiuscunque,
485 3207 715 3273 constitucione
736 3259 741 3272 .
762 3259 768 3271 .
789 3257 795 3271 .
816 3255 822 3266 .
846 3207 1000 3272 Boniiacii
1024 3226 1105 3291 pape
1132 3208 1214 3286 Vlll,
1239 3210 1474 3290 predecessoris
1497 3210 1609 3290 nostri,
1634 3212 1739 3293 prohi-

237 3316 342 3397 hente,
377 3333 417 3378 ne
440 3313 583 3395 religiosi
606 3313 750 3377 ordinmn
773 3312 1022 3377 rnendicancium
1052 3315 1123 3378 loca
1153 3315 1192 3378 de
1216 3333 1296 3379 novo
1321 3313 1476 3394 recipiant
1509 3315 1628 3395 absque
1653 3310 1741 3381 sedis

237 3417 412 3500 apostolice
437 3419 570 3482 licencia
593 3419 732 3501 speciali,
755 3416 891 3482 iaciente
915 3419 1040 3500 plenam
1057 3426 1090 3483 et
1113 3436 1296 3501 expressam
1326 3418 1365 3482 de
1389 3418 1606 3500 prohibicione
1628 3419 1741 3486 huius·

236 3523 320 3588 morli
355 3523 559 3603 mencionem,
584 3542 782 3604 nequaquam
806 3524 962 3605 obstante,
987 3523 1075 3588 vohis
1111 3523 1301 3587 alletoritate
1336 3522 1511 3603 apostolica
1543 3523 1672 3604 plenam
1707 3532 1744 3591 et

237 3628 368 3693 liberam
392 3634 502 3694 tenore
525 3628 724 3710 presencium
747 3624 911 3690 licenciam
935 3626 1106 3709 elnrghnur
1126 3679 1131 3690 .
1154 3681 1158 3691 .
1179 3680 1212 3693 ..
1240 3628 1275 3691 l).
1301 3626 1455 3692 hinnione
1479 3646 1551 3692 non.
1572 3628 1741 3695 Februarii

237 3750 263 3796 a.
289 3738 413 3812 quarto.

365 3919 396 3973 R.
416 3923 466 3974 Av.
489 3927 536 3975 133
556 3921 601 3974 iol.
620 3927 688 3974 200¹.
709 3952 740 3959 —
761 3920 825 3988 neg.
845 3920 918 3989 apud
938 3920 1049 3988 Brandl,
1069 3920 1134 3973 Cod.
1148 3920 1214 3990 dipl.
1236 3922 1303 3974 hier.
1324 3919 1360 3974 lX
1380 3936 1440 3990 pag.
1460 3929 1475 3975 6
1495 3936 1535 3974 nr.
1556 3927 1570 3974 'l
1596 3938 1629 3976 ox
1649 3932 1739 3979 trous·

235 4014 344 4075 strnrpto
364 4006 475 4061 archivii
495 4008 650 4061 nrormsterii
670 4024 691 4061 e,
710 4007 830 4061 Thomna
849 4007 876 4059 in
896 4009 1015 4060 Bruuna

233 4358 322 4424 418.
347 4357 490 4425 Jolranni
514 4359 668 4444 Paduam
698 4358 812 4423 decano
836 4357 984 4423 ecciesiae
1014 4358 1266 4439 i'issepradensis
1295 4362 1438 4440 potestas
1472 4358 1615 4442 eaipendi
1639 4382 1738 4443 prorr-

580 4464 651 4528 nias
674 4484 818 4529 caeterae
841 4462 1030 4546 apostolicae
1052 4463 1175 4528 debitas
1197 4463 1384 4528 conceditur.

1176 4601 1338 4685 Acinionc,
1360 4603 1447 4668 1356
1468 4600 1637 4667 Februarii
1659 4605 1692 4668 ὅ.

362 4792 400 4858 Ι).
431 4792 451 4858 f.
475 4792 612 4858 iohanni
642 4793 790 4858 Paduono
822 4793 940 4858 (lecano
971 4793 1106 4859 ecclesie
1142 4794 1415 4877 Wiscegrarlensis
1448 4794 1617 4876 Progensis
1652 4796 1737 4863 dioc.

232 4898 403 4981 apostolice
428 4897 514 4962 sedis
544 4899 657 4963 nuncio
682 4899 816 4962 salutem
848 4904 908 4962 etc.
939 4897 1020 4963 Sunt
1030 4901 1056 4981 ⁸)
1094 4899 1127 4963 in
1157 4898 1286 4963 civitate
1321 4909 1354 4963 ct
1388 4899 1468 4965 dioc.
1503 4918 1539 4964 ac
1569 4901 1739 4982 provincia

231 5002 383 5085 Pragensi
406 5002 548 5067 nonnulli
571 5002 774 5067 ecclesiarum
799 5021 835 5066 ac
857 5003 1119 5068 monasteriorum
1142 5004 1257 5085 prelati
1281 5010 1315 5068 et
1331 5001 1476 5081 crerier)
1500 5004 1738 5072 ecclesiastice·

231 5125 292 5189 qne
315 5124 451 5190 persone
474 5124 595 5171 necnon
619 5107 758 5189 capitula
785 5114 960 5172 corruentes
984 5115 1017 5172 ot
1041 5108 1184 5192 collegia,
1217 5108 1270 5189 qni
1294 5110 1331 5173 ad
1357 5110 1550 5174 solucionem
1573 5116 1737 5178 certorum

230 5210 434 5293 pecuniarum
468 5228 525 5276 seu
547 5229 654 5276 rermn
677 5211 809 5277 aliarum
840 5212 966 5278 nornine
991 5231 1103 5277 census
1135 5219 1190 5276 aut
1213 5213 1293 5277 alias
1316 5214 1450 5278 ecclesie
1475 5214 1615 5279 Ronrane
1640 5216 1736 5281 annis

230 5313 364 5397 singulis
387 5334 443 5381 sen
466 5315 546 5380 alias
570 5315 747 5380 debitorum
772 5317 876 5381 eidem
899 5317 1035 5382 ecclesie
1059 5317 1249 5397 oolirantur.
1298 5316 1449 5383 tolentes
1472 5318 1571 5400 igitur
1593 5337 1732 5387 commo-

229 5418 419 5501 dilationer)
443 5420 635 5504 prelatornnr
660 5426 694 5485 et
716 5421 901 5486 clericorum
936 5440 971 5485 ac
1006 5440 1211 5505 personarum
1243 5422 1410 5503 providere
1440 5442 1477 5487 ac
1506 5422 1734 5506 inderupnitnti
