3944 6060
874 436 939 484 raes
957 428 1034 484 Junii
1055 434 1094 482 ro.
1671 423 1737 499 383

232 638 284 703 sui
306 637 469 704 Pardussii
492 635 616 704 Nicolai
638 636 749 703 militis
773 637 812 702 de
836 636 1010 702 Paulowicz
1033 637 1251 720 presbyteri·)
1288 637 1508 706 Olomuceusis
1532 641 1610 706 dioc.
1636 640 1735 724 speci-

233 743 316 808 alem
338 742 477 826 graciam
499 741 665 822 iaciautos‚
690 743 729 806 de
761 742 947 807 canonicatu
970 743 1029 807 sub
1052 743 1294 824 exspectacioue
1318 744 1478 826 prebende
1502 745 1637 810 ecclesie
1662 744 1736 812 Olo-

233 848 392 913 mucensis
414 847 587 930 dignemini
610 847 788 930 providere,
813 865 882 912 cum
912 846 1133 929 acceptacioue
1156 852 1227 930 etc,
1249 867 1312 912 non
1335 848 1493 928 obstante,
1517 850 1601 931 quod
1624 869 1732 932 parro-

232 953 367 1019 chialem
390 952 558 1018 ecclesiam
589 952 673 1017 dicta
704 952 780 1017 ville
804 951 843 1015 de
867 951 1038 1016 Paulowitz
1069 952 1211 1017 uoscitm
1242 952 1404 1034 obtinere3
1434 959 1561 1018 etcum
1592 955 1736 1020 omnibus

233 1057 306 1122 aliis
328 1076 391 1122 non
413 1056 614 1123 obstantibus
636 1064 670 1120 et
693 1056 845 1120 clausulis
868 1057 1054 1138 opportunis
1084 1075 1121 1122 ac
1144 1058 1378 1125 executoribus.

363 1161 436 1225 Fiat
459 1161 495 1226 G.
640 1158 643 1164 ’

362 1265 443 1331 Item
467 1265 635 1347 supplicat,
659 1270 817 1347 quatenus
840 1264 901 1330 sibi
923 1266 956 1329 in
979 1281 1149 1346 personam
1173 1266 1282 1331 dilecti
1307 1267 1356 1331 sui
1380 1260 1524 1333 Danielis
1548 1267 1672 1334 Nicolai
1695 1270 1735 1334 da

232 1370 370 1453 legnicz
393 1369 579 1452 iurisperiti,
603 1368 710 1434 clerici
734 1368 1008 1433 Wratislauiensis
1033 1369 1124 1453 dioc,
1159 1371 1294 1436 similem
1328 1372 1466 1452 graciam
1497 1371 1662 1456 iacientes,
1697 1373 1737 1437 de

232 1474 401 1558 dignitato,
434 1480 607 1557 personatu
638 1474 689 1537 vol
719 1471 822 1538 cilicio
847 1477 978 1538 vacante
1009 1473 1060 1538 vel
1082 1479 1242 1557 vacaturo,
1277 1481 1443 1558 spectante
1467 1476 1506 1540 ad
1530 1475 1734 1542 collaciouom

232 1585 295 1644 etc.
318 1579 459 1662 episcopi
482 1577 755 1643 Wratislauicusis
779 1577 951 1659 dignemini
969 1577 1147 1660 providere,
1171 1598 1240 1643 cum
1257 1580 1479 1662 acceptacione
1502 1586 1571 1661 etc,
1594 1598 1655 1645 nou
1680 1582 1734 1645 ob·

233 1689 350 1758 stante,
374 1683 458 1763 quod
480 1682 513 1747 in
536 1680 637 1747 forma
659 1682 814 1747 communi
838 1680 1024 1747 beneficium
1042 1682 1293 1748 ecclesiasticum
1316 1703 1386 1749 cum
1410 1702 1486 1749 cura
1508 1684 1558 1748 vel
1571 1685 1639 1749 sine
1652 1703 1735 1766 cura,

233 1789 275 1853 ad
296 1787 501 1853 collaciouem
531 1792 591 1851 etc.
622 1786 763 1869 episcopi
794 1786 994 1851 Patauiensis
1024 1787 1167 1853 noscitur
1197 1793 1384 1872 expectare;
1422 1795 1456 1853 et
1488 1808 1557 1854 cum
1582 1789 1734 1856 clausulis

233 1892 420 1976 opportunis
443 1897 479 1956 ut
502 1909 606 1973 supra.

363 1997 437 2062 Fiat
459 1997 495 2062 G.

364 2102 445 2167 itam
467 2101 635 2184 supplicat
668 2106 825 2182 quatenus
855 2101 916 2166 sibi
946 2102 980 2165 iu
1011 2120 1176 2184 personam
1208 2103 1317 2168 dilecti
1349 2103 1399 2169 sui
1422 2103 1553 2169 Henlini
1577 2104 1735 2185 quondam

237 2206 410 2274 Hermanni
433 2206 541 2273 clerici
564 2205 841 2270 Luthomusleusis
864 2205 1000 2270 similem
1022 2206 1159 2289 graciam
1190 2206 1353 2290 iacientes,
1388 2208 1428 2273 ‹le
1459 2209 1646 2274 canonicatu
1678 2210 1736 2275 sub

237 2311 460 2396 expectacione
507 2311 668 2393 prebende
702 2311 735 2376 in
769 2310 905 2375 ecclesia
945 2329 970 2375 s.
1001 2312 1089 2377 Patri
1123 2311 1156 2375 iu
1194 2311 1361 2394 Bruunal)
1398 2310 1617 2378 Olomucensis
1655 2313 1734 2380 dioc.

237 2416 407 2501 digrremini
438 2415 615 2499 providere,
650 2435 719 2480 curu
750 2417 971 2497 acceptacioue
1002 2423 1037 2482 et
1067 2436 1137 2482 cum
1160 2417 1311 2482 clausulis
1334 2421 1368 2483 ct
1390 2436 1453 2483 non
1476 2418 1677 2488 obstantibus
1701 2424 1737 2487 ut

236 2540 338 2603 supra.

364 2625 438 2691 Fiat
460 2625 497 2691 G.

365 2731 446 2795 Item
469 2730 636 2813 supplicat,
659 2735 816 2810 quatenus
846 2730 905 2795 sibi
929 2731 961 2795 in
984 2750 1151 2813 porsonam
1175 2733 1285 2797 dilecti
1309 2732 1358 2797 sui
1381 2732 1535 2798 iohannis
1559 2734 1732 2801 Tlromauui

237 2835 275 2901 de
296 2835 377 2901 Nisa
399 2835 505 2900 clerici
529 2833 802 2900 Wratislauiensis
826 2834 916 2915 dioc,
929 2835 1081 2901 baoalarii
1103 2835 1136 2901 in
1159 2836 1324 2918 medicina,
1343 2837 1479 2902 similem
1506 2839 1645 2921 graciam
1661 2838 1735 2904 faci·

238 2946 336 3020 autes,
372 2941 411 3004 de
441 2938 594 3006 beneficio
618 2939 836 3005 ecclesiastice
860 2958 929 3003 cum
960 2959 1037 3004 cura
1059 2941 1111 3005 vel
1134 2940 1203 3006 sine
1227 2960 1311 3023 cura,
1345 2947 1479 3007 vacante
1503 2943 1553 3007 vol
1578 2950 1727 3009 vacaturo

238 3050 401 3128 spectante
425 3045 632 3111 communiter
654 3045 705 3108 vel
728 3044 854 3109 divisim
877 3045 917 3109 ad
941 3046 1146 3111 collacionam
1169 3052 1229 3112 etc.
1255 3047 1366 3112 decani
1389 3052 1424 3112 et
1446 3046 1579 3129 capituli
1601 3047 1735 3114 ecclesie

239 3149 517 3228 Wratislauiensis,
542 3149 641 3215 eciam
665 3150 692 3214 si
715 3151 747 3214 in
765 3148 902 3215 ecclesia
917 3151 1091 3216 cathedrali
1114 3152 1240 3231 existat,
1263 3150 1436 3233 dignemini
1459 3151 1638 3234 providero,
1663 3172 1733 3216 cum

240 3255 457 3337 acceptacione
480 3261 515 3319 et
538 3255 687 3320 clausulis
711 3254 897 3337 opportunis
921 3261 957 3319 ut
980 3273 1075 3338 supra
1105 3303 1718 3322 ...............

364 3358 437 3427 urat
459 3359 496 3424 a.
1655 3344 1659 3349 '

364 3464 408 3528 Et
429 3464 512 3545 quod
536 3464 752 3530 committatur
774 3481 906 3529 examen
930 3465 970 3529 ad
993 3468 1101 3547 partes
1131 3484 1188 3547 pro
1213 3464 1406 3545 absentibus,
1442 3483 1512 3528 cum
1536 3466 1667 3548 propter
1690 3465 1736 3530 di·

241 3569 389 3634 stanciam
412 3569 473 3635 loci
496 3570 674 3634 striarum
696 3570 838 3653 pericula
859 3571 1032 3635 Romanam
1056 3570 1174 3635 curiam
1197 3570 1328 3636 visitare
1352 3589 1415 3634 non
1438 3569 1571 3652 possint.

365 3673 440 3740 Sine
464 3676 526 3740 alia
549 3675 701 3741 leccione.
725 3676 798 3740 Fiat
821 3675 858 3740 G.
875 3684 901 3757 ⁰)

364 3779 404 3843 D.
428 3781 511 3862 apud
533 3780 766 3846 Villamnouam
791 3774 1015 3845 Aninioneusis
1038 3779 1116 3845 dioc.
1142 3778 1205 3843 Illl
1229 3778 1270 3843 id.
1306 3777 1395 3842 Junii
1419 3796 1448 3842 a.
1472 3777 1618 3860 septimo.

364 3967 397 4023 R.
415 3967 509 4038 Suppl.
538 3975 572 4022 30
605 3968 651 4022 iol.
679 3968 729 4021 95⁴.
758 3999 791 4007 -
817 3973 842 4038 ⁸)
861 3969 1038 4040 ,presbytero‘
1065 3967 1162 4039 Suppl.
1186 3969 1212 4034 b)
1232 3967 1388 4022 Corrcctum
1417 3985 1464 4023 ex:
1499 3969 1604 4034 ‚Buma‘
1646 3966 1741 4037 Suppl.

242 4057 266 4118 c)
281 4054 326 4116 ,Et
344 4054 418 4124 quod
437 4055 609 4110 commitatur
627 4084 660 4095 —
678 4054 741 4108 Fiat
758 4056 800 4111 G!
828 4056 861 4110 ad
880 4055 961 4109 mem
987 4055 1103 4125 paginae
1121 4055 1177 4109 alia
1195 4071 1278 4109 manu
1296 4056 1453 4125 suppletum
1473 4071 1533 4109 cum
1552 4054 1734 4109 revocationis

243 4140 323 4212 amno,
341 4143 377 4197 ed
397 4143 470 4212 quod
489 4158 608 4212 sequens
626 4151 692 4198 nota
709 4144 764 4199 alia
782 4160 864 4199 mauu
883 4145 986 4214 scripta
1003 4143 1032 4198 iu
1051 4160 1133 4214 marg.
1152 4144 1266 4199 sinistro
1285 4143 1416 4213 pertinet:
1436 4143 1572 4214 ‚attende
1591 4142 1664 4211 quod
1681 4141 1737 4196 ista

241 4225 328 4285 tabuit
346 4229 487 4299 registrari
506 4246 590 4300 supra
608 4230 643 4285 ad
663 4230 752 4286 simile
771 4230 894 4301 signum‘.

881 4453 1085 4463 ...-.----

240 4613 328 4684 964.
352 4613 531 4681 Pardnsaio
553 4620 628 4680 nato
650 4614 764 4680 nobilis
785 4616 849 4681 oiri
870 4614 997 4680 Nicolai
1019 4614 1057 4680 de
1072 4615 1275 4698 Pastorem)
1299 4614 1414 4678 malitis
1422 4614 1609 4697 propicietur
1631 4614 1669 4678 de
1684 4636 1736 4680 ca·

239 4719 383 4786 nonicutn
404 4718 551 4785 ecclesiae
575 4719 789 4785 Olomncensis
822 4720 879 4785 snb
909 4719 1120 4803 expectatione
1147 4718 1440 4801 praesentaneos
1473 4718 1616 4783 obstante
1646 4722 1681 4781 nt
1702 4718 1736 4781 in

239 4824 462 4908 supplicatione
483 4824 542 4889 aab
563 4845 612 4890 nr.
635 4823 710 4891 963.
737 4826 916 4903 „Nobilitas
937 4825 1077 4906 pencris“
1112 4822 1229 4907 „Apnd
1258 4823 1489 4889 Viiiamnonam
1512 4821 1736 4888 Aninionensis

239 4927 312 4996 dioc.
326 4929 403 4995 1111
408 4928 452 4997 it.
465 4929 560 4997 Junii
571 4951 601 4996 a.
613 4931 773 5014 septimo.“
787 4967 829 4980 —-
853 4932 892 4996 In
913 4953 938 4995 c.
962 4952 1002 4996 m.
1027 4928 1257 5012 archiepiscopo
1274 4929 1430 5012 Propensi
1452 4933 1482 4991 et
1496 4926 1605 4992 abbati
1626 4947 1733 4991 morra·

238 5034 323 5098 elerii
348 5032 544 5099 Trebecensic
569 5032 780 5101 Olornncenais
812 5036 890 5101 dioc.
915 5055 954 5100 ao
976 5034 1092 5100 decano
1114 5033 1262 5099 corbeiae
1290 5052 1314 5097 s.
1337 5030 1478 5114 Agricoli
1500 5032 1734 5098 Acinionensis.

1029 5170 1124 5257 Apnal
1155 5170 1392 5251 Villamnooam,
1415 5170 1501 5235 1359
1523 5170 1617 5236 Junii
1639 5174 1690 5235 10.

378 5155 384 5215 l

298 5190 398 5312 ,lr-

362 5361 395 5418 a
412 5365 463 5417 Ar.
483 5366 533 5417 140
550 5361 598 5417 iol.
616 5370 684 5419 291⁴.
705 5394 736 5404 -
759 5369 784 5431 α)
802 5363 972 5433 ,Paulouicz‘
989 5365 1039 5417 Ar.
