3944 6060
231 424 253 488 2
836 420 906 474 Acts
924 419 1075 476 Innocentii
1092 420 1140 475 VI.

230 630 293 696 nisi
314 630 397 697 lorte
413 631 499 695 dicta
514 650 639 696 camera
655 632 820 697 residuum
836 632 1018 698 huiusmodi
1028 632 1139 696 mallet
1155 632 1299 715 recipere
1317 639 1350 698 et
1366 632 1496 714 habere,
1519 636 1747 703 obtinentibus

232 734 387 801 benefitia
409 735 480 818 ipsa
501 755 558 818 pro
582 737 808 818 supportandis
831 738 1004 803 eorundem
1027 735 1251 803 beneficiorum
1272 739 1421 802 oneribus
1444 745 1478 803 et
1499 740 1744 807 sustentatione

232 839 302 922 ipsa
325 840 539 905 obtinentium
562 858 692 919 summa,
716 860 773 922 pro
797 860 860 921 qua
882 838 1036 904 benefitia
1052 841 1123 923 ipsa
1139 847 1326 905 taxarentur
1339 843 1371 906 in
1388 841 1520 923 decima,
1543 850 1742 927 remanente,

234 961 332 1026 super
354 962 415 1025 quo
438 944 541 1009 eidem
565 963 689 1009 camere
713 945 889 1027 recipiendi
912 944 1068 1009 videlieet
1089 945 1287 1011 taxationem
1307 946 1358 1009 vel
1374 946 1537 1013 residuum
1558 948 1743 1015 huiusmodi

234 1048 400 1131 opcionem
415 1049 555 1129 reliquit,
579 1050 624 1114 sie
647 1056 764 1131 tamen,
789 1051 885 1130 quod,
908 1049 1059 1130 quiequid
1081 1051 1192 1114 eadem
1215 1067 1341 1114 camera
1363 1051 1507 1137 eligeret,
1530 1071 1630 1119 onera
1650 1055 1747 1120 bene·

231 1151 373 1217 liciorum
397 1152 536 1235 ipsorum
569 1172 608 1218 ea
630 1154 812 1219 obtinentes
842 1159 1029 1219 tenerentur
1060 1155 1099 1219 de
1130 1161 1222 1237 parte
1254 1155 1334 1237 ipsa,
1364 1173 1458 1236 quarn
1482 1156 1594 1222 eadem
1618 1174 1747 1223 camara

231 1257 288 1338 eis,
311 1263 347 1320 ut
369 1256 538 1339 prefertur,
562 1258 748 1340 dimitteret,
771 1259 917 1324 totaliter
940 1265 1140 1341 supportare,
1171 1259 1232 1325 nisi
1256 1259 1439 1324 obtinentes
1461 1261 1598 1343 predicti
1621 1262 1746 1329 vellent

230 1379 341 1426 omnes
363 1360 496 1442 fruetus,
527 1363 673 1428 redditus
704 1370 739 1428 et
761 1370 936 1446 proventus
967 1364 1190 1428 beneficiorum
1220 1364 1360 1446 ipsorum
1393 1382 1451 1446 per
1482 1364 1601 1430 dietum
1624 1384 1742 1433 annum

230 1465 356 1547 integre
387 1466 550 1532 dimittere
581 1485 705 1531 camere
737 1468 912 1551 apostolice
942 1468 1117 1552 prelibate;
1155 1487 1217 1550 quo
1248 1486 1324 1534 casu
1353 1469 1425 1551 ipsa
1455 1486 1581 1535 camera
1607 1470 1742 1537 baberet

233 1569 397 1634 benefitiis
419 1570 500 1652 ipsis
524 1572 627 1652 quoad
650 1590 758 1636 curam
781 1572 964 1655 animarum,
987 1573 1014 1636 si
1038 1573 1086 1637 eis
1109 1572 1290 1652 inmineret,
1314 1591 1350 1637 ae
1372 1572 1407 1637 in
1429 1573 1546 1639 divinis
1568 1572 1683 1641 officiis
1705 1594 1744 1643 ac

234 1679 502 1740 sacramentorum
535 1676 824 1741 ecclesiastieorum
853 1677 1090 1743 ministratione
1120 1676 1227 1742 lacere
1257 1695 1316 1760 per
1337 1695 1490 1761 personas
1520 1679 1664 1762 ydoneus
1685 1679 1741 1747 da·

233 1779 356 1858 serviri,
387 1785 422 1844 et
444 1784 556 1845 cetera
585 1780 633 1845 eis
656 1781 875 1846 incumbentia
905 1799 1002 1847 onera
1032 1783 1224 1864 supportari.
1269 1783 1318 1847 De
1342 1782 1406 1847 illis
1437 1788 1543 1847 autem
1566 1780 1741 1864 benefitiis,

235 1900 296 1963 que
319 1889 430 1948 taxata
452 1903 515 1949 non
538 1883 642 1950 forent
666 1886 705 1950 ad
729 1886 892 1965 decimam,
916 1886 1084 1968 ordinarit,
1108 1887 1192 1967 quod
1214 1886 1382 1966 fruetuum,
1404 1887 1587 1953 reddituum
1610 1894 1644 1954 et
1666 1907 1745 1971 pro·

231 1995 383 2053 ventuum
412 1989 590 2056 huiusmodi
621 1991 777 2056 medietas
808 1991 848 2054 ad
879 1990 1033 2073 prefatam
1057 2008 1222 2073 eameram,
1255 1990 1318 2055 alia
1339 2010 1415 2057 uero
1437 1992 1595 2057 medietas
1618 1992 1659 2057 ad
1682 1995 1737 2059 ob·

232 2092 373 2158 tinentes
396 2094 509 2158 eadem
531 2094 684 2160 benefitia
707 2095 906 2177 pertinerent
927 2096 987 2160 sub
1002 2095 1113 2177 mollis,
1136 2094 1245 2160 formis
1260 2101 1295 2159 et
1314 2096 1550 2162 condicionibus
1574 2098 1614 2162 de
1637 2096 1738 2181 ulier)

231 2197 395 2262 benefieiis
418 2199 566 2280 superius
589 2200 803 2282 expressatis3
824 2200 924 2265 uoluit
946 2199 1047 2264 eciam
1062 2199 1147 2264 idem
1163 2198 1311 2264 Clemens
1326 2202 1535 2283 predecessor
1549 2207 1584 2266 et
1598 2202 1736 2269 auctari·

232 2306 300 2366 tate
323 2301 499 2366 declaravit
520 2303 641 2386 eadem,
664 2304 747 2385 quod
769 2304 949 2369 reservatio
972 2310 1005 2368 et
1021 2304 1195 2387 applicatio
1210 2305 1389 2370 huiusmodi
1404 2324 1467 2370 non
1483 2305 1736 2372 extenderentur

233 2406 274 2471 ad
289 2404 492 2470 cathedrales
504 2406 658 2472 ecelesias
675 2409 723 2472 vel
741 2408 888 2474 abbatias
903 2408 1077 2491 regulares,
1101 2427 1161 2490 que
1178 2414 1285 2474 tamen
1301 2410 1528 2475 conventuales
1551 2410 1729 2477 existerent

232 2518 289 2575 aut
312 2509 353 2574 ad
375 2509 539 2593 benefitia,
569 2529 701 2592 quorum
732 2512 863 2594 fruetus,
893 2512 1038 2577 redditus
1069 2519 1102 2577 et
1132 2518 1304 2594 proventus
1335 2515 1430 2579 annui
1460 2532 1569 2579 verum
1596 2515 1737 2581 valorem

233 2614 343 2679 deeem
366 2612 516 2679 librarum
540 2615 771 2682 Turonensium
794 2637 962 2700 parvorum
984 2636 1046 2683 non
1069 2618 1270 2699 excederent,
1308 2619 1359 2683 vel
1390 2637 1451 2700 que
1484 2637 1523 2683 er
1550 2636 1648 2683 eausa
1669 2636 1744 2703 per·

234 2718 425 2784 mutationis
448 2736 562 2784 vacare
585 2727 728 2804 tempore
751 2723 894 2804 predicto
918 2722 1127 2804 contingeret,
1158 2739 1215 2785 seu
1239 2722 1279 2785 ad
1301 2722 1436 2786 vicarias
1458 2722 1509 2786 rel
1532 2722 1740 2805 captumst.

232 2830 269 2889 ut
287 2823 456 2907 plurimum
476 2843 496 2889 a
510 2824 738 2891 decedentibus
751 2827 923 2891 secuudum
937 2843 1055 2892 nrorem
1071 2826 1267 2890 diversarum
1283 2825 1489 2891 eeclesiarum
1505 2826 1673 2893 institutas
1696 2827 1739 2893 ad

234 2931 349 2996 missas
380 2949 437 3012 pro
468 2930 698 2996 decedentibus
728 2932 935 2996 celebrandas
965 2931 1096 3010 eisdem,
1128 2931 1225 2994 tertis
1255 2930 1438 2996 constitutis
1469 2930 1649 2996 redditibus
1682 2950 1742 3014 pro

234 3034 433 3118 presbyteris
448 3035 526 3099 iuibi
547 3037 811 3116 celebrantibus)
828 3037 878 3100 rel
900 3036 1017 3117 aliast),
1040 3042 1076 3100 ut
1098 3036 1220 3100 tliurrris
1236 3041 1269 3099 et
1284 3037 1448 3101 nocturnis
1470 3036 1557 3102 horis
1580 3036 1743 3102 canonicis

234 3141 438 3220 interessent,
470 3139 637 3207 dumnrodo
668 3142 780 3224 rigiuti
811 3141 960 3206 librarum
983 3139 1212 3205 turonensium
1243 3159 1410 3221 parvorum
1442 3141 1580 3206 valorem
1603 3158 1743 3205 munuum

234 3263 299 3309 uon
322 3242 525 3317 excederent,
555 3245 623 3310 sive
648 3246 715 3331 [ad]
739 3246 916 3312 cotidianas
945 3244 1192 3309 distributiones
1218 3244 1432 3325 quarumlibet
1454 3244 1661 3311 ecelesiarum
1683 3262 1741 3311 seu

239 3349 457 3415 anniversaria
480 3349 531 3415 rel
555 3352 774 3435 obventiones,
809 3369 869 3432 que
893 3351 1047 3433 deputata
1070 3349 1110 3414 ad
1133 3355 1256 3413 certum
1279 3350 1354 3430 quid
1377 3355 1595 3432 noscerentur,
1618 3348 1681 3416 nisi
1704 3348 1745 3415 ud

237 3454 293 3519 illa
317 3472 375 3518 seu
398 3452 480 3530 illas,
504 3472 565 3535 que
587 3457 662 3535 illis,
686 3458 770 3538 quis)
795 3457 827 3520 in
850 3456 980 3521 civitate
1004 3461 1114 3519 essent
1136 3453 1187 3517 vel
1210 3453 1279 3519 loco
1294 3460 1471 3537 presentes,
1494 3454 1744 3538 consuevissent,

233 3559 393 3640 rquamvis
415 3557 501 3623 horis
524 3579 585 3626 uon
609 3562 804 3627 interessent
819 3560 986 3640 canonicis
1011 3559 1156 3641 elargiri;
1177 3558 1279 3623 voluit
1294 3576 1428 3640 quoquc,
1451 3560 1536 3641 quod
1550 3558 1608 3641 illi,
1629 3559 1745 3641 quibus

247 3677 355 3751 uetus,
379 3663 529 3736 redditus
552 3676 584 3734 et
608 3672 782 3751 proventus
807 3666 900 3731 arrius
923 3665 997 3730 anni
1021 3663 1247 3729 beneficiorum
1273 3663 1452 3729 huiusmodi
1487 3664 1682 3728 deberentur
1703 3662 1744 3728 de

233 3772 315 3855 iure,
348 3770 527 3858 privilegio,
558 3773 787 3839 consuetudine
811 3771 861 3834 rel
886 3777 1017 3851 statuto,
1050 3788 1132 3834 anuo
1164 3768 1310 3849 sequenti
1341 3768 1413 3833 illos
1440 3768 1629 3851 reciperent.
1659 3756 1745 3833 sicut

234 3879 335 3960 prinm
359 3898 441 3945 anno
464 3878 626 3962 recepturi
650 3884 753 3955 erarrt,
776 3876 802 3940 si
827 3894 888 3940 nou
912 3876 1077 3940 obstarent
1100 3873 1278 3937 reservatio
1295 3878 1330 3936 et
1345 3872 1521 3954 applicatio
1545 3871 1744 3955 supradicte.

234 3982 280 4046 Ae
303 3983 430 4048 demum
453 3985 563 4065 soluit,
586 3989 621 4047 et
636 3982 698 4047 fuit
715 3979 906 4045 intentionis
933 3996 1000 4056 sue,
1024 3979 1107 4058 qrrod
1131 3976 1369 4041 reservationes
1393 3977 1432 4041 de
1448 3975 1613 4058 natabus,
1637 3975 1744 4041 reddi·

234 4087 321 4152 tibus
345 4094 380 4152 et
404 4090 612 4172 proventibus
635 4082 885 4171 [benefitiorum]
904 4082 1084 4147 huiusmodi
1106 4101 1163 4161 pro
1184 4088 1251 4146 toto
1268 4087 1411 4163 tempore
1434 4080 1611 4145 vacationis
1634 4098 1744 4146 eorum

235 4210 295 4273 per
317 4192 422 4257 felitis
445 4192 680 4258 recordacionis
703 4188 911 4254 Benedicturu
947 4205 1059 4268 papam
1083 4185 1153 4267 XII,
1188 4185 1446 4267 predecessorem
1469 4183 1546 4249 dieti
1570 4183 1745 4250 Clementis

236 4301 270 4361 et
293 4304 446 4379 uestrum,
478 4298 552 4361 olim
578 4296 661 4360 strete
692 4300 806 4359 extorre
839 4310 900 4357 non
930 4291 1150 4372 procederent,
1182 4290 1239 4354 sed
1262 4309 1320 4370 per
1342 4289 1400 4354 lroc
1423 4307 1485 4354 non
1506 4288 1669 4354 intellexit
1694 4307 1745 4354 ta·

238 4419 324 4466 ruere
348 4403 551 4484 preiudieare
577 4401 730 4483 predicte,
760 4396 998 4478 quoniamae,
1024 4413 1084 4475 que
1109 4395 1148 4458 de
1172 4393 1335 4474 fructibus,
1353 4393 1531 4457 redditibus
1553 4398 1589 4457 et
1611 4410 1744 4473 proven·

236 4507 331 4589 tibus,
354 4508 407 4588 qui
424 4512 500 4571 tune
516 4523 555 4570 ex
574 4502 737 4570 benefieiis
760 4499 940 4564 huiusmodi
963 4501 1159 4564 obvenerant
1174 4507 1208 4562 et
1224 4498 1351 4562 ratione
1370 4496 1624 4561 reservationum
1640 4496 1744 4561 Bene·

236 4611 322 4690 dieti,
348 4610 584 4693 predecessoris
608 4608 760 4689 eiusdem,
791 4605 875 4670 dicte
899 4621 1022 4666 cartrere
1046 4603 1244 4667 debebantur
1276 4601 1325 4665 vel
1357 4601 1397 4665 ad
1429 4619 1499 4665 eam
1529 4599 1743 4683 pertinebant,

236 4721 345 4798 posset
375 4715 504 4797 exigere
539 4714 588 4778 rel
622 4714 749 4777 lrabere.
797 4711 841 4774 Ae
875 4707 991 4771 deiude
1023 4706 1126 4771 dietus
1157 4706 1364 4787 predecessor
1394 4703 1541 4769 Clemens
1562 4704 1743 4770 huiusmodi

238 4819 487 4884 necessitatibus
511 4838 572 4884 nou
598 4817 763 4883 subductis
779 4813 1032 4879 reservationem
1055 4817 1088 4874 et
1104 4810 1353 4892 applicationem
1376 4808 1556 4873 huiusmodi
1579 4808 1744 4890 usquead

237 4925 400 4989 biennium
426 4923 609 4988 continuum
633 4942 651 4986 a
674 4921 736 4986 line
760 4921 893 4984 duorum
917 4917 1086 4998 primorum
1108 4934 1258 4981 annorum
1281 4915 1382 4996 primo
1398 4920 1433 4977 et
1448 4914 1680 4993 subsequenter
1701 4913 1744 4978 ad

237 5028 316 5093 alios
347 5029 426 5094 duos
458 5046 559 5093 anuos
590 5047 609 5090 a
643 5025 704 5090 line
740 5023 861 5089 biennii
895 5021 1109 5103 predictorum
1137 5019 1364 5101 computandos
1387 5020 1445 5082 sub
1479 5017 1590 5095 ruodis,
1624 5015 1744 5101 formis,

238 5133 477 5198 condicionibus
511 5139 545 5197 et
578 5129 838 5213 expressionibus
872 5124 1063 5208 supradietis
1102 5124 1315 5205 prorogandas
1353 5121 1444 5187 duxit
1481 5141 1516 5185 ae
1553 5121 1654 5187 etiarn
1687 5139 1742 5186 ex·

237 5236 451 5313 tendendas,²l
484 5237 626 5300 adiciens
658 5232 879 5298 nichilominus
911 5231 941 5292 in
965 5229 1152 5292 extensione
1179 5236 1213 5292 et.
1235 5227 1461 5311 prorogacione
1484 5224 1605 5290 ultimis
1630 5243 1743 5308 supra·

237 5340 332 5407 dietis
355 5361 390 5405 atr
415 5342 535 5425 volens,
567 5340 650 5422 quod
674 5338 880 5403 canonicatus
911 5342 942 5398 et
966 5334 1139 5416 prebende,
1171 5332 1354 5414 ‹lignitates
1386 5335 1585 5412 personatus,
1609 5328 1743 5393 admini-
