3944 6060
732 468 799 516 raso
816 462 986 532 Septembris
1005 469 1046 516 ιο.
1064 493 1098 503 -
1117 463 1242 518 Octobris
1261 471 1283 519 r.
1700 466 1758 529 lll

261 669 350 739 280.
373 670 516 736 Jobanui
539 672 696 735 Paduano
719 673 836 736 decano
852 671 1000 737 ecclcsiae
1023 673 1272 753 Visscprudensis
1287 671 1470 750 naaman,
1494 676 1648 753 quatenus
1666 693 1762 753 pecu·

258 775 385 836 uiarum
421 779 451 836 ct
479 796 585 838 rerum
613 774 824 856 quarumlibet
854 777 1047 858 quantitates
1078 777 1121 840 ad
1154 797 1314 841 cameram
1345 775 1550 858 apostoticam
1580 781 1758 859 spectantes

686 880 868 944 Bertrondo
891 881 1032 964 episcopo
1055 879 1190 964 Aptansi
1211 880 1331 945 tradat.

1222 1017 1383 1096 Acinione,
1407 1019 1493 1082 1354
1518 1018 1662 1083 Octobris
1686 1021 1716 1084 7.

385 1173 592 1238 Innocencius
615 1180 675 1239 etc.
701 1176 738 1240 D.
763 1176 782 1239 f.
806 1175 943 1242 Jobanni
978 1176 1063 1240 dicto
1096 1176 1245 1240 Paduano
1277 1176 1396 1239 decano
1420 1175 1555 1240 ecclesie
1580 1175 1759 1259 Wiscegra·

258 1277 364 1341 densis
388 1277 557 1360 Pragensis
580 1278 670 1354 dioc,
695 1280 870 1360 apostolice
894 1280 980 1344 sedis
1004 1279 1129 1357 nuncio,
1153 1280 1288 1343 salutem
1312 1286 1372 1343 etc.
1405 1279 1601 1344 Discrecioni
1625 1287 1679 1345 tue
1703 1299 1760 1363 per

257 1381 431 1464 apostolica
461 1382 580 1464 scripta
609 1384 804 1459 mandamus,
840 1384 989 1464 quatinus
1013 1401 1122 1448 omnes
1145 1389 1179 1448 et
1202 1384 1343 1466 singulas
1366 1384 1573 1466 pecuniarum
1597 1390 1632 1448 et
1654 1403 1759 1449 rernm

257 1485 387 1550 aliarum
412 1488 624 1567 quarumlibet
647 1488 844 1567 quantitates
876 1488 917 1552 ad
941 1507 1096 1553 cameram
1120 1494 1260 1553 nostram
1284 1494 1478 1570 spectantes,
1512 1505 1612 1570 penes
1636 1494 1668 1553 te
1692 1489 1759 1553 exi·

256 1594 387 1667 euntes,
413 1591 587 1656 venerabili
602 1591 694 1656 fratri
717 1598 826 1657 nostro
849 1592 1028 1658 Bertrando
1052 1593 1201 1674 episcopo
1224 1591 1369 1673 Aptensi,
1393 1592 1446 1672 qui
1462 1611 1564 1673 nuper
1587 1594 1627 1657 ad
1649 1598 1759 1675 partes

257 1692 326 1758 illas
350 1695 495 1772 accessit,
520 1696 589 1759 sine
612 1696 769 1761 dilacione
801 1697 943 1777 qualibet
979 1717 1048 1761 cum
1080 1696 1266 1779 integritate
1291 1695 1420 1802 tradere
1444 1703 1477 1761 et
1501 1697 1664 1778 assignare
1687 1715 1757 1778 pro·

257 1816 344 1863 cures
368 1799 602 1865 certificatnrus
626 1819 683 1882 per
707 1802 865 1883 publicum
889 1802 1136 1866 instrumentum
1160 1801 1274 1865 dictam
1299 1818 1456 1864 cameram
1480 1801 1614 1866 indilate
1630 1802 1670 1867 de
1686 1801 1758 1884 hiis,

256 1922 312 1985 que
337 1903 398 1968 sibi
422 1905 577 1968 tradenda
601 1905 729 1969 duxeris
753 1924 809 1969 seu
833 1906 933 1969 aciani
957 1906 1157 1988 assignanda.
1199 1906 1265 1969 Nos
1289 1905 1373 1968 enim
1397 1905 1501 1969 eidem
1525 1905 1674 1988 episcopo
1690 1909 1757 1986 qul·

256 2008 340 2072 tandi
364 2016 398 2073 et
421 2008 606 2073 absolvendi
629 2015 661 2073 te
685 2011 724 2075 de
748 2008 819 2090 hiis,
847 2029 907 2090 que
932 2030 949 2072 a
973 2016 1005 2073 te
1030 2011 1198 2092 receperit,
1222 2009 1347 2090 plenam
1371 2010 1573 2074 concedimus
1595 2027 1653 2091 per
1676 2008 1756 2074 alias

256 2117 375 2176 nostras
391 2112 518 2178 litteras
536 2112 731 2178 facultatem.
749 2115 785 2178 b.
803 2116 959 2178 Aninione
975 2134 1046 2180 non.
1065 2115 1213 2180 Octobris
1229 2113 1431 2196 pontificatus
1449 2114 1550 2178 nostri
1562 2133 1589 2178 a.
1607 2115 1754 2180 secundo.

380 2269 411 2322 n.
431 2268 492 2322 Vet.
511 2277 561 2324 242
579 2269 626 2323 tol.
647 2276 705 2338 tao,
733 2270 763 2323 R.
784 2271 845 2324 Vat.
865 2276 915 2324 236
935 2271 980 2324 tol.
1005 2276 1059 2324 181.
1080 2302 1112 2310 -
1132 2270 1196 2338 Reg.
1216 2269 1291 2340 apud
1311 2269 1475 2338 Werunslry,
1495 2269 1633 2338 Excerpta
1651 2286 1690 2324 nr.
1704 2275 1755 2323 314

254 2363 278 2409 ct
294 2355 397 2422 Huber,
415 2355 481 2424 ch.
501 2357 567 2426 lmp.
587 2358 651 2412 VlIl
671 2373 732 2428 pag.
751 2363 802 2410 783
821 2375 861 2411 nr.
881 2362 939 2411 2⁶8.

254 2655 338 2722 281.
362 2652 543 2719 Bertrando
564 2655 707 2738 episcopo
730 2652 863 2738 Aptansi
884 2655 1066 2727 mundatur,
1091 2664 1245 2736 quatenus
1262 2655 1416 2738 pecunias
1438 2678 1459 2720 a
1477 2655 1624 2723 Jobannc
1643 2656 1747 2719 Padu-

253 2779 306 2821 ono
328 2762 470 2841 receptas
494 2759 537 2822 act
558 2779 717 2824 cameram
740 2759 945 2843 apostoticam
976 2760 1099 2839 deferre
1108 2764 1264 2840 procuret,
1308 2760 1429 2843 ipsique
1445 2759 1596 2839 sancitus
1617 2760 1752 2840 quitaud

906 2864 1093 2928 conceditur.

1213 3004 1377 3087 Asinione,
1405 3007 1487 3068 1354
1512 3004 1653 3071 Octobris
1677 3006 1705 3071 7.

375 3159 583 3224 lunocencius
606 3165 666 3223 etc.
691 3159 768 3223 Veu.
792 3159 829 3223 lr.
854 3160 1032 3223 bertrando
1056 3159 1205 3240 episcopo
1229 3159 1364 3240 Aptensi
1387 3159 1523 3224 salutern
1546 3166 1580 3225 et
1596 3159 1746 3242 apostoli-

253 3264 604 3329 cambenedictionem.
630 3265 666 3329 l).
687 3263 714 3327 l.
738 3263 876 3328 Johauui
900 3264 984 3329 dicto
1008 3264 1158 3328 Paduano
1182 3263 1302 3327 decano
1318 3263 1454 3326 ecclesie
1472 3263 1746 3346 wissegradensis

150 3399 156 3406 ·
255 3369 415 3451 bragensis
448 3370 536 3449 dioc,
570 3368 744 3449 apostolice
776 3368 862 3431 sedis
892 3368 1016 3446 nuncio,
1050 3367 1160 3430 damus
1195 3384 1252 3448 per
1286 3367 1365 3430 alias
1402 3373 1528 3432 nostras
1563 3368 1689 3433 litteras
1712 3369 1745 3432 in

189 3530 194 3535 .
252 3473 410 3554 mundatis,
434 3481 471 3538 ut
493 3491 601 3538 omnes
625 3478 659 3537 et
681 3473 823 3554 singulas
846 3472 1049 3553 pecuniarum
1066 3476 1100 3534 et
1115 3489 1219 3534 rerum
1237 3471 1369 3534 aliarum
1385 3472 1597 3551 quarumlibet
1620 3472 1745 3552 quanti·

252 3582 329 3640 tutes
363 3577 403 3641 ad
426 3596 582 3641 cameram
606 3582 745 3641 nostram
770 3582 962 3658 spectantes
987 3593 1086 3657 penes
1109 3593 1180 3638 curn
1204 3575 1390 3655 existentes,
1415 3575 1482 3653 tibi,
1508 3577 1633 3639 nomine
1658 3577 1741 3640 dicte

253 3696 368 3743 camere
391 3681 570 3762 recipienti,
593 3681 701 3745 tradat
722 3682 855 3744 realiter
878 3687 911 3743 et
934 3680 1084 3761 assignet.
1110 3679 1248 3759 Ideoque
1282 3678 1478 3743 fraternitati
1512 3684 1567 3743 tue
1590 3698 1648 3761 per
1670 3700 1744 3762 apo·

253 3785 355 3848 stolica
377 3786 497 3866 scripta
519 3785 713 3864 mandamus
748 3792 905 3865 qnatenus
939 3783 1119 3847 huiusmodi
1154 3801 1205 3847 res
1229 3790 1262 3846 et
1285 3782 1446 3864 pecunias,
1481 3801 1559 3863 quas
1582 3784 1666 3848 idem
1690 3784 1743 3848 Jo-

252 3884 373 3965 bauneS,
397 3895 434 3953 ut
455 3889 662 3972 premittitur,
687 3889 746 3953 tibi
769 3888 885 3966 tradet,
911 3888 1036 3952 nomine
1061 3887 1147 3951 dicte
1171 3904 1296 3950 camere
1319 3885 1456 3966 recipias
1480 3893 1514 3951 et
1530 3887 1570 3951 ad
1586 3904 1741 3951 cameram

244 3989 342 4072 ipsam
365 4010 458 4073 quam
482 3993 580 4058 cicius
614 3994 745 4059 comode
769 3992 900 4074 poterin,
935 3992 1072 4056 fideliter
1105 3995 1139 4055 et
1162 3997 1231 4054 tute
1256 3990 1381 4054 deferre
1405 4007 1463 4054 seu
1487 3990 1648 4055 destinare
1672 4011 1741 4074 pro·

240 4114 346 4176 cures3
372 4117 429 4162 nos
452 4098 535 4161 enim
560 4099 619 4163 tibi
642 4097 787 4179 quitandi
809 4103 844 4161 et
867 4095 1052 4160 absolvendi
1076 4095 1232 4177 prefatum
1255 4095 1432 4159 Johannem
1456 4096 1495 4158 de
1511 4095 1582 4176 hiis,
1606 4114 1667 4176 que
1683 4097 1741 4160 tibi

237 4201 419 4282 tradiderit,
454 4203 580 4284 plenam
604 4202 805 4267 concedimus
828 4205 939 4264 tenore
963 4201 1162 4282 presencium
1186 4199 1377 4264 facultatem.
1428 4200 1464 4264 l).
1491 4199 1650 4264 buinione
1675 4218 1737 4264 non

235 4299 387 4371 Octobris
409 4304 612 4388 pontificatus
635 4306 737 4370 nostri
761 4323 787 4369 a.
813 4304 961 4368 secundo.

366 4459 399 4514 n
417 4459 479 4513 Vnt.
498 4465 549 4512 242
568 4459 614 4513 tol.
636 4465 693 4521 125,
712 4459 743 4513 R.
763 4457 823 4511 Vat.
843 4462 893 4512 236
912 4455 959 4511 tol.
981 4462 1037 4510 181.

234 4751 328 4819 282.
352 4755 493 4822 Ouidoui
514 4755 655 4838 episcopo
682 4754 845 4819 Pertransi
867 4755 1055 4834 indulcetur,
1080 4759 1113 4817 ut
1136 4752 1283 4817 ccclesias
1306 4759 1334 4817 et
1358 4755 1550 4818 monasteria
1573 4756 1607 4817 in
1630 4755 1737 4817 erebi·

231 4854 405 4923 duanam
428 4879 484 4923 suo
506 4858 649 4924 aetesiae
675 4858 843 4923 Maddensis
865 4860 992 4923 visitari
1008 4862 1122 4937 facere
1155 4862 1184 4921 ct
1201 4858 1442 4941 procurationes
1465 4861 1604 4941 recipere
1621 4861 1735 4941 possit.

246 4957 385 5038 „bono
418 4964 613 5026 Immonw
657 4959 831 5044 ,Antntone
867 4982 937 5028 nou.
976 4963 1117 5026 Octobris
1148 4983 1177 5026 a.
1201 4962 1366 5027 secundo“.
1391 5000 1432 5008 -
1458 4965 1496 5026 In
1518 4984 1542 5026 e.
1566 4983 1606 5027 ru.
1632 4962 1733 5026 orobi-

305 5065 430 5131 dincono
452 5066 624 5149 Propensis
646 5070 676 5130 et
698 5068 820 5130 cantori
845 5067 1013 5131 Melitensis
1036 5065 1236 5130 ecclesiarum
1260 5087 1299 5129 ac
1321 5065 1458 5146 officiati
1482 5066 1670 5132 Parisieusi.

291 5202 392 5269 Oratis
412 5225 472 5289 pro
494 5205 574 5269 dom.
598 5205 683 5269 card.
1200 5206 1361 5283 Aniniouc,
1388 5207 1471 5269 1354
1497 5204 1638 5270 Octobris
1661 5204 1688 5267 7.

363 5376 393 5430 a
412 5379 462 5430 Ar.
483 5379 533 5430 128
556 5375 604 5430 lol.
622 5383 665 5444 76,
682 5376 714 5429 R.
739 5376 799 5429 Vnt.
818 5379 869 5434 225
888 5374 936 5429 fob
955 5381 997 5428 21.
