3944 6060
704 428 764 477 1331
787 422 955 492 Septembris
974 429 1007 476 33
1029 453 1054 462 -
1078 421 1204 476 Octobris
1223 429 1264 474 33.

362 630 494 697 FiatG.
519 630 593 696 Sine
615 632 678 697 alia
700 633 850 697 leccione.
875 632 948 697 Fiat
971 633 1008 698 G.

363 738 402 804 D.
426 737 583 802 buinione
606 736 666 801 VII
688 737 752 801 kal.
775 736 924 803 Octobris
947 757 974 803 a.
999 755 1089 802 nono.

362 925 394 978 R.
413 925 509 995 Suppl.
528 932 560 979 33
579 924 627 979 fol.
646 931 704 980 223.
727 957 753 965 -
777 935 801 991 ι)
822 925 946 995 Corripe:
966 924 1189 994 ,Ohotyeboriust
1210 925 1236 991 b)
1256 925 1385 994 Corrige:
1404 923 1534 991 ,Tuscow‘
1547 922 1635 991 (Cani.
1647 921 1736 991 Tingi,

235 1010 481 1067 confirmationum
499 1012 544 1066 lib.
562 1013 574 1065 1
594 1029 656 1081 pag.
674 1017 727 1078 ⁴1).
748 1019 773 1078 c)
792 1013 915 1082 Corriga:
936 1012 1100 1080 ,cladrunat

235 1309 350 1374 1267·
374 1309 438 1371 Pro
462 1306 607 1372 Conrado
628 1308 665 1371 de
690 1308 922 1389 carsiniano
945 1308 1124 1373 baccalario
1147 1309 1181 1372 in
1203 1310 1346 1384 decretis,
1372 1307 1602 1374 ambassiatere
1626 1305 1734 1374 Caroli

233 1414 446 1476 Romanorum
469 1413 670 1493 imperatoris
692 1413 900 1496 supplicatur,
931 1417 1085 1496 quatenus
1109 1411 1234 1477 collatio
1258 1415 1462 1479 canonicatus
1484 1418 1514 1477 et
1530 1411 1734 1495 praebendae

235 1516 381 1581 ecelesiae
415 1517 576 1599 Spirensis
609 1516 638 1581 ei
653 1521 752 1597 facta
785 1516 985 1600 confirmetur
1015 1516 1064 1581 ael
1094 1517 1123 1581 ei
1156 1517 1193 1582 de
1216 1518 1332 1582 eisdem
1362 1518 1399 1582 de
1422 1536 1498 1581 nono
1517 1516 1762 1600 provideatur.¹

237 1657 268 1665 —
300 1620 392 1701 ,Fial
418 1620 455 1685 G.
480 1621 523 1684 at
544 1621 613 1686 sine
634 1620 777 1687 leccione.
809 1621 889 1685 Fiat
913 1618 952 1688 (i.
977 1622 1020 1687 D.
1043 1621 1202 1686 Auiuione
1232 1623 1297 1687 VII
1308 1620 1372 1687 leal.
1399 1620 1541 1686 Octobris
1565 1642 1595 1683 a.
1619 1622 1728 1685 nono.“

1127 1758 1290 1838 Auinione,
1314 1761 1398 1824 1361
1422 1758 1613 1842 Septembris
1635 1761 1687 1824 25.

366 1947 397 2003 lt.
417 1947 513 2018 Suppl.
531 1954 565 2001 33
584 1948 631 2004 fol.
649 1954 718 2003 236¹.
738 1979 770 1989 -
784 1951 810 2016 ι)
828 1948 1006 2020 ,Gyainheim‘
1024 1948 1119 2018 Sappl.

234 2246 352 2313 1268.
377 2247 441 2310 Pro
462 2245 609 2314 Jolanne
631 2246 787 2330 quondam
811 2246 950 2312 Ganradi
971 2246 1008 2312 de
1021 2246 1236 2327 Herrndors·)
1258 2242 1468 2328 supplicatur,
1486 2249 1640 2328 quatenus
1655 2243 1685 2310 ei
1699 2243 1737 2309 de

233 2351 422 2415 canonicatu
454 2355 484 2415 el
502 2350 687 2434 praebenda
721 2350 867 2416 ecclesiae
897 2349 1135 2428 henamensis,
1170 2348 1358 2414 vacantibus
1386 2371 1445 2430 per
1466 2348 1584 2412 obitum
1608 2347 1736 2414 Nicolai

234 2453 370 2518 Arnaldi
402 2455 440 2518 de
462 2454 593 2520 Strelicr
624 2457 659 2519 in
685 2457 829 2520 Romana
854 2457 945 2520 curia
978 2455 1132 2536 defuncti,
1152 2455 1369 2537 provideatur,
1394 2473 1456 2518 reon
1478 2453 1628 2530 abstante,
1652 2452 1735 2535 qreod

228 2557 444 2640 parochialem
456 2558 663 2625 ecclesiamin
676 2560 889 2640 Herrndorf·)
920 2560 1177 2625 Vratislaoiensis
1192 2560 1269 2624 dioc.
1286 2559 1409 2623 obtinet.
1427 2594 1468 2604 —
1488 2559 1581 2640 ,Fiat
1601 2557 1640 2623 G.
1658 2557 1733 2623 Sine

403 2664 472 2728 alia
493 2665 633 2730 leccione.
658 2665 732 2728 Fiat
757 2665 793 2730 G.
817 2666 858 2728 D.
883 2663 1040 2730 Aninione
1062 2663 1096 2724 X
1116 2663 1179 2728 ital.
1204 2661 1387 2728 Nouembris
1410 2686 1441 2726 a.
1464 2668 1573 2726 nona.“

1173 2801 1338 2876 avinione,
1363 2800 1443 2865 1361
1473 2799 1617 2864 Octobris
1638 2800 1691 2864 23.

363 2991 394 3046 R.
414 2991 508 3060 Suppl.
529 2995 561 3044 33
581 2989 629 3045 fol.
648 2997 716 3045 250'.
736 3021 768 3031 -
789 2990 813 3057 ι)
834 2989 1008 3056 ,Herendorl‘
1026 2989 1123 3059 SuppI.
1145 3020 1175 3029 -
1194 2986 1226 3043 lb
1244 3005 1328 3058 marg.
1348 2988 1440 3043 dext:
1458 2989 1519 3052 ,Pro
1539 2991 1665 3042 camera.⁴

880 3149 1087 3160 ———

235 3287 352 3355 1269.
377 3287 523 3352 Andreas
547 3292 642 3352 natus
664 3288 824 3355 iohannis
848 3287 944 3352 Pauli
966 3289 1003 3352 de
1029 3286 1225 3352 Torselleriis
1247 3286 1379 3351 clericus
1403 3286 1638 3367 Pistoriensis·)
1661 3305 1735 3368 sup·

229 3391 344 3474 plicat,
367 3397 521 3476 quatenus
543 3391 605 3454 sibi
627 3391 665 3456 de
686 3392 875 3456 canonicatu
903 3396 934 3456 et
962 3391 1146 3473 praebenda
1180 3391 1329 3455 sedeciae
1352 3391 1494 3454 Picenae
1525 3394 1554 3454 el
1588 3390 1626 3453 de
1643 3390 1731 3472 pric-

236 3501 313 3560 ratu
335 3495 481 3560 ccclesiae
513 3515 539 3559 s.
563 3495 711 3559 Andreae
745 3495 782 3559 de
806 3497 1026 3576 „Triuaaano“
1055 3496 1262 3559 Placentinae
1291 3495 1379 3572 dioc..
1403 3493 1591 3559 vacantibus
1607 3515 1668 3575 per
1691 3494 1734 3559 li·

236 3598 342 3664 beram
375 3599 618 3676 resipnationem
654 3598 805 3664 Guilelmi
831 3600 957 3679 fratris
992 3601 1052 3682 sui,
1083 3599 1299 3680 provideatur,
1333 3597 1566 3676 nonobstante,
1595 3597 1734 3680 quadiu

242 3702 460 3766 Wormaliensi
482 3705 512 3765 et
534 3703 567 3764 in
589 3724 614 3766 s.
641 3702 750 3782 Epidii
774 3703 928 3782 Praoensi
950 3703 1088 3769 ecclesiis
1109 3704 1315 3768 canonicatus
1331 3706 1360 3767 et
1370 3701 1573 3784 praebendas
1595 3701 1735 3765 nascitur
1784 3691 1785 3696 ¹

235 3805 378 3872 obtinere.
400 3844 443 3853 -
484 3809 579 3888 ,liat
604 3805 662 3871 G.“
700 3789 740 3853 -⁰-
775 3807 853 3870 Ilem
875 3805 1047 3890 supplicat,
1081 3811 1236 3889 quatenus
1258 3806 1327 3884 sibi,
1359 3810 1394 3868 ut
1416 3806 1450 3868 in
1475 3807 1620 3869 Romana
1642 3805 1733 3870 curia

234 3909 282 3973 vel
303 3911 340 3974 in
357 3911 498 3994 penerali
519 3911 624 3974 studio
655 3910 816 3975 residendo
832 3914 973 3990 fructus,
998 3910 1147 3995 redditus
1170 3915 1198 3974 et
1219 3915 1386 3992 proventus
1408 3908 1631 3991 benefitiorum,
1655 3930 1736 3989 quae

236 4014 359 4094 obtinet,
382 4036 479 4099 usque
502 4015 545 4079 ad
567 4016 736 4080 triennium
755 4017 917 4098 percipere
946 4015 1062 4097 ualeat,
1085 4014 1297 4095 indulqeatur.
1332 4052 1373 4061 —
1406 4014 1503 4094 „Fiat
1529 4014 1566 4079 G.
1602 4015 1645 4076 Et
1667 4013 1736 4076 sine

383 4120 451 4184 alia
473 4120 612 4185 larciane.
637 4123 714 4184 Fiat
739 4118 776 4185 G.
803 4123 843 4184 D.
868 4121 1023 4185 Aninione
1047 4120 1104 4183 III
1120 4119 1185 4184 leel.
1209 4118 1395 4184 Novembris
1418 4141 1448 4182 a.
1472 4120 1582 4182 none.“

1086 4238 1089 4243 ’
1176 4258 1337 4338 avinione,
1361 4260 1444 4322 reor
1473 4257 1617 4322 aeona
1638 4257 1689 4322 so.

364 4448 395 4502 R.
414 4448 509 4517 Suppl.
528 4455 561 4502 33
580 4448 625 4502 iol.
645 4455 704 4503 239.
725 4478 756 4487 —
771 4452 795 4516 ⁸)
814 4447 1022 4511 ,Pistoricaaaia‘
1041 4447 1136 4516 Suppl.
1157 4480 1186 4486 —
1207 4448 1238 4500 In
1252 4448 1282 4502 R.
1298 4450 1346 4500 Aa.
1363 4454 1409 4502 143
1424 4447 1470 4500 sol.
1484 4453 1543 4500 348'
1561 4446 1738 4516 reperiuntur
1821 4492 1823 4498 ,

235 4531 352 4598 litterae,
370 4535 469 4603 quibua
489 4535 628 4604 praedicto
647 4534 775 4589 Andreae
792 4535 969 4589 canonicatus
989 4542 1015 4588 et
1034 4534 1191 4603 praebenda
1210 4534 1343 4588 ecclesiae
1362 4534 1477 4588 Pisaeae
1496 4535 1682 4587 conferuntur.

236 4853 352 4920 1270.
384 4852 493 4916 Nobili
512 4853 579 4915 viro
602 4850 728 4915 Alberto
758 4852 839 4916 dicta
863 4851 1046 4935 Ir'eloerat·)
1072 4849 1167 4914 militi
1188 4849 1361 4931 Propensis
1383 4847 1461 4912 dioc.
1485 4846 1673 4929 indulcetur,
1702 4850 1738 4910 ut

235 4963 393 5037 confessor
415 4957 481 5021 eius
504 4959 540 5020 in
561 4958 671 5020 mortis
684 4956 819 5020 articulo
830 4957 960 5039 plenam
979 4955 1117 5020 omniurn
1138 4956 1337 5034 peccatorum
1354 4952 1567 5016 remissionem
1585 4951 1614 5014 ei
1635 4969 1737 5014 conce-

396 5062 469 5126 dere
485 5061 597 5142 possit.
626 5062 809 5138 ,Proveniffl
838 5058 1012 5136 „Aninione
1037 5057 1174 5136 lillal.
1201 5057 1386 5120 Novembris
1409 5079 1439 5119 a.
1464 5058 1569 5120 nana“

1177 5196 1338 5280 Arsinoae,
1363 5198 1444 5260 reor
1474 5162 1616 5259 acrone
1639 5191 1690 5258 30.

366 5340 396 5393 R.
416 5341 465 5392 Ar.
486 5339 600 5393 143331.
620 5345 677 5393 343.
696 5369 729 5378 -
751 5344 776 5401 ²)
792 5338 1010 5392 ,6313333333
