3944 6060
230 441 272 503 26
828 437 897 487 Actia
920 432 1072 495 Innocentii
1092 432 1138 485 vl.

229 646 291 712 59.
317 645 517 710 Innocentius
535 666 627 728 popo
656 647 703 709 VI
721 645 832 712 Carolo
855 653 923 733 repi
944 652 1158 714 Rorrtonornnt
1178 648 1305 731 pretias
1329 644 1396 726 apii
1414 662 1476 724 pro
1499 642 1614 708 litteris
1638 662 1736 708 monn

829 755 966 837 propria
987 755 1126 838 scriptis.

1222 890 1385 968 Aoinione,
1409 888 1496 951 1353
1522 884 1618 952 Junii
1639 887 1693 950 to.

362 1079 532 1146 Carissimo
555 1082 588 1144 in
612 1080 739 1147 Christo
763 1082 826 1148 lilio
851 1082 963 1148 Carolo
995 1084 1062 1165 regi
1094 1084 1303 1148 Rornanorum
1336 1080 1454 1144 illustri
1478 1079 1614 1142 salutem
1637 1077 1735 1157 etc.⁸)

231 1184 460 1268 Magnitudinis
484 1193 537 1249 tue
562 1187 688 1251 litteras
711 1188 799 1269 regia
822 1207 915 1251 nrann
939 1189 1084 1270 scriptas,
1108 1206 1166 1270 per
1182 1206 1260 1268 quas
1276 1183 1370 1256 nosb)
1387 1184 1427 1248 ad
1443 1183 1603 1247 salubrem
1618 1183 1734 1263 guber·

231 1291 394 1355 riacionem
417 1297 451 1355 et
474 1290 616 1376 curamc)
640 1291 828 1355 universalis
852 1291 987 1356 ecclesie
1011 1293 1091 1357 mira
1114 1292 1338 1361 exhortacione
1370 1308 1406 1352 ac
1429 1286 1518 1351 liliali
1550 1286 1656 1350 studio
1680 1302 1735 1350 ex-

231 1395 347 1472 citasti,
371 1395 567 1475 benignitate
603 1414 638 1458 ac
673 1393 842 1460 :affectione
877 1397 971 1477 plena
1004 1397 1182 1477 recepimus
1216 1403 1249 1462 et
1279 1396 1353 1460 inde
1377 1393 1434 1457 tibi
1458 1396 1548 1456 lanto
1573 1390 1735 1455 uberiores

231 1499 352 1580 gracias
377 1499 508 1579 agimus,
544 1507 662 1579 quanto
696 1499 823 1563 lilialern
859 1501 1025 1563 caritatem
1060 1509 1145 1565 tritam
1178 1520 1254 1582 erga
1284 1520 1341 1565 nos
1372 1516 1431 1580 per
1453 1515 1509 1560 eas
1532 1495 1734 1577 cognovimus

231 1602 424 1684 ampliorem,
458 1603 530 1665 dum
562 1605 676 1667 absens
711 1621 849 1685 corpore,
884 1611 990 1668 ruente
1025 1622 1167 1687 prosena,
1202 1605 1394 1670 salutaribus
1425 1599 1566 1665 consiliis
1597 1617 1654 1664 nos
1688 1599 1736 1662 in-

231 1704 389 1777 formasd)
419 1706 531 1788 Itaque
555 1709 763 1789 omnipotenti
787 1709 846 1772 deo
871 1709 1003 1773 devotas
1027 1716 1061 1774 et
1083 1709 1219 1774 humiles
1244 1725 1354 1790 preces
1378 1704 1580 1785 effundimus,
1605 1708 1641 1766 ut
1655 1702 1735 1785 ipse,

231 1812 320 1874 cuins
355 1813 439 1874 vices
473 1812 549 1875 licet
582 1813 731 1876 immeriti
766 1813 913 1894 gerimus,
950 1815 994 1878 sic
1029 1814 1281 1895 imperfectum‘)
1316 1809 1464 1891 supplere
1500 1808 1606 1887 sicque
1642 1813 1733 1872 actus

230 1921 356 1979 nostros
379 1915 517 1997 dirigere
541 1917 572 1979 in
604 1917 803 1998 beneplacito
838 1936 894 1982 suo
928 1918 982 1999 pia
1015 1919 1222 1983 miseracione
1258 1917 1415 1998 dignetur,
1451 1913 1534 1994 quod
1565 1911 1734 1976 ecclesiam

230 2020 331 2101 ipsam
355 2019 395 2082 ad
419 2021 467 2083 sui
491 2020 617 2090 laudem
641 2028 675 2084 et
697 2022 829 2102 gloriam
853 2041 888 2085 ac
912 2023 1048 2086 salutem
1066 2024 1174 2105 populi
1190 2021 1364 2086 illnistiani
1380 2037 1418 2083 eo
1434 2023 1598 2100 prestante
1622 2034 1735 2098 regere

231 2124 401 2188 valeamus.
426 2125 474 2190 De
485 2122 506 2207 f)
523 2125 625 2189 saluto
643 2143 766 2207 quoque
791 2132 846 2190 tua
869 2134 902 2191 et
925 2145 1077 2209 prospero
1101 2128 1227 2210 imperii
1251 2127 1298 2191 tui
1322 2130 1408 2189 statu
1433 2121 1550 2186 soliciti
1573 2121 1736 2186 reddimur

231 2234 266 2292 et
288 2247 369 2308 enm,
394 2246 565 2310 perquem
590 2229 669 2291 vivis
693 2236 727 2292 et
750 2247 872 2312 reginas,
896 2233 1015 2294 utinam
1040 2231 1085 2294 sic
1107 2231 1231 2296 utiliter
1253 2231 1336 2294 sicut
1359 2227 1541 2305 efficaciter,
1564 2230 1736 2307 propterea

231 2350 406 2396 exoramus.
424 2332 572 2397 Ceterum
586 2333 864 2414 decreveramusss)
881 2335 1070 2399 sublimitati
1095 2342 1149 2399 tue
1172 2335 1301 2417 propria
1328 2332 1476 2399 similiter
1502 2348 1597 2393 manu
1622 2329 1735 2394 rescri-

233 2440 307 2503 bere
331 2445 365 2503 et
386 2439 560 2520 prementis
584 2457 641 2504 nos
665 2440 788 2504 somine
812 2458 909 2503 onera
932 2441 1005 2504 stilo
1029 2441 1204 2506 domestico
1227 2438 1377 2506 diffusius
1402 2435 1537 2518 aperire,
1560 2434 1618 2498 sed
1633 2435 1733 2516 impe·

233 2542 292 2607 diti
322 2541 561 2624 presentialiter
594 2543 628 2607 id
658 2545 772 2626 exequi
802 2564 864 2610 non
888 2545 1037 2610 valemus.
1068 2547 1105 2610 D.
1136 2547 1220 2628 apud
1251 2544 1486 2611 Villamnouam
1507 2538 1735 2605 Aninionensis

234 2647 312 2712 dioc.
337 2646 402 2711 ΗΠ
424 2647 466 2711 id.
492 2647 570 2711 iunii
594 2667 674 2713 anno
697 2649 837 2732 primo.¹)

365 2835 397 2890 R.
416 2835 479 2891 Vnt.
498 2842 548 2890 ‘235
567 2837 613 2893 iol.
634 2843 692 2906 122,
710 2838 741 2892 R.
760 2838 823 2894 Vat.
843 2847 894 2895 til
912 2844 937 2894 Α
956 2840 1089 2908 (Archet.)
1116 2856 1157 2895 nr.
1177 2845 1235 2894 501.
1258 2869 1283 2878 —
1312 2840 1336 2907 ἃ)
1359 2838 1472 2906 ,illustri
1498 2836 1548 2892 sal.
1573 2839 1634 2890 etc‘
1657 2833 1737 2891 deest

233 2923 259 2987 iu
278 2925 388 2979 Archet.
409 2925 434 2991 b)
454 2925 595 2993 Sequitur:
615 2925 692 2988 ,mira
716 2927 926 2991 exhortacione,
954 2927 1002 2982 sed
1021 2927 1140 2982 deletum
1159 2926 1187 2980 in
1212 2927 1322 2980 Archet.
1343 2930 1366 2993 ο)
1379 2925 1523 2994 Sequitur:
1543 2923 1736 2992 ,imbecillitati

233 3019 326 3066 nostre
338 3010 498 3079 neminisse,
518 3011 566 3065 sed
586 3011 705 3065 deletum
724 3013 752 3064 in
765 3014 875 3069 Archet.
887 3016 912 3078 d)
928 3015 1063 3083 Sequitur:
1074 3015 1220 3083 ,Rogamus
1235 3013 1369 3083 italque]‘,
1386 3013 1434 3068 sed
1448 3013 1567 3066 deletum
1579 3011 1607 3065 in
1623 3011 1736 3067 Archet.

237 3108 260 3166 θ)
279 3098 419 3167 Sequitur:
435 3102 585 3162 ,nostrunr‘,
601 3098 648 3152 sed
661 3098 780 3153 deletum
800 3103 827 3154 in
850 3103 959 3156 Archet.
987 3103 1007 3168 t)
1027 3101 1181 3156 Praecedit:
1201 3102 1353 3169 ,Ceterum‘,
1372 3100 1419 3154 sed
1439 3100 1557 3155 deletum
1577 3100 1604 3153 in
1623 3097 1736 3153 Archet

234 3187 260 3253 a)
277 3186 418 3254 Sequitur:
438 3193 493 3252 ,tu‘,
514 3186 562 3240 sed
575 3185 695 3241 deletum
708 3186 736 3240 in
751 3191 861 3243 drehet.
882 3220 914 3229 —
930 3191 948 3254 ¹)
966 3190 997 3243 ln
1010 3190 1098 3258 ipsius
1111 3197 1187 3258 tergo
1200 3190 1321 3243 minutae
1333 3189 1438 3244 adnot:
1458 3188 1521 3254 ,1111
1533 3187 1568 3240 id.
1582 3186 1649 3240 iunii
1661 3202 1736 3241 anno

234 3273 320 3344 primo
338 3273 379 3327 R‘.

882 3454 1085 3468 ψ

233 3661 297 3726 60.
322 3658 454 3725 Garoias
476 3663 689 3726 Romanorum
712 3667 741 3726 et
764 3664 934 3729 Boiaernioe
955 3685 1012 3728 ren
1034 3663 1202 3746 supplicet,
1228 3667 1382 3743 qnatenus
1404 3661 1629 3743 infrascriptis
1644 3664 1734 3723 noto-

234 3765 293 3828 riis
315 3769 345 3828 ei
365 3765 558 3830 subnotari-is
580 3769 646 3830 snis
670 3789 706 3831 oc
731 3770 822 3831 Petro
852 3768 890 3832 dc
919 3769 1056 3848 Amberg
1079 3767 1248 3846 foetidiori
1277 3767 1365 3831 eiecti
1396 3766 1662 3844 Nnembnrpensis
1695 3765 1735 3828 de

491 3872 713 3954 infrascriptis
736 3874 973 3937 aentonicotibns
996 3879 1025 3937 ei
1044 3872 1236 3956 praebendis
1257 3871 1470 3954 provideatur.

1028 4013 1124 4095 Apud
1155 4011 1392 4087 i'iiiomnooont,
1416 4012 1502 4074 1353
1524 4011 1617 4076 Jnnii
1639 4013 1691 4074 10.

363 4201 527 4285 Supplicat
560 4201 676 4266 S²1Vre
710 4203 843 4268 devotus
875 4209 982 4267 vester
1012 4201 1095 4267 filius
1138 4203 1273 4267 liarolus
1305 4202 1357 4266 dei
1387 4203 1494 4282 gracia
1523 4202 1736 4266 Romanorum

234 4326 290 4371 ror
320 4325 447 4389 sempor
481 4313 635 4389 augustus
666 4314 700 4372 et
728 4308 859 4373 Boenrie
890 4325 954 4390 rex,
985 4308 1134 4388 quatinus
1165 4307 1226 4372 sibi
1255 4308 1289 4369 in
1319 4306 1463 4387 personis
1487 4305 1737 4388 subscriptorum

234 4410 426 4476 notariorum
438 4417 472 4475 et
484 4411 746 4494 subnotoriorum,
763 4410 1006 4475 domesticorum
1022 4417 1057 4475 et
1071 4410 1272 4475 lanriliarium
1289 4411 1328 4474 de
1341 4410 1548 4492 benignitatis
1561 4410 1738 4475 clemencia

235 4515 357 4596 gracias
381 4515 554 4597 dignemini
576 4514 681 4580 l'aaero
706 4516 878 4597 speciales:

366 4619 470 4685 Primo
506 4620 673 4701 supplicat,
708 4621 856 4700 quatinus
891 4619 1041 4684 Heinrico
1082 4620 1120 4684 de
1156 4619 1291 4683 Wesalia
1325 4619 1404 4683 iuris
1438 4619 1540 4683 civilis
1575 4618 1735 4687 batalario

234 4725 442 4790 Treuerensis
476 4725 567 4802 dioc,
603 4725 718 4805 regalis
753 4725 940 4790 caracellarie
974 4725 1107 4806 notario,
1141 4725 1264 4807 gracias
1287 4742 1344 4805 por
1367 4723 1469 4788 felicis
1502 4724 1736 4789 recordacionis

235 4831 394 4895 dominum
418 4829 623 4910 Clementem,
659 4827 713 4892 Stis
738 4829 790 4892 Vre
814 4830 1081 4911 predecessorem,
1106 4830 1138 4892 in
1161 4830 1353 4893 monastario
1378 4829 1417 4892 de
1441 4829 1599 4893 bleiouelt
1613 4829 1735 4896 Treue-

235 4935 337 4999 rensis
361 4934 449 5013 dioc,
473 4933 577 5014 quoad
600 4934 817 4997 carronicatunr
842 4940 875 4998 et
904 4935 1106 5016 prebendam,
1138 4934 1334 5015 dignitatem,
1366 4939 1569 5015 personatum
1592 4933 1643 4997 vel
1666 4933 1735 4999 olfi-

235 5039 315 5103 cium
339 5045 373 5104 et
395 5040 428 5103 in
452 5039 603 5120 Spirensi,
638 5040 741 5118 quoad
764 5058 860 5103 unum
883 5040 921 5103 de
946 5057 1002 5102 sex
1026 5039 1197 5103 rnaioribus
1221 5039 1449 5103 ecclesiasticis
1464 5037 1646 5119 ,beneficiis
1663 5057 1734 5120 pre·

235 5143 337 5209 bende
361 5143 576 5209 sacerdotales
600 5142 774 5224 vulgariter
797 5144 1008 5225 appellatis,³¹)
1040 5144 1223 5207 continuare
1255 5143 1426 5225 dignemini
1457 5142 1507 5206 vel
1539 5143 1578 5206 de
1612 5142 1736 5209 eisdem

235 5249 276 5313 de
296 5267 379 5314 novo
402 5247 578 5330 providere,
601 5266 664 5312 non
687 5250 843 5330 obstante,
868 5249 950 5328 quod
975 5248 1056 5311 idem
1072 5247 1242 5311 Heinrirus
1258 5248 1476 5313 carnonicatnm
1492 5253 1527 5312 et
1541 5248 1735 5329 prebendam

236 5372 260 5420 s.
296 5353 415 5418 l'lorini
452 5352 652 5418 Confluencie
687 5359 721 5417 et
756 5353 902 5417 vicariam
936 5360 1123 5434 pruqretuam
1159 5354 1190 5416 in
1226 5353 1371 5417 Couerna
1405 5353 1610 5417 ecclesiarum
1648 5354 1735 5421 dicte
