3944 6060
228 430 295 495 494
825 427 896 479 Acte
913 423 1068 478 Innocentii
1085 423 1132 478 VI.

358 636 431 700 Fiat
454 636 493 701 de
517 635 661 699 omnibus
686 636 723 699 G.
762 636 805 698 Et
829 652 899 697 cum
930 634 1149 698 commissione
1174 633 1330 698 examinis
1354 633 1493 697 omnium
1515 632 1736 714 predictorum

230 740 270 805 ad
293 745 412 821 partes.
438 740 509 803 Fiat
533 738 569 803 G.
1542 739 1546 747 '

359 843 434 908 Sine
458 843 522 906 alia
544 843 693 908 lectione.
719 843 792 906 Fiat
815 843 851 907 G.

362 948 399 1011 Ι).
423 946 580 1012 Auinione
604 945 648 1011 VI
671 946 735 1009 kal.
758 945 837 1010 Julii
861 965 887 1009 o.
913 964 1003 1010 nono.

362 1135 393 1188 R.
414 1135 509 1204 Suppl.
529 1139 562 1187 32
581 1134 628 1188 fol.
651 1131 717 1188 124⁴.
741 1165 766 1174 -
790 1140 814 1202 a)
833 1141 949 1198 ,vecsnt‘
967 1134 1061 1205 Suppl.
1087 1127 1112 1200 b)
1130 1135 1283 1199 ,vacabunt‘
1301 1134 1396 1203 Suppi.
1427 1165 1451 1174 -
1489 1136 1507 1202 ι)
1527 1133 1604 1188 Coni.
1624 1151 1665 1188 nr.
1685 1139 1738 1188 684

233 1229 261 1277 et
279 1227 338 1277 685.
357 1222 377 1288 ²)
396 1221 447 1275 Ed.
465 1221 539 1291 epod
560 1221 689 1277 Novttek
708 1223 725 1275 l.
746 1239 767 1276 c.
787 1238 849 1292 pag.
868 1229 927 1276 514.

883 1417 1087 1426 ——u-—---—-

235 1609 353 1675 1235.
380 1606 533 1672 Omnibus
556 1629 624 1672 vere
641 1605 884 1690 poenitentibus,
908 1608 962 1691 qui
977 1607 1010 1670 in
1025 1605 1218 1681 nativitatis,
1243 1605 1502 1681 circumcisionis,
1534 1605 1735 1689 epiphaniae,

236 1712 483 1795 resurrectionis,
514 1711 709 1776 ascensionis
742 1716 770 1774 et
793 1711 932 1795 corporis
955 1710 1074 1775 domini
1096 1712 1197 1775 nostri
1214 1712 1299 1777 Jesu
1322 1707 1454 1787 dimisti,
1478 1731 1516 1775 ac
1523 1708 1739 1792 penthecostes

236 1823 265 1882 et
287 1823 422 1902 quatuor
441 1816 673 1902 principalibus
696 1815 723 1878 b.
748 1816 885 1896 Mariae,
909 1815 937 1881 b.
960 1814 1119 1882 Jviannis
1142 1816 1313 1896 Baptistae
1334 1835 1374 1879 av
1395 1814 1592 1898 sinpuiorum
1615 1818 1737 1898 aposto·

236 1923 346 2005 lorum,
370 1922 397 1985 b.
423 1920 593 1985 Laurentii
624 1921 787 2001 martvris,
821 1940 847 1985 s.
872 1920 1000 1985 Nicolai
1031 1920 1230 2002 contessoris,
1262 1917 1427 1984 Bernardi
1449 1918 1582 1996 obbatis,
1608 1919 1739 1984 Mariae

237 2026 448 2111 Mapdalenae
463 2045 500 2089 ac
516 2023 721 2088 dedicationis
735 2024 836 2106 ipsius
859 2022 1007 2088 ecclesiae
1018 2023 1253 2105 festivitatibus
1267 2027 1297 2087 et
1311 2021 1489 2087 celebritate
1499 2024 1636 2087 omnium
1648 2043 1739 2087 sanc·

237 2129 339 2187 torum
361 2121 525 2187 ecclesiam
549 2127 732 2190 monasterii
753 2128 789 2192 in
811 2128 938 2193 Skalivv
961 2126 1176 2194 cisterciensis
1192 2127 1313 2192 ordinis
1339 2127 1510 2207 Ρνάρνννενέ
1532 2127 1609 2191 dioc.
1634 2127 1741 2192 devote

237 2227 438 2293 visitaverint
461 2229 637 2305 annuatim,
661 2252 744 2297 unus
767 2252 869 2296 annus
883 2231 1143 2314 etquadraqinta
1165 2231 1231 2295 dies
1255 2231 1292 2295 de
1314 2229 1463 2294 iniunctis
1478 2231 1523 2294 eis
1535 2231 1742 2313 poenitentiis

237 2333 433 2396 relaxantur.
460 2331 634 2414 „Splendor
651 2340 786 2417 paterne
806 2336 923 2417 pierid‘
953 2336 1127 2417 „Aninione
1158 2337 1202 2398 VI
1219 2335 1282 2400 irai.
1306 2334 1392 2402 Jutii
1408 2334 1617 2416 pontificatus
1640 2334 1743 2399 nostri

906 2461 936 2504 a.
959 2444 1067 2504 nono.“

1227 2552 1393 2630 Avinivne‚
1421 2553 1501 2616 1361
1525 2551 1620 2618 Junii
1643 2553 1697 2616 26.

368 2737 440 2806 Orig.
461 2739 572 2792 archivii
593 2739 772 2806 Vorlicensis;
797 2741 876 2810 copis
894 2742 921 2794 in
941 2757 1052 2796 musaeo
1071 2741 1147 2810 regni
1167 2741 1323 2796 Bohemiss.
1361 2770 1393 2780 -
1429 2740 1479 2794 Ed.
1499 2738 1573 2807 opud
1592 2740 1745 2794 Sommers-

239 2824 312 2892 berg,
332 2824 524 2879 Silesiacarum
542 2842 633 2880 rerum
654 2827 801 2895 scriptores
825 2829 916 2896 lpeg.
942 2834 1002 2882 stt.
1031 2829 1097 2897 Reg.
1122 2828 1195 2897 apud
1219 2826 1437 2895 [teht-Schmidt,
1461 2826 1563 2881 Pabscl.
1590 2825 1744 2880 Urkunden

240 2926 266 2962 u.
286 2911 422 2978 liegesteu
446 2917 621 2967 1363-1378.
647 2915 933 2983 (Geschichtsquellen
953 2915 1001 2969 der
1018 2916 1133 2971 Provinz
1153 2915 1274 2970 Sechsen
1292 2921 1325 2967 22
1344 2915 1405 2982 Bd.)
1428 2931 1490 2985 pag.
1511 2920 1559 2967 109
1579 2930 1620 2966 ur.
1640 2917 1691 2966 385
1710 2928 1744 2966 ex

241 2997 273 3050 R.
291 2999 342 3050 Av.
364 3004 411 3052 tto
431 2999 477 3054 fol.
497 2996 565 3053 429⁴.

242 3330 359 3399 1236.
400 3331 544 3414 Officiaii
568 3333 722 3413 Propensi
754 3334 937 3411 mandatur,
972 3339 1125 3418 quatenus
1154 3333 1300 3399 Mattiae
1328 3334 1488 3401 Jvieannis
1525 3332 1748 3414 melopoeia

245 3434 426 3516 beneficium
460 3435 705 3502 ecclesiasticum
740 3459 809 3502 cum
842 3439 890 3503 vei
913 3439 981 3504 sine
1013 3461 1100 3519 cura,
1131 3440 1220 3504 cuius
1247 3441 1379 3519 fructus
1400 3440 1443 3502 25
1472 3456 1555 3517 resp.
1586 3438 1630 3501 18
1659 3457 1749 3502 mar-

241 3560 351 3621 earum
385 3541 510 3621 arpenti
543 3541 711 3606 secundum
744 3545 939 3609 taxationem
973 3545 1113 3610 decimae
1145 3544 1284 3610 valorem
1317 3564 1458 3608 annuum
1491 3562 1553 3607 non
1582 3541 1747 3622 excedant,

244 3647 392 3725 spectans
416 3645 459 3709 ad
481 3644 679 3711 evitationem
702 3649 839 3732 episcopi
880 3649 1147 3725 Vratisloviensis‚
1179 3648 1208 3713 si
1229 3653 1324 3713 vacat
1346 3648 1394 3713 vei
1416 3667 1486 3712 cum
1507 3647 1676 3729 vacaverit,
1700 3668 1749 3711 re·

245 3753 356 3826 servet,
386 3768 448 3812 non
470 3749 665 3814 obstantibus
687 3757 721 3814 nt
743 3753 776 3815 in
799 3751 1031 3836 supplicatione
1062 3753 1118 3818 sub
1142 3775 1189 3818 nr.
1213 3753 1309 3817 1234.
1333 3750 1555 3816 Parvcicialem
1579 3751 1748 3817 eeclesiam

244 3851 277 3914 in
294 3852 543 3934 secernerem)
559 3857 681 3917 tenetur
695 3856 862 3923 dimittere.
890 3857 1049 3939 „Dipnum
1073 3859 1289 3923 arbitramur“
1316 3856 1493 3940 „Aninivne
1522 3856 1565 3919 Vl
1584 3856 1649 3919 tat.
1664 3855 1751 3922 Julii

912 3984 942 4025 α.
966 3967 1076 4026 nonv.“

295 4018 361 4135 ..d
391 4144 393 4148 y
1241 4073 1402 4157 Avinione‚
1425 4075 1508 4137 1361
1533 4072 1630 4139 Junii
1651 4076 1705 4137 26.

376 4257 408 4312 R.
428 4260 476 4310 Av.
499 4266 546 4313 145
566 4259 733 4314 tol.2³8'.-
750 4269 774 4326 s)
792 4262 1001 4323 ‚Tuchomericz‘
1022 4252 1070 4316 Ar.

248 4591 364 4656 1237.
392 4591 537 4672 Officiali
560 4594 717 4673 Propensi
738 4595 923 4674 recondatur,
954 4600 1108 4677 quatenus
1138 4593 1282 4661 Jvleanni
1307 4592 1434 4657 Nicoiai
1456 4591 1616 4655 Institvris
1639 4591 1754 4673 dervefi·

248 4693 331 4757 cium
354 4694 597 4760 ecclesiasticum
622 4718 693 4762 curn
715 4700 763 4763 vet
784 4701 853 4763 sine
875 4719 962 4779 cura,
994 4700 1081 4763 cuius
1096 4702 1232 4778 fructus
1253 4701 1296 4762 25
1319 4717 1399 4779 resp.
1424 4699 1467 4760 18
1489 4716 1674 4761 marcarum
1700 4718 1754 4761 ar·

246 4801 334 4878 penti
357 4800 524 4862 secundnm
549 4804 744 4866 taaeationem
768 4803 909 4867 decimae
933 4805 1069 4868 valorem
1092 4823 1233 4868 annuum
1256 4821 1317 4866 non
1339 4801 1502 4880 excedant,
1537 4805 1685 4883 spectans
1709 4801 1755 4865 ad

247 4903 445 4967 collationem
463 4907 651 4988 praepositi,
675 4907 787 4971 decani
808 4912 838 4970 et
860 4909 994 4991 capituti
1016 4908 1163 4972 ecclesiae
1188 4907 1413 4995 (domucensis,
1443 4905 1473 4968 si
1493 4907 1590 4968 vacat
1611 4901 1660 4968 vel
1682 4924 1756 4969 curu

290 5007 459 5090 vacaverit,
484 5014 627 5073 reservet.
654 5011 815 5092 „Dipnum
839 5012 1053 5076 arbitramur“
1085 5011 1259 5091 „Aninione
1292 5011 1334 5073 VI
1345 5011 1410 5073 icat.
1433 5004 1518 5072 Juiii
1541 5030 1571 5072 a.
1596 5009 1709 5074 nono.“

298 5148 365 5266 U}
1243 5149 1406 5225 Arinione,
1432 5148 1511 5213 1361
1537 5146 1634 5214 Junii
1655 5148 1710 5213 26.

379 5335 411 5389 R.
430 5337 480 5389 Av.
501 5340 550 5389 lit
568 5336 615 5390 tol.
634 5341 703 5392 2³9¹.
