3944 6060
176 389 179 395 Ι
277 417 318 482 86
859 406 952 461 -Acta
967 402 1119 460 innocentii
1135 404 1181 457 VI.

277 623 367 690 201.
392 621 524 685 Nicolao
546 619 584 682 de
600 614 774 699 Oremsir·)
794 615 978 700 providetur
1000 614 1038 678 de
1053 613 1239 677 canonicatu
1251 611 1396 678 ecciesiae
1413 611 1636 685 Olomucensis
1653 623 1717 687 stab
1743 647 1801 694 eu·

272 726 452 807 pectatione
467 721 677 806 praebendae,
707 740 770 784 non
798 717 994 784 obstantibus
1016 722 1051 780 ut
1072 717 1107 780 in
1128 715 1357 799 supplicatione
1378 716 1436 780 sub
1460 739 1507 783 ur.
1534 720 1611 787 198.
1640 725 1801 807 „Laudat

276 827 337 894 bile
366 825 596 892 testimonium¹⁴
635 824 807 907 ‚Aninione
829 821 880 884 XI
898 820 960 886 bal.
984 819 1151 884 Februarii
1181 840 1210 883 a.
1234 819 1394 883 secundo.“
1431 858 1468 866 —
1496 825 1536 888 In
1559 846 1586 892 e.
1611 847 1658 892 m.
1684 832 1802 902 abbati

277 927 504 1010 Sedticensisb)
527 934 557 993 et
573 928 756 1010 praeposito
788 924 1019 1007 Rajpradensis
1035 924 1061 1005 ο)
1084 923 1343 988 monasteriorum
1377 924 1553 1005 Propensis
1590 935 1624 994 et
1663 936 1800 1005 olomu-

506 1034 607 1097 censis
631 1033 708 1095 dioc.
734 1050 772 1093 oc
795 1028 911 1093 decano
934 1026 1081 1093 cernuae
1102 1047 1128 1091 s.
1152 1026 1292 1107 Apricoli
1313 1026 1545 1094 Aninionensis.

342 1177 398 1241 Er
452 1228 458 1241 .
1210 1165 1371 1244 Arinione,
1398 1167 1481 1231 1354
1504 1169 1672 1241 Jauuan'r'
1696 1183 1752 1245 22,

407 1359 439 1414 R
457 1355 721 1421 Av.126tol.293‚
749 1353 782 1407 R.
807 1354 868 1408 Vet.
887 1359 938 1408 225
964 1353 1010 1408 tol.
1034 1357 1093 1406 200,
1113 1380 1146 1390 -
1166 1353 1191 1419 ι)
1208 1351 1378 1419 ‚Chremeier‘
1402 1355 1453 1407 Ar.
1475 1355 1501 1423 b)
1520 1357 1725 1431 ‚Cedlicensis‘
1745 1372 1798 1425 Av.

279 1453 303 1515 c)
321 1445 544 1522 ,Reygrndensis‘
563 1444 613 1496 Av.

927 1580 1133 1591 *-

277 1728 366 1793 202.
397 1723 544 1789 Visitatio
566 1719 725 1787 ,lobannis
746 1717 882 1804 episcopi
907 1716 1122 1782 Obomucensis
1151 1737 1211 1797 per
1235 1717 1362 1781 Petrum
1386 1717 1561 1800 plebanum
1596 1727 1633 1790 in
1658 1731 1797 1806 Koulan.

1396 1858 1483 1921 1354
1505 1861 1673 1933 Januarn·
1696 1873 1751 1938 27.

407 2053 466 2116 Die
481 2050 601 2116 XXVII
613 2049 759 2114 ianuarii
776 2044 987 2130 [MCCCLIV]
999 2048 1025 2125 ⁸)
1043 2045 1187 2109 dominus
1199 2044 1360 2110 iohannes
1372 2046 1545 2130 episcopus
1562 2052 1796 2132 Olomueensis

275 2177 333 2242 pro
357 2177 419 2222 uno
443 2155 571 2221 biennio
595 2152 737 2236 proxime
760 2169 843 2215 nune
866 2154 1027 2214 transacto
1051 2167 1109 2230 per
1132 2149 1291 2214 dominmn
1316 2151 1444 2216 Petrum
1466 2154 1645 2235 plebanum
1672 2165 1706 2230 in
1732 2168 1795 2236 Co.

275 2262 366 2329 slano
389 2259 559 2342 Pragensis
583 2258 674 2335 dioc,
697 2259 934 2338 procuratorem
958 2271 1048 2317 suum
1072 2258 1143 2332 ete,
1169 2255 1275 2320 sedern
1301 2255 1507 2336 apostolicam
1531 2261 1693 2336 visitavit,

409 2448 469 2502 Obl.
489 2453 517 2501 et
535 2446 589 2500 Sol.
609 2453 641 2500 30
661 2445 707 2499 iol.
729 2451 785 2498 164,
805 2473 839 2482 -
860 2447 884 2509 ⁸)
912 2441 1074 2510 suppletum
1103 2458 1136 2496 ex
1170 2442 1235 2496 lolio
1260 2442 1448 2512 praecedente.
1475 2477 1507 2486 -
1540 2450 1571 2503 ln
1606 2471 1697 2528 marg,
1718 2462 1796 2524 dext,

276 2538 322 2606 ,Ιο.
341 2532 396 2605 pe‘.

277 2819 367 2883 203.
395 2815 592 2880 Innocentius
625 2832 714 2896 papa
743 2810 790 2874 Vl
810 2807 994 2892 Carolnm·)
1016 2831 1118 2891 repam
1142 2811 1354 2874 Romanorum
1376 2811 1559 2880 consolatur
1581 2840 1682 2904 suaper
1706 2831 1796 2897 obit„

280 2920 433 2985 lietduini
443 2917 470 3000 b)
503 2915 729 3001 archiepiscopi
770 2915 977 2993 Trevereusis,
1011 2913 1127 2998 patrui
1161 2915 1237 2978 eius.
1276 2911 1572 2998 „Antieipantibw
1612 2928 1796 3011 ,Ammo

760 3019 824 3082 VII
843 3018 885 3083 id.
909 3018 1078 3083 Februarii
1101 3039 1130 3081 a.
1154 3017 1319 3084 secundo“.

1220 3156 1381 3239 bunione,
1410 3159 1494 3226 1354
1518 3166 1693 3238 Februarii
1718 3182 1747 3248 7.

408 3351 439 3404 R.
458 3350 519 3403 Vnt.
540 3354 590 3402 136
608 3348 655 3401 lol.
677 3353 715 3401 18.
737 3378 765 3388 -—
786 3347 852 3415 Reg.
872 3347 945 3415 apud
965 3346 1129 3415 Weruuslry,
1155 3346 1293 3415 Excerptu
1317 3364 1357 3401 nr.
1377 3356 1426 3403 ⁸291
1452 3356 1480 3405 et
1499 3354 1603 3426 Huber,
1631 3360 1702 3433 Reg,
1722 3369 1792 3440 hup,

279 3439 344 3493 Vlll
363 3455 424 3508 pag.
445 3444 493 3491 78⁶2
514 3454 553 3489 nr.
572 3441 631 3488 248.
655 3465 679 3473 —
705 3440 731 3497 ἃ1
748 3434 857 3502 ,Karai¹
877 3433 937 3487 Vnt.
960 3435 986 3499 b)
1004 3432 1135 3487 Beldniu‘
1154 3435 1215 3488 Vnt.

279 3824 369 3889 204.
394 3797 592 3885 Innocentius
614 3820 749 3882 remittit
771 3820 814 3882 ad
839 3817 984 3882 taronem
1009 3838 1112 3898 repern
1129 3820 1343 3884 Romanorum
1357 3820 1549 3889 Guildmom
1573 3828 1612 3895 de
1641 3834 1791 3923 Bestiae,

659 3925 713 4005 qui
734 3924 764 3987 ei
785 3922 910 3987 litteras
930 3922 1067 3989 mundam
1089 3923 1172 4004 repis
1190 3928 1418 4007 praesentarit.

1201 4064 1363 4150 Aoinioue,
1387 4068 1474 4132 1354
1498 4067 1669 4144 Februarii
1690 4085 1746 4150 12.

411 4255 582 4322 Carissimo
612 4258 644 4322 in
676 4254 802 4320 Christo
833 4252 898 4319 filio
922 4254 1039 4319 Ilarolo
1073 4257 1141 4340 regi
1171 4257 1381 4322 Romanorum
1412 4258 1530 4326 illustri
1561 4266 1703 4337 sulutem
1726 4282 1790 4343 etc.

281 4361 512 4449 Magnitudinis
547 4366 600 4425 tue
632 4362 743 4426 literas
773 4364 976 4442 presentatus
1006 4360 1096 4425 nobis
1119 4381 1253 4443 per...
1275 4412 1281 4424 ·
1307 4362 1500 4429 Willelmlffll
1525 4368 1564 4432 de
1588 4370 1719 4444 Leskau
1743 4381 1790 4446 fa·

280 4469 436 4534 miliarem
460 4473 494 4530 et
516 4467 664 4530 nuncium
689 4470 788 4540 tuum,
812 4464 946 4529 latorem
969 4466 1178 4548 presencium,
1201 4473 1235 4530 et
1257 4466 1361 4548 ipsum
1384 4487 1509 4551 quoque
1533 4476 1688 4544 nuncium
1712 4501 1786 4551 con·

281 4573 478 4639 sideratioue
502 4577 558 4634 tua
581 4571 717 4652 benigne
742 4569 919 4652 recepimus
943 4574 977 4633 et
1000 4575 1064 4634 tam
1087 4571 1158 4652 hiis,
1192 4591 1253 4652 que
1277 4573 1522 4640 continebantur
1545 4579 1577 4642 in
1600 4581 1727 4652 eisdem
1749 4589 1788 4655 li·

281 4678 369 4759 teris,
392 4696 485 4756 quam
509 4675 566 4753 eis,
601 4692 662 4755 que
685 4674 828 4756 prefatus
858 4675 992 4739 nuncius
1015 4676 1190 4757 prudenter
1212 4689 1245 4741 et
1267 4678 1398 4759 provide
1433 4683 1601 4767 reseravit,
1638 4688 1788 4774 diligenti

280 4783 538 4848 consideracione
573 4781 717 4863 pensatis
741 4786 775 4845 et
798 4799 894 4863 super
924 4780 971 4844 eis
1005 4780 1114 4845 habita
1137 4801 1206 4846 curn
1230 4782 1382 4849 fratribus
1406 4786 1525 4851 nostris
1548 4788 1788 4865 deliberacione

280 4892 412 4968 matura,
436 4904 532 4969 super
554 4886 620 4951 illis
643 4904 702 4969 per
725 4886 860 4951 eundem
886 4885 1077 4950 Willelmum
1101 4885 1160 4950 tibi
1184 4887 1439 4969 respondendum
1465 4891 1622 4979 duximus,
1646 4889 1787 4968 sicut'eb
1875 4969 1881 4975 .

281 4992 352 5074 ipso
376 4992 501 5074 plenius
525 4991 636 5056 audies
660 4991 732 5054 viva
756 5008 842 5067 voce,
867 4995 942 5055 vota
964 4995 1028 5071 tua,
1052 5007 1112 5070 que
1136 4989 1218 5054 siout
1240 4991 1389 5075 princeps
1412 4994 1588 5064 catholicus
1611 5006 1647 5067 et
1665 5005 1786 5073 amicus
1867 5070 1870 5071 a

279 5097 434 5161 modestie
458 5096 597 5161 libenter
619 5095 780 5160 honestati
804 5099 838 5159 et
861 5094 1011 5160 decencie
1035 5095 1082 5159 vis
1106 5095 1371 5179 coseranensis,
1395 5098 1428 5162 in
1451 5101 1604 5186 omnibus,
1628 5115 1783 5188 quantum

279 5219 350 5265 cum
373 5200 433 5264 deo
455 5201 640 5282 poterimus,
672 5199 833 5265 favoribus
864 5199 1048 5282 apostolicis
1078 5201 1228 5282 prosequi
1251 5202 1468 5284 disponentes.
1506 5206 1543 5271 D.
1567 5207 1728 5281 Aninione
1751 5215 1784 5282 11

281 5303 324 5370 id.
347 5303 514 5369 Februarii
535 5324 563 5368 a.
587 5305 735 5370 secundo.
