<?xml version="1.0" encoding="UTF-8"?>
<!DOCTYPE html PUBLIC "-//W3C//DTD XHTML 1.0 Transitional//EN"
    "http://www.w3.org/TR/xhtml1/DTD/xhtml1-transitional.dtd">
<html xmlns="http://www.w3.org/1999/xhtml" xml:lang="en" lang="en">
 <head>
  <title>
</title>
<meta http-equiv="Content-Type" content="text/html;charset=utf-8" />
  <meta name='ocr-system' content='tesseract 3.04.00' />
  <meta name='ocr-capabilities' content='ocr_page ocr_carea ocr_par ocr_line ocrx_word'/>
</head>
<body>
  <div class='ocr_page' id='page_1' title='image "./monumentavatica00vatigoog_0468.png"; bbox 0 0 3944 6060; ppageno 0'>
   <div class='ocr_carea' id='block_1_1' title="bbox 731 386 1742 453">
    <p class='ocr_par' dir='ltr' id='par_1_1' title="bbox 731 386 1742 453">
     <span class='ocr_line' id='line_1_1' title="bbox 731 386 1742 453; baseline 0.003 -11"><span class='ocrx_word' id='word_1_1' title='bbox 731 393 797 442; x_wconf 84' lang='grc'>1360</span> <span class='ocrx_word' id='word_1_2' title='bbox 813 386 939 442; x_wconf 84' lang='lat' dir='ltr'>Jannarii</span> <span class='ocrx_word' id='word_1_3' title='bbox 959 396 991 440; x_wconf 78' lang='lat'>29</span> <span class='ocrx_word' id='word_1_4' title='bbox 1011 419 1043 427; x_wconf 93' lang='lat'>-</span> <span class='ocrx_word' id='word_1_5' title='bbox 1062 386 1204 442; x_wconf 71' lang='lat' dir='ltr'>Februarii</span> <span class='ocrx_word' id='word_1_6' title='bbox 1224 393 1247 441; x_wconf 82' lang='lat'>4.</span> <span class='ocrx_word' id='word_1_7' title='bbox 1678 389 1742 453; x_wconf 77' lang='lat'>415</span> 
     </span>
    </p>
   </div>
   <div class='ocr_carea' id='block_1_2' title="bbox 234 597 1744 2848">
    <p class='ocr_par' dir='ltr' id='par_1_2' title="bbox 234 597 1744 2848">
     <span class='ocr_line' id='line_1_2' title="bbox 235 597 1736 680; baseline -0.002 -18"><span class='ocrx_word' id='word_1_8' title='bbox 235 598 327 663; x_wconf 90' lang='lat' dir='ltr'>Petro</span> <span class='ocrx_word' id='word_1_9' title='bbox 351 597 572 662; x_wconf 91' lang='lat' dir='ltr'>archidiacono</span> <span class='ocrx_word' id='word_1_10' title='bbox 604 597 830 663; x_wconf 90' lang='lat' dir='ltr'>Horssouieusi</span> <span class='ocrx_word' id='word_1_11' title='bbox 854 599 887 662; x_wconf 93' lang='lat' dir='ltr'>in</span> <span class='ocrx_word' id='word_1_12' title='bbox 910 598 1045 663; x_wconf 90' lang='lat' dir='ltr'>ecclesia</span> <span class='ocrx_word' id='word_1_13' title='bbox 1075 598 1237 680; x_wconf 85' lang='lat' dir='ltr'>Pragensi,</span> <span class='ocrx_word' id='word_1_14' title='bbox 1262 597 1389 662; x_wconf 83' lang='lat' dir='ltr'>officiali</span> <span class='ocrx_word' id='word_1_15' title='bbox 1414 598 1573 679; x_wconf 89' lang='lat' dir='ltr'>Pragensi,</span> <span class='ocrx_word' id='word_1_16' title='bbox 1598 597 1736 660; x_wconf 86' lang='lat' dir='ltr'>habente</span> 
     </span>
     <span class='ocr_line' id='line_1_3' title="bbox 236 700 1742 784; baseline -0.001 -19"><span class='ocrx_word' id='word_1_17' title='bbox 236 719 329 784; x_wconf 91' lang='lat' dir='ltr'>snper</span> <span class='ocrx_word' id='word_1_18' title='bbox 352 701 561 783; x_wconf 86' lang='lat' dir='ltr'>inquirendis,</span> <span class='ocrx_word' id='word_1_19' title='bbox 584 701 781 783; x_wconf 80' lang='lat' dir='ltr'>corngendis</span> <span class='ocrx_word' id='word_1_20' title='bbox 804 708 838 765; x_wconf 90' lang='lat' dir='ltr'>et</span> <span class='ocrx_word' id='word_1_21' title='bbox 860 703 1030 784; x_wconf 80' lang='lat' dir='ltr'>puniendis</span> <span class='ocrx_word' id='word_1_22' title='bbox 1054 703 1239 767; x_wconf 77' lang='lat' dir='ltr'>excessibus</span> <span class='ocrx_word' id='word_1_23' title='bbox 1263 703 1462 767; x_wconf 89' lang='lat' dir='ltr'>subditorum</span> <span class='ocrx_word' id='word_1_24' title='bbox 1495 719 1555 765; x_wconf 82' lang='lat' dir='ltr'>nen</span> <span class='ocrx_word' id='word_1_25' title='bbox 1579 700 1616 765; x_wconf 87' lang='lat' dir='ltr'>fr.</span> <span class='ocrx_word' id='word_1_26' title='bbox 1640 701 1742 766; x_wconf 89' lang='lat' dir='ltr'>nostri</span> 
     </span>
     <span class='ocr_line' id='line_1_4' title="bbox 234 804 1743 889; baseline -0.001 -20"><span class='ocrx_word' id='word_1_27' title='bbox 234 804 462 888; x_wconf 89' lang='lat' dir='ltr'>archiepiscopi</span> <span class='ocrx_word' id='word_1_28' title='bbox 485 805 655 887; x_wconf 87' lang='lat' dir='ltr'>ngensis</span> <span class='ocrx_word' id='word_1_29' title='bbox 679 806 850 887; x_wconf 82' lang='lat' dir='ltr'>specialem</span> <span class='ocrx_word' id='word_1_30' title='bbox 873 807 912 870; x_wconf 92' lang='lat' dir='ltr'>ab</span> <span class='ocrx_word' id='word_1_31' title='bbox 936 807 1047 871; x_wconf 89' lang='lat' dir='ltr'>eodem</span> <span class='ocrx_word' id='word_1_32' title='bbox 1070 806 1308 889; x_wconf 89' lang='lat' dir='ltr'>archiepiscopo</span> <span class='ocrx_word' id='word_1_33' title='bbox 1331 811 1533 888; x_wconf 87' lang='lat' dir='ltr'>potestatam,</span> <span class='ocrx_word' id='word_1_34' title='bbox 1559 805 1591 869; x_wconf 93' lang='lat' dir='ltr'>in</span> <span class='ocrx_word' id='word_1_35' title='bbox 1616 823 1743 869; x_wconf 88' lang='lat' dir='ltr'>cansam</span> 
     </span>
     <span class='ocr_line' id='line_1_5' title="bbox 235 909 1744 994; baseline -0.001 -20"><span class='ocrx_word' id='word_1_36' title='bbox 235 909 368 975; x_wconf 84' lang='lat' dir='ltr'>traxerit</span> <span class='ocrx_word' id='word_1_37' title='bbox 391 916 425 975; x_wconf 89' lang='lat' dir='ltr'>et</span> <span class='ocrx_word' id='word_1_38' title='bbox 447 910 602 992; x_wconf 89' lang='lat' dir='ltr'>premissa</span> <span class='ocrx_word' id='word_1_39' title='bbox 632 929 735 975; x_wconf 89' lang='lat' dir='ltr'>coram</span> <span class='ocrx_word' id='word_1_40' title='bbox 759 911 870 976; x_wconf 87' lang='lat' dir='ltr'>eodem</span> <span class='ocrx_word' id='word_1_41' title='bbox 901 909 1027 975; x_wconf 85' lang='lat' dir='ltr'>officiali</span> <span class='ocrx_word' id='word_1_42' title='bbox 1050 911 1192 992; x_wconf 81' lang='lat' dir='ltr'>legitime</span> <span class='ocrx_word' id='word_1_43' title='bbox 1217 911 1407 992; x_wconf 83' lang='lat' dir='ltr'>probaverit,</span> <span class='ocrx_word' id='word_1_44' title='bbox 1432 917 1465 973; x_wconf 90' lang='lat' dir='ltr'>et</span> <span class='ocrx_word' id='word_1_45' title='bbox 1489 910 1531 994; x_wconf 47' lang='lat' dir='ltr'>,in</span> <span class='ocrx_word' id='word_1_46' title='bbox 1556 928 1651 974; x_wconf 89' lang='lat' dir='ltr'>causa</span> <span class='ocrx_word' id='word_1_47' title='bbox 1673 910 1744 992; x_wconf 90' lang='lat' dir='ltr'>ipsa</span> 
     </span>
     <span class='ocr_line' id='line_1_6' title="bbox 236 1013 1742 1097; baseline -0.001 -20"><span class='ocrx_word' id='word_1_48' title='bbox 236 1032 291 1097; x_wconf 89' lang='lat' dir='ltr'>per</span> <span class='ocrx_word' id='word_1_49' title='bbox 314 1014 434 1079; x_wconf 90' lang='lat' dir='ltr'>dictum</span> <span class='ocrx_word' id='word_1_50' title='bbox 458 1013 624 1080; x_wconf 80' lang='lat' dir='ltr'>officialem</span> <span class='ocrx_word' id='word_1_51' title='bbox 654 1015 835 1079; x_wconf 91' lang='lat' dir='ltr'>conclusum</span> <span class='ocrx_word' id='word_1_52' title='bbox 858 1013 963 1097; x_wconf 88' lang='lat' dir='ltr'>fuerit,</span> <span class='ocrx_word' id='word_1_53' title='bbox 996 1020 1102 1078; x_wconf 87' lang='lat' dir='ltr'>tamen</span> <span class='ocrx_word' id='word_1_54' title='bbox 1124 1015 1209 1079; x_wconf 89' lang='lat' dir='ltr'>idern</span> <span class='ocrx_word' id='word_1_55' title='bbox 1233 1013 1376 1079; x_wconf 88' lang='lat' dir='ltr'>officialis</span> <span class='ocrx_word' id='word_1_56' title='bbox 1400 1020 1531 1096; x_wconf 88' lang='lat' dir='ltr'>propter</span> <span class='ocrx_word' id='word_1_57' title='bbox 1564 1014 1742 1097; x_wconf 81' lang='lat' dir='ltr'>potenciam</span> 
     </span>
     <span class='ocr_line' id='line_1_7' title="bbox 237 1116 1741 1201; baseline -0.001 -20"><span class='ocrx_word' id='word_1_58' title='bbox 237 1118 313 1182; x_wconf 90' lang='lat' dir='ltr'>dicti</span> <span class='ocrx_word' id='word_1_59' title='bbox 336 1119 448 1183; x_wconf 90' lang='lat' dir='ltr'>militis</span> <span class='ocrx_word' id='word_1_60' title='bbox 481 1124 515 1182; x_wconf 91' lang='lat' dir='ltr'>ct</span> <span class='ocrx_word' id='word_1_61' title='bbox 538 1116 613 1198; x_wconf 85' lang='lat' dir='ltr'>quia</span> <span class='ocrx_word' id='word_1_62' title='bbox 633 1117 718 1182; x_wconf 89' lang='lat' dir='ltr'>idem</span> <span class='ocrx_word' id='word_1_63' title='bbox 742 1117 998 1201; x_wconf 85' lang='lat' dir='ltr'>archiepiscopus</span> <span class='ocrx_word' id='word_1_64' title='bbox 1033 1119 1074 1182; x_wconf 91' lang='lat' dir='ltr'>ad</span> <span class='ocrx_word' id='word_1_65' title='bbox 1096 1118 1284 1183; x_wconf 83' lang='lat' dir='ltr'>instanciam</span> <span class='ocrx_word' id='word_1_66' title='bbox 1318 1119 1395 1182; x_wconf 91' lang='lat' dir='ltr'>dicti</span> <span class='ocrx_word' id='word_1_67' title='bbox 1426 1118 1537 1182; x_wconf 89' lang='lat' dir='ltr'>militis</span> <span class='ocrx_word' id='word_1_68' title='bbox 1568 1119 1741 1182; x_wconf 88' lang='lat' dir='ltr'>abeodem</span> 
     </span>
     <span class='ocr_line' id='line_1_8' title="bbox 238 1220 1739 1305; baseline -0.001 -19"><span class='ocrx_word' id='word_1_69' title='bbox 238 1220 365 1286; x_wconf 83' lang='lat' dir='ltr'>officiali</span> <span class='ocrx_word' id='word_1_70' title='bbox 389 1220 569 1304; x_wconf 90' lang='lat' dir='ltr'>superbiis</span> <span class='ocrx_word' id='word_1_71' title='bbox 601 1221 853 1286; x_wconf 88' lang='lat' dir='ltr'>iurisdiccionern</span> <span class='ocrx_word' id='word_1_72' title='bbox 884 1221 1131 1286; x_wconf 87' lang='lat' dir='ltr'>ecclesiasticam</span> <span class='ocrx_word' id='word_1_73' title='bbox 1156 1220 1322 1305; x_wconf 83' lang='lat' dir='ltr'>abdicavit,</span> <span class='ocrx_word' id='word_1_74' title='bbox 1352 1239 1449 1304; x_wconf 87' lang='lat' dir='ltr'>snper</span> <span class='ocrx_word' id='word_1_75' title='bbox 1472 1222 1636 1303; x_wconf 83' lang='lat' dir='ltr'>premissis</span> <span class='ocrx_word' id='word_1_76' title='bbox 1659 1220 1739 1285; x_wconf 79' lang='lat' dir='ltr'>cliiii-</span> 
     </span>
     <span class='ocr_line' id='line_1_9' title="bbox 236 1325 1738 1409; baseline 0.001 -21"><span class='ocrx_word' id='word_1_77' title='bbox 236 1326 367 1390; x_wconf 85' lang='lat' dir='ltr'>nitivarn</span> <span class='ocrx_word' id='word_1_78' title='bbox 391 1325 586 1389; x_wconf 86' lang='lat' dir='ltr'>sentenciam</span> <span class='ocrx_word' id='word_1_79' title='bbox 608 1325 692 1388; x_wconf 83' lang='lat' dir='ltr'>ferre</span> <span class='ocrx_word' id='word_1_80' title='bbox 716 1325 851 1407; x_wconf 84' lang='lat' dir='ltr'>distulit,</span> <span class='ocrx_word' id='word_1_81' title='bbox 876 1344 911 1389; x_wconf 92' lang='lat' dir='ltr'>se</span> <span class='ocrx_word' id='word_1_82' title='bbox 934 1325 1021 1389; x_wconf 90' lang='lat' dir='ltr'>illam</span> <span class='ocrx_word' id='word_1_83' title='bbox 1045 1325 1204 1391; x_wconf 90' lang='lat' dir='ltr'>ferrenon</span> <span class='ocrx_word' id='word_1_84' title='bbox 1229 1327 1346 1391; x_wconf 88' lang='lat' dir='ltr'>audere</span> <span class='ocrx_word' id='word_1_85' title='bbox 1370 1344 1474 1407; x_wconf 88' lang='lat' dir='ltr'>neque</span> <span class='ocrx_word' id='word_1_86' title='bbox 1497 1344 1592 1409; x_wconf 91' lang='lat' dir='ltr'>posse</span> <span class='ocrx_word' id='word_1_87' title='bbox 1615 1325 1738 1406; x_wconf 87' lang='lat' dir='ltr'>sibique</span> 
     </span>
     <span class='ocr_line' id='line_1_10' title="bbox 237 1429 1743 1513; baseline 0 -19"><span class='ocrx_word' id='word_1_88' title='bbox 237 1431 268 1494; x_wconf 93' lang='lat' dir='ltr'>id</span> <span class='ocrx_word' id='word_1_89' title='bbox 291 1430 459 1495; x_wconf 85' lang='lat' dir='ltr'>inbibiturn</span> <span class='ocrx_word' id='word_1_90' title='bbox 491 1447 562 1494; x_wconf 88' lang='lat' dir='ltr'>esse</span> <span class='ocrx_word' id='word_1_91' title='bbox 586 1449 625 1494; x_wconf 86' lang='lat' dir='ltr'>ex</span> <span class='ocrx_word' id='word_1_92' title='bbox 655 1436 746 1511; x_wconf 90' lang='lat' dir='ltr'>parte</span> <span class='ocrx_word' id='word_1_93' title='bbox 770 1429 847 1493; x_wconf 89' lang='lat' dir='ltr'>dicti</span> <span class='ocrx_word' id='word_1_94' title='bbox 877 1430 1106 1512; x_wconf 87' lang='lat' dir='ltr'>archiepiscopi</span> <span class='ocrx_word' id='word_1_95' title='bbox 1137 1431 1263 1513; x_wconf 89' lang='lat' dir='ltr'>publico</span> <span class='ocrx_word' id='word_1_96' title='bbox 1295 1433 1465 1495; x_wconf 88' lang='lat' dir='ltr'>asserendo</span> <span class='ocrx_word' id='word_1_97' title='bbox 1490 1431 1522 1495; x_wconf 96' lang='lat' dir='ltr'>in</span> <span class='ocrx_word' id='word_1_98' title='bbox 1554 1431 1630 1495; x_wconf 91' lang='lat' dir='ltr'>dicti</span> <span class='ocrx_word' id='word_1_99' title='bbox 1655 1431 1743 1495; x_wconf 89' lang='lat' dir='ltr'>Petri</span> 
     </span>
     <span class='ocr_line' id='line_1_11' title="bbox 238 1533 1742 1616; baseline 0 -18"><span class='ocrx_word' id='word_1_100' title='bbox 238 1542 269 1599; x_wconf 91' lang='lat' dir='ltr'>et</span> <span class='ocrx_word' id='word_1_101' title='bbox 291 1552 348 1598; x_wconf 91' lang='lat' dir='ltr'>sue</span> <span class='ocrx_word' id='word_1_102' title='bbox 378 1534 520 1616; x_wconf 87' lang='lat' dir='ltr'>predicte</span> <span class='ocrx_word' id='word_1_103' title='bbox 550 1533 685 1598; x_wconf 88' lang='lat' dir='ltr'>ecclesie</span> <span class='ocrx_word' id='word_1_104' title='bbox 715 1534 925 1614; x_wconf 91' lang='lat' dir='ltr'>preiudicinm</span> <span class='ocrx_word' id='word_1_105' title='bbox 955 1554 1017 1599; x_wconf 92' lang='lat' dir='ltr'>non</span> <span class='ocrx_word' id='word_1_106' title='bbox 1042 1535 1197 1599; x_wconf 89' lang='lat' dir='ltr'>modicum</span> <span class='ocrx_word' id='word_1_107' title='bbox 1228 1541 1262 1598; x_wconf 87' lang='lat' dir='ltr'>ct</span> <span class='ocrx_word' id='word_1_108' title='bbox 1292 1553 1471 1616; x_wconf 83' lang='lat' dir='ltr'>gravamen.</span> <span class='ocrx_word' id='word_1_109' title='bbox 1518 1536 1622 1612; x_wconf 83' lang='lat' dir='ltr'>Quare</span> <span class='ocrx_word' id='word_1_110' title='bbox 1658 1535 1742 1599; x_wconf 88' lang='lat' dir='ltr'>idern</span> 
     </span>
     <span class='ocr_line' id='line_1_12' title="bbox 238 1637 1738 1721; baseline -0.001 -18"><span class='ocrx_word' id='word_1_111' title='bbox 238 1639 437 1721; x_wconf 80' lang='lat' dir='ltr'>PetrtrS,q11i</span> <span class='ocrx_word' id='word_1_112' title='bbox 467 1643 599 1719; x_wconf 88' lang='lat' dir='ltr'>propter</span> <span class='ocrx_word' id='word_1_113' title='bbox 621 1637 679 1702; x_wconf 92' lang='lat' dir='ltr'>boc</span> <span class='ocrx_word' id='word_1_114' title='bbox 703 1637 742 1700; x_wconf 91' lang='lat' dir='ltr'>ad</span> <span class='ocrx_word' id='word_1_115' title='bbox 773 1639 978 1719; x_wconf 90' lang='lat' dir='ltr'>apostolicam</span> <span class='ocrx_word' id='word_1_116' title='bbox 1007 1639 1114 1702; x_wconf 87' lang='lat' dir='ltr'>sedem</span> <span class='ocrx_word' id='word_1_117' title='bbox 1139 1640 1284 1721; x_wconf 88' lang='lat' dir='ltr'>accessit,</span> <span class='ocrx_word' id='word_1_118' title='bbox 1309 1640 1399 1704; x_wconf 90' lang='lat' dir='ltr'>nobis</span> <span class='ocrx_word' id='word_1_119' title='bbox 1423 1638 1586 1703; x_wconf 89' lang='lat' dir='ltr'>humiliter</span> <span class='ocrx_word' id='word_1_120' title='bbox 1619 1639 1738 1721; x_wconf 92' lang='lat' dir='ltr'>suppli-</span> 
     </span>
     <span class='ocr_line' id='line_1_13' title="bbox 238 1742 1741 1825; baseline 0 -18"><span class='ocrx_word' id='word_1_121' title='bbox 238 1744 328 1825; x_wconf 90' lang='lat' dir='ltr'>cavit,</span> <span class='ocrx_word' id='word_1_122' title='bbox 353 1748 389 1806; x_wconf 94' lang='lat' dir='ltr'>ut</span> <span class='ocrx_word' id='word_1_123' title='bbox 419 1742 588 1824; x_wconf 83' lang='lat' dir='ltr'>providere</span> <span class='ocrx_word' id='word_1_124' title='bbox 612 1742 641 1805; x_wconf 87' lang='lat' dir='ltr'>ei</span> <span class='ocrx_word' id='word_1_125' title='bbox 674 1760 770 1823; x_wconf 89' lang='lat' dir='ltr'>super</span> <span class='ocrx_word' id='word_1_126' title='bbox 792 1742 863 1823; x_wconf 79' lang='lat' dir='ltr'>hila,</span> <span class='ocrx_word' id='word_1_127' title='bbox 897 1761 957 1806; x_wconf 93' lang='lat' dir='ltr'>non</span> <span class='ocrx_word' id='word_1_128' title='bbox 990 1744 1147 1825; x_wconf 85' lang='lat' dir='ltr'>obstante,</span> <span class='ocrx_word' id='word_1_129' title='bbox 1180 1744 1206 1806; x_wconf 93' lang='lat' dir='ltr'>si</span> <span class='ocrx_word' id='word_1_130' title='bbox 1230 1742 1337 1807; x_wconf 81' lang='lat' dir='ltr'>forsan</span> <span class='ocrx_word' id='word_1_131' title='bbox 1367 1744 1399 1807; x_wconf 94' lang='lat' dir='ltr'>in</span> <span class='ocrx_word' id='word_1_132' title='bbox 1430 1744 1611 1807; x_wconf 89' lang='lat' dir='ltr'>huiusmodi</span> <span class='ocrx_word' id='word_1_133' title='bbox 1646 1762 1741 1807; x_wconf 90' lang='lat' dir='ltr'>causa</span> 
     </span>
     <span class='ocr_line' id='line_1_14' title="bbox 240 1847 1742 1932; baseline 0 -21"><span class='ocrx_word' id='word_1_134' title='bbox 240 1851 346 1912; x_wconf 91' lang='lat' dir='ltr'>contra</span> <span class='ocrx_word' id='word_1_135' title='bbox 368 1865 450 1925; x_wconf 84' lang='lat' dir='ltr'>euin,</span> <span class='ocrx_word' id='word_1_136' title='bbox 474 1853 641 1928; x_wconf 87' lang='lat' dir='ltr'>postquam</span> <span class='ocrx_word' id='word_1_137' title='bbox 664 1854 834 1928; x_wconf 88' lang='lat' dir='ltr'>propterea</span> <span class='ocrx_word' id='word_1_138' title='bbox 856 1847 918 1910; x_wconf 83' lang='lat' dir='ltr'>iter</span> <span class='ocrx_word' id='word_1_139' title='bbox 941 1847 1075 1928; x_wconf 84' lang='lat' dir='ltr'>arripuit</span> <span class='ocrx_word' id='word_1_140' title='bbox 1098 1848 1136 1911; x_wconf 91' lang='lat' dir='ltr'>ad</span> <span class='ocrx_word' id='word_1_141' title='bbox 1160 1849 1268 1911; x_wconf 90' lang='lat' dir='ltr'>sedern</span> <span class='ocrx_word' id='word_1_142' title='bbox 1292 1848 1440 1912; x_wconf 87' lang='lat' dir='ltr'>verriendi</span> <span class='ocrx_word' id='word_1_143' title='bbox 1463 1849 1647 1932; x_wconf 87' lang='lat' dir='ltr'>predictam,</span> <span class='ocrx_word' id='word_1_144' title='bbox 1671 1867 1742 1913; x_wconf 85' lang='lat' dir='ltr'>seu-</span> 
     </span>
     <span class='ocr_line' id='line_1_15' title="bbox 240 1950 1741 2033; baseline 0.002 -18"><span class='ocrx_word' id='word_1_145' title='bbox 240 1951 343 2015; x_wconf 89' lang='lat' dir='ltr'>tencia</span> <span class='ocrx_word' id='word_1_146' title='bbox 366 1951 432 2015; x_wconf 89' lang='lat' dir='ltr'>lata</span> <span class='ocrx_word' id='word_1_147' title='bbox 455 1951 582 2031; x_wconf 82' lang='lat' dir='ltr'>existat,</span> <span class='ocrx_word' id='word_1_148' title='bbox 605 1952 644 2014; x_wconf 88' lang='lat' dir='ltr'>de</span> <span class='ocrx_word' id='word_1_149' title='bbox 668 1950 865 2031; x_wconf 79' lang='lat' dir='ltr'>benignitate</span> <span class='ocrx_word' id='word_1_150' title='bbox 898 1951 1073 2031; x_wconf 89' lang='lat' dir='ltr'>apostolica</span> <span class='ocrx_word' id='word_1_151' title='bbox 1096 1951 1305 2032; x_wconf 87' lang='lat' dir='ltr'>dignaremur.</span> <span class='ocrx_word' id='word_1_152' title='bbox 1352 1952 1418 2016; x_wconf 89' lang='lat' dir='ltr'>Nos</span> <span class='ocrx_word' id='word_1_153' title='bbox 1441 1953 1539 2033; x_wconf 87' lang='lat' dir='ltr'>igitur</span> <span class='ocrx_word' id='word_1_154' title='bbox 1561 1952 1741 2018; x_wconf 89' lang='lat' dir='ltr'>huiusmodi</span> 
     </span>
     <span class='ocr_line' id='line_1_16' title="bbox 239 2055 1740 2139; baseline 0.002 -20"><span class='ocrx_word' id='word_1_155' title='bbox 239 2055 525 2137; x_wconf 89' lang='lat' dir='ltr'>supplicaciouibus</span> <span class='ocrx_word' id='word_1_156' title='bbox 556 2055 709 2131; x_wconf 92' lang='lat' dir='ltr'>inclinati,</span> <span class='ocrx_word' id='word_1_157' title='bbox 733 2055 919 2120; x_wconf 88' lang='lat' dir='ltr'>discrecioni</span> <span class='ocrx_word' id='word_1_158' title='bbox 944 2061 997 2119; x_wconf 89' lang='lat' dir='ltr'>tue</span> <span class='ocrx_word' id='word_1_159' title='bbox 1021 2075 1079 2137; x_wconf 90' lang='lat' dir='ltr'>per·</span> <span class='ocrx_word' id='word_1_160' title='bbox 1102 2057 1277 2137; x_wconf 90' lang='lat' dir='ltr'>apostolica</span> <span class='ocrx_word' id='word_1_161' title='bbox 1299 2057 1419 2137; x_wconf 91' lang='lat' dir='ltr'>scripta</span> <span class='ocrx_word' id='word_1_162' title='bbox 1449 2058 1642 2138; x_wconf 88' lang='lat' dir='ltr'>nrandanrus,</span> <span class='ocrx_word' id='word_1_163' title='bbox 1665 2077 1740 2139; x_wconf 85' lang='lat' dir='ltr'>qna-</span> 
     </span>
     <span class='ocr_line' id='line_1_17' title="bbox 240 2158 1741 2243; baseline 0.001 -20"><span class='ocrx_word' id='word_1_164' title='bbox 240 2160 335 2241; x_wconf 78' lang='lat' dir='ltr'>tinuS,</span> <span class='ocrx_word' id='word_1_165' title='bbox 357 2159 385 2223; x_wconf 91' lang='lat' dir='ltr'>si</span> <span class='ocrx_word' id='word_1_166' title='bbox 407 2164 458 2223; x_wconf 89' lang='lat' dir='ltr'>est</span> <span class='ocrx_word' id='word_1_167' title='bbox 480 2160 534 2241; x_wconf 88' lang='lat' dir='ltr'>ita,</span> <span class='ocrx_word' id='word_1_168' title='bbox 558 2159 722 2223; x_wconf 87' lang='lat' dir='ltr'>sentencia</span> <span class='ocrx_word' id='word_1_169' title='bbox 751 2158 930 2223; x_wconf 89' lang='lat' dir='ltr'>huiusmodi</span> <span class='ocrx_word' id='word_1_170' title='bbox 955 2178 1152 2239; x_wconf 88' lang='lat' dir='ltr'>nequaquam</span> <span class='ocrx_word' id='word_1_171' title='bbox 1183 2161 1339 2241; x_wconf 89' lang='lat' dir='ltr'>obstante,</span> <span class='ocrx_word' id='word_1_172' title='bbox 1369 2160 1511 2242; x_wconf 87' lang='lat' dir='ltr'>legitimo</span> <span class='ocrx_word' id='word_1_173' title='bbox 1542 2161 1622 2225; x_wconf 91' lang='lat' dir='ltr'>alias</span> <span class='ocrx_word' id='word_1_174' title='bbox 1645 2180 1741 2243; x_wconf 91' lang='lat' dir='ltr'>snper</span> 
     </span>
     <span class='ocr_line' id='line_1_18' title="bbox 238 2261 1742 2346; baseline 0.003 -20"><span class='ocrx_word' id='word_1_175' title='bbox 238 2262 299 2327; x_wconf 89' lang='lat' dir='ltr'>biis</span> <span class='ocrx_word' id='word_1_176' title='bbox 322 2282 425 2327; x_wconf 88' lang='lat' dir='ltr'>coram</span> <span class='ocrx_word' id='word_1_177' title='bbox 450 2263 533 2326; x_wconf 88' lang='lat' dir='ltr'>dicto</span> <span class='ocrx_word' id='word_1_178' title='bbox 564 2262 692 2326; x_wconf 84' lang='lat' dir='ltr'>officiali</span> <span class='ocrx_word' id='word_1_179' title='bbox 715 2261 823 2326; x_wconf 79' lang='lat' dir='ltr'>liabito</span> <span class='ocrx_word' id='word_1_180' title='bbox 848 2269 973 2326; x_wconf 77' lang='lat' dir='ltr'>servato</span> <span class='ocrx_word' id='word_1_181' title='bbox 1004 2282 1165 2344; x_wconf 87' lang='lat' dir='ltr'>processu,</span> <span class='ocrx_word' id='word_1_182' title='bbox 1196 2264 1228 2327; x_wconf 93' lang='lat' dir='ltr'>in</span> <span class='ocrx_word' id='word_1_183' title='bbox 1253 2282 1348 2327; x_wconf 87' lang='lat' dir='ltr'>causa</span> <span class='ocrx_word' id='word_1_184' title='bbox 1379 2264 1449 2346; x_wconf 90' lang='lat' dir='ltr'>ipsa</span> <span class='ocrx_word' id='word_1_185' title='bbox 1471 2264 1581 2346; x_wconf 83' lang='lat' dir='ltr'>previa</span> <span class='ocrx_word' id='word_1_186' title='bbox 1615 2267 1742 2331; x_wconf 86' lang='lat' dir='ltr'>racione</span> 
     </span>
     <span class='ocr_line' id='line_1_19' title="bbox 239 2367 1740 2450; baseline 0.001 -18"><span class='ocrx_word' id='word_1_187' title='bbox 239 2367 557 2449; x_wconf 80' lang='lat' dir='ltr'>pr·ocedaS,ea1nque</span> <span class='ocrx_word' id='word_1_188' title='bbox 588 2367 805 2448; x_wconf 89' lang='lat' dir='ltr'>appellacionc</span> <span class='ocrx_word' id='word_1_189' title='bbox 837 2372 957 2431; x_wconf 90' lang='lat' dir='ltr'>remota</span> <span class='ocrx_word' id='word_1_190' title='bbox 980 2367 1088 2431; x_wconf 89' lang='lat' dir='ltr'>debito</span> <span class='ocrx_word' id='word_1_191' title='bbox 1119 2367 1180 2431; x_wconf 87' lang='lat' dir='ltr'>fine</span> <span class='ocrx_word' id='word_1_192' title='bbox 1204 2368 1333 2432; x_wconf 87' lang='lat' dir='ltr'>decidas</span> <span class='ocrx_word' id='word_1_193' title='bbox 1363 2369 1492 2450; x_wconf 84' lang='lat' dir='ltr'>iaciens,</span> <span class='ocrx_word' id='word_1_194' title='bbox 1523 2370 1607 2449; x_wconf 74' lang='lat' dir='ltr'>quiid</span> <span class='ocrx_word' id='word_1_195' title='bbox 1631 2370 1740 2435; x_wconf 87' lang='lat' dir='ltr'>decre-</span> 
     </span>
     <span class='ocr_line' id='line_1_20' title="bbox 239 2470 1744 2554; baseline 0.003 -20"><span class='ocrx_word' id='word_1_196' title='bbox 239 2473 332 2550; x_wconf 70' lang='lat' dir='ltr'>veris,</span> <span class='ocrx_word' id='word_1_197' title='bbox 356 2488 602 2553; x_wconf 90' lang='lat' dir='ltr'>percensuram</span> <span class='ocrx_word' id='word_1_198' title='bbox 633 2470 881 2534; x_wconf 87' lang='lat' dir='ltr'>ecclesiasticam</span> <span class='ocrx_word' id='word_1_199' title='bbox 905 2470 1037 2535; x_wconf 87' lang='lat' dir='ltr'>firrniter</span> <span class='ocrx_word' id='word_1_200' title='bbox 1060 2472 1231 2536; x_wconf 89' lang='lat' dir='ltr'>observari.</span> <span class='ocrx_word' id='word_1_201' title='bbox 1265 2472 1378 2536; x_wconf 90' lang='lat' dir='ltr'>Testes</span> <span class='ocrx_word' id='word_1_202' title='bbox 1402 2479 1517 2554; x_wconf 88' lang='lat' dir='ltr'>antem,</span> <span class='ocrx_word' id='word_1_203' title='bbox 1540 2474 1594 2553; x_wconf 87' lang='lat' dir='ltr'>qni</span> <span class='ocrx_word' id='word_1_204' title='bbox 1624 2473 1744 2538; x_wconf 89' lang='lat' dir='ltr'>fuerint</span> 
     </span>
     <span class='ocr_line' id='line_1_21' title="bbox 238 2575 1742 2659; baseline 0.002 -21"><span class='ocrx_word' id='word_1_205' title='bbox 238 2575 399 2656; x_wconf 89' lang='lat' dir='ltr'>nominati,</span> <span class='ocrx_word' id='word_1_206' title='bbox 423 2575 451 2638; x_wconf 90' lang='lat' dir='ltr'>si</span> <span class='ocrx_word' id='word_1_207' title='bbox 474 2593 508 2638; x_wconf 87' lang='lat' dir='ltr'>se</span> <span class='ocrx_word' id='word_1_208' title='bbox 532 2576 647 2657; x_wconf 77' lang='lat' dir='ltr'>gracia,</span> <span class='ocrx_word' id='word_1_209' title='bbox 672 2576 743 2639; x_wconf 91' lang='lat' dir='ltr'>odio</span> <span class='ocrx_word' id='word_1_210' title='bbox 773 2576 822 2638; x_wconf 87' lang='lat' dir='ltr'>vel</span> <span class='ocrx_word' id='word_1_211' title='bbox 847 2576 959 2638; x_wconf 88' lang='lat' dir='ltr'>timore</span> <span class='ocrx_word' id='word_1_212' title='bbox 983 2577 1206 2657; x_wconf 84' lang='lat' dir='ltr'>subtraxerint,</span> <span class='ocrx_word' id='word_1_213' title='bbox 1241 2596 1374 2640; x_wconf 85' lang='lat' dir='ltr'>censura</span> <span class='ocrx_word' id='word_1_214' title='bbox 1405 2577 1500 2640; x_wconf 91' lang='lat' dir='ltr'>simili</span> <span class='ocrx_word' id='word_1_215' title='bbox 1524 2578 1742 2659; x_wconf 88' lang='lat' dir='ltr'>appellacionc</span> 
     </span>
     <span class='ocr_line' id='line_1_22' title="bbox 239 2679 1259 2761; baseline 0.001 -18"><span class='ocrx_word' id='word_1_216' title='bbox 239 2688 386 2746; x_wconf 85' lang='lat' dir='ltr'>cessante</span> <span class='ocrx_word' id='word_1_217' title='bbox 410 2679 571 2761; x_wconf 90' lang='lat' dir='ltr'>conpellas</span> <span class='ocrx_word' id='word_1_218' title='bbox 595 2680 722 2744; x_wconf 83' lang='lat' dir='ltr'>veritati</span> <span class='ocrx_word' id='word_1_219' title='bbox 746 2679 962 2743; x_wconf 88' lang='lat' dir='ltr'>testimoninm</span> <span class='ocrx_word' id='word_1_220' title='bbox 985 2680 1152 2761; x_wconf 85' lang='lat' dir='ltr'>perhibere</span> <span class='ocrx_word' id='word_1_221' title='bbox 1172 2735 1179 2748; x_wconf 85' lang='grc'><strong>.</strong></span> <span class='ocrx_word' id='word_1_222' title='bbox 1199 2734 1205 2746; x_wconf 92' lang='grc'>,</span> <span class='ocrx_word' id='word_1_223' title='bbox 1228 2732 1259 2744; x_wconf 93' lang='grc'>..</span> 
     </span>
     <span class='ocr_line' id='line_1_23' title="bbox 371 2784 1118 2848; baseline 0.001 -1"><span class='ocrx_word' id='word_1_224' title='bbox 371 2785 408 2847; x_wconf 89' lang='grc' dir='ltr'>Ι).</span> <span class='ocrx_word' id='word_1_225' title='bbox 435 2784 589 2847; x_wconf 77' lang='lat' dir='ltr'>Aninioue</span> <span class='ocrx_word' id='word_1_226' title='bbox 615 2784 645 2848; x_wconf 96' lang='lat' dir='ltr'>ll</span> <span class='ocrx_word' id='word_1_227' title='bbox 668 2785 732 2847; x_wconf 78' lang='lat' dir='ltr'>lral.</span> <span class='ocrx_word' id='word_1_228' title='bbox 758 2784 920 2847; x_wconf 82' lang='lat' dir='ltr'>l·&#39;ebr·uarii</span> <span class='ocrx_word' id='word_1_229' title='bbox 945 2806 972 2846; x_wconf 88' lang='lat' dir='ltr'>a.</span> <span class='ocrx_word' id='word_1_230' title='bbox 996 2791 1118 2848; x_wconf 88' lang='lat' dir='ltr'>octnvo.</span> 
     </span>
    </p>
   </div>
   <div class='ocr_carea' id='block_1_3' title="bbox 368 2973 1163 3041">
    <p class='ocr_par' dir='ltr' id='par_1_3' title="bbox 368 2973 1163 3041">
     <span class='ocr_line' id='line_1_24' title="bbox 368 2973 1163 3041; baseline -0.001 -14"><span class='ocrx_word' id='word_1_231' title='bbox 368 2974 400 3027; x_wconf 83' lang='lat' dir='ltr'>a.</span> <span class='ocrx_word' id='word_1_232' title='bbox 419 2976 467 3026; x_wconf 75' lang='lat' dir='ltr'>Aa.</span> <span class='ocrx_word' id='word_1_233' title='bbox 490 2980 538 3027; x_wconf 70' lang='lat' dir='ltr'>lit</span> <span class='ocrx_word' id='word_1_234' title='bbox 556 2973 603 3027; x_wconf 84' lang='lat' dir='ltr'>iol.</span> <span class='ocrx_word' id='word_1_235' title='bbox 623 2980 681 3026; x_wconf 74' lang='lat' dir='ltr'>tlt.</span> <span class='ocrx_word' id='word_1_236' title='bbox 705 3005 730 3013; x_wconf 91' lang='lat'>-</span> <span class='ocrx_word' id='word_1_237' title='bbox 754 2980 779 3039; x_wconf 77' lang='lat' dir='ltr'>a)</span> <span class='ocrx_word' id='word_1_238' title='bbox 799 2973 924 3040; x_wconf 77' lang='lat' dir='ltr'>corrige:</span> <span class='ocrx_word' id='word_1_239' title='bbox 944 2973 1163 3041; x_wconf 86' lang='lat' dir='ltr'>,Bolrnnconern‘.</span> 
     </span>
    </p>
   </div>
   <div class='ocr_carea' id='block_1_4' title="bbox 231 3357 1743 3736">
    <p class='ocr_par' dir='ltr' id='par_1_4' title="bbox 234 3357 1743 3442">
     <span class='ocr_line' id='line_1_25' title="bbox 234 3357 1743 3442; baseline 0 -17"><span class='ocrx_word' id='word_1_240' title='bbox 234 3360 358 3425; x_wconf 79' lang='lat'><strong><em>1⁰40.</em></strong></span> <span class='ocrx_word' id='word_1_241' title='bbox 382 3359 478 3423; x_wconf 75' lang='lat' dir='ltr'>Arana</span> <span class='ocrx_word' id='word_1_242' title='bbox 510 3359 724 3422; x_wconf 82' lang='lat' dir='ltr'>Romanorum</span> <span class='ocrx_word' id='word_1_243' title='bbox 747 3357 938 3441; x_wconf 75' lang='lat' dir='ltr'>imperatrix</span> <span class='ocrx_word' id='word_1_244' title='bbox 967 3357 1136 3439; x_wconf 81' lang='lat' dir='ltr'>supplicat,</span> <span class='ocrx_word' id='word_1_245' title='bbox 1170 3364 1323 3441; x_wconf 77' lang='lat' dir='ltr'>quatenus</span> <span class='ocrx_word' id='word_1_246' title='bbox 1354 3360 1578 3442; x_wconf 79' lang='lat' dir='ltr'>infrascriptis</span> <span class='ocrx_word' id='word_1_247' title='bbox 1609 3362 1743 3426; x_wconf 81' lang='lat' dir='ltr'>notariis</span> 
     </span>
    </p>

    <p class='ocr_par' dir='ltr' id='par_1_5' title="bbox 231 3461 1742 3549">
     <span class='ocr_line' id='line_1_26' title="bbox 231 3461 1742 3549; baseline 0.001 -22"><span class='ocrx_word' id='word_1_248' title='bbox 231 3465 306 3527; x_wconf 70' lang='lat' dir='ltr'>sais</span> <span class='ocrx_word' id='word_1_249' title='bbox 327 3463 366 3527; x_wconf 83' lang='lat' dir='ltr'>dc</span> <span class='ocrx_word' id='word_1_250' title='bbox 387 3463 624 3527; x_wconf 78' lang='lat' dir='ltr'>caraoaicatibas</span> <span class='ocrx_word' id='word_1_251' title='bbox 649 3463 866 3545; x_wconf 81' lang='lat' dir='ltr'>provideatur.</span> <span class='ocrx_word' id='word_1_252' title='bbox 892 3499 931 3507; x_wconf 90' lang='lat'><strong>—</strong></span> <span class='ocrx_word' id='word_1_253' title='bbox 959 3461 1074 3526; x_wconf 81' lang='lat' dir='ltr'>Gallus</span> <span class='ocrx_word' id='word_1_254' title='bbox 1104 3464 1243 3526; x_wconf 73' lang='lat' dir='ltr'>illartiai</span> <span class='ocrx_word' id='word_1_255' title='bbox 1265 3463 1302 3526; x_wconf 81' lang='lat' dir='ltr'>de</span> <span class='ocrx_word' id='word_1_256' title='bbox 1332 3464 1478 3528; x_wconf 75' lang='lat' dir='ltr'>Lomnica</span> <span class='ocrx_word' id='word_1_257' title='bbox 1501 3466 1542 3546; x_wconf 74' lang='lat' dir='ltr'>(i)</span> <span class='ocrx_word' id='word_1_258' title='bbox 1574 3467 1742 3549; x_wconf 84' lang='lat' dir='ltr'>supplicat,</span> 
     </span>
    </p>

    <p class='ocr_par' dir='ltr' id='par_1_6' title="bbox 232 3565 1740 3736">
     <span class='ocr_line' id='line_1_27' title="bbox 232 3565 1740 3651; baseline 0 -20"><span class='ocrx_word' id='word_1_259' title='bbox 232 3571 393 3649; x_wconf 72' lang='lat' dir='ltr'>quatenus</span> <span class='ocrx_word' id='word_1_260' title='bbox 426 3567 488 3630; x_wconf 86' lang='lat' dir='ltr'>sibi</span> <span class='ocrx_word' id='word_1_261' title='bbox 510 3568 547 3631; x_wconf 87' lang='lat' dir='ltr'>de</span> <span class='ocrx_word' id='word_1_262' title='bbox 582 3567 734 3648; x_wconf 80' lang='lat' dir='ltr'>beneflcio,</span> <span class='ocrx_word' id='word_1_263' title='bbox 770 3568 813 3631; x_wconf 85' lang='lat' dir='ltr'>ad</span> <span class='ocrx_word' id='word_1_264' title='bbox 849 3566 1043 3631; x_wconf 82' lang='lat' dir='ltr'>collationem</span> <span class='ocrx_word' id='word_1_265' title='bbox 1078 3565 1224 3630; x_wconf 84' lang='lat' dir='ltr'>ecclesiae</span> <span class='ocrx_word' id='word_1_266' title='bbox 1258 3568 1429 3647; x_wconf 75' lang='lat' dir='ltr'>Prapensis</span> <span class='ocrx_word' id='word_1_267' title='bbox 1462 3572 1631 3651; x_wconf 84' lang='lat' dir='ltr'>spectante,</span> <span class='ocrx_word' id='word_1_268' title='bbox 1668 3589 1740 3651; x_wconf 93' lang='lat' dir='ltr'>pro-</span> 
     </span>
     <span class='ocr_line' id='line_1_28' title="bbox 918 3673 1071 3736; baseline -0.007 -1"><span class='ocrx_word' id='word_1_269' title='bbox 918 3673 1071 3736; x_wconf 81' lang='lat' dir='ltr'>videatur.</span> 
     </span>
    </p>
   </div>
   <div class='ocr_carea' id='block_1_5' title="bbox 1125 3810 1695 3888">
    <p class='ocr_par' dir='ltr' id='par_1_7' title="bbox 1125 3810 1695 3888">
     <span class='ocr_line' id='line_1_29' title="bbox 1125 3810 1695 3888; baseline -0.004 -15"><span class='ocrx_word' id='word_1_270' title='bbox 1125 3877 1129 3884; x_wconf 70' lang='grc'><strong>,</strong></span> <span class='ocrx_word' id='word_1_271' title='bbox 1179 3810 1341 3888; x_wconf 73' lang='grc' dir='ltr'>Ατίηἱοηε,</span> <span class='ocrx_word' id='word_1_272' title='bbox 1365 3814 1451 3874; x_wconf 83' lang='grc'><strong><em>1360</em></strong></span> <span class='ocrx_word' id='word_1_273' title='bbox 1475 3811 1643 3875; x_wconf 78' lang='lat' dir='ltr'>Februarii</span> <span class='ocrx_word' id='word_1_274' title='bbox 1664 3815 1695 3874; x_wconf 84' lang='lat'>4.</span> 
     </span>
    </p>
   </div>
   <div class='ocr_carea' id='block_1_6' title="bbox 233 3998 1743 4605">
    <p class='ocr_par' dir='ltr' id='par_1_8' title="bbox 233 3998 1743 4605">
     <span class='ocr_line' id='line_1_30' title="bbox 370 3998 1742 4083; baseline 0.001 -20"><span class='ocrx_word' id='word_1_275' title='bbox 370 3999 534 4082; x_wconf 89' lang='lat' dir='ltr'>Supplicat</span> <span class='ocrx_word' id='word_1_276' title='bbox 557 3998 597 4065; x_wconf 71' lang='lat' dir='ltr'>gn</span> <span class='ocrx_word' id='word_1_277' title='bbox 637 4001 691 4065; x_wconf 76' lang='lat' dir='ltr'>V¹⁰</span> <span class='ocrx_word' id='word_1_278' title='bbox 715 4002 830 4065; x_wconf 86' lang='lat' dir='ltr'>devota</span> <span class='ocrx_word' id='word_1_279' title='bbox 861 4000 926 4065; x_wconf 89' lang='lat' dir='ltr'>lilia</span> <span class='ocrx_word' id='word_1_280' title='bbox 949 4006 1056 4064; x_wconf 83' lang='lat' dir='ltr'>vestra</span> <span class='ocrx_word' id='word_1_281' title='bbox 1086 4002 1177 4064; x_wconf 83' lang='lat' dir='ltr'>Annua</span> <span class='ocrx_word' id='word_1_282' title='bbox 1210 4002 1419 4065; x_wconf 86' lang='lat' dir='ltr'>Rornanorum</span> <span class='ocrx_word' id='word_1_283' title='bbox 1451 4001 1643 4083; x_wconf 85' lang='lat' dir='ltr'>imperatrix,</span> <span class='ocrx_word' id='word_1_284' title='bbox 1668 4021 1742 4082; x_wconf 87' lang='lat' dir='ltr'>qua-</span> 
     </span>
     <span class='ocr_line' id='line_1_31' title="bbox 234 4105 1741 4189; baseline 0.002 -20"><span class='ocrx_word' id='word_1_285' title='bbox 234 4111 335 4169; x_wconf 83' lang='lat' dir='ltr'>tenns</span> <span class='ocrx_word' id='word_1_286' title='bbox 358 4105 503 4186; x_wconf 87' lang='lat' dir='ltr'>personis</span> <span class='ocrx_word' id='word_1_287' title='bbox 526 4105 737 4188; x_wconf 79' lang='lat' dir='ltr'>infrascriptis</span> <span class='ocrx_word' id='word_1_288' title='bbox 761 4105 932 4187; x_wconf 90' lang='lat' dir='ltr'>dignemini</span> <span class='ocrx_word' id='word_1_289' title='bbox 964 4106 1068 4170; x_wconf 87' lang='lat' dir='ltr'>facore</span> <span class='ocrx_word' id='word_1_290' title='bbox 1092 4106 1229 4189; x_wconf 88' lang='lat' dir='ltr'>graciam</span> <span class='ocrx_word' id='word_1_291' title='bbox 1254 4106 1433 4187; x_wconf 89' lang='lat' dir='ltr'>specialem,</span> <span class='ocrx_word' id='word_1_292' title='bbox 1457 4113 1489 4171; x_wconf 90' lang='lat' dir='ltr'>et</span> <span class='ocrx_word' id='word_1_293' title='bbox 1512 4108 1612 4188; x_wconf 88' lang='lat' dir='ltr'>primo</span> <span class='ocrx_word' id='word_1_294' title='bbox 1636 4106 1741 4172; x_wconf 84' lang='lat' dir='ltr'>Vlrico</span> 
     </span>
     <span class='ocr_line' id='line_1_32' title="bbox 235 4205 1743 4292; baseline 0.001 -19"><span class='ocrx_word' id='word_1_295' title='bbox 235 4205 338 4274; x_wconf 77' lang='lat' dir='ltr'>Vlrici</span> <span class='ocrx_word' id='word_1_296' title='bbox 364 4209 403 4274; x_wconf 94' lang='lat' dir='ltr'>de</span> <span class='ocrx_word' id='word_1_297' title='bbox 429 4208 601 4273; x_wconf 86' lang='lat' dir='ltr'>Sulczbacb</span> <span class='ocrx_word' id='word_1_298' title='bbox 625 4211 812 4292; x_wconf 86' lang='lat' dir='ltr'>presbytero</span> <span class='ocrx_word' id='word_1_299' title='bbox 836 4210 1078 4292; x_wconf 83' lang='lat' dir='ltr'>Ratisponensis</span> <span class='ocrx_word' id='word_1_300' title='bbox 1102 4210 1193 4292; x_wconf 86' lang='lat' dir='ltr'>dioc,</span> <span class='ocrx_word' id='word_1_301' title='bbox 1218 4211 1341 4275; x_wconf 71' lang='lat' dir='ltr'>clotario</span> <span class='ocrx_word' id='word_1_302' title='bbox 1365 4217 1399 4274; x_wconf 90' lang='lat' dir='ltr'>et</span> <span class='ocrx_word' id='word_1_303' title='bbox 1421 4210 1633 4292; x_wconf 88' lang='lat' dir='ltr'>dispensatori</span> <span class='ocrx_word' id='word_1_304' title='bbox 1657 4211 1743 4275; x_wconf 90' lang='lat' dir='ltr'>curie</span> 
     </span>
     <span class='ocr_line' id='line_1_33' title="bbox 233 4313 1742 4397; baseline 0.001 -20"><span class='ocrx_word' id='word_1_305' title='bbox 233 4331 308 4389; x_wconf 80' lang='lat' dir='ltr'>sne,</span> <span class='ocrx_word' id='word_1_306' title='bbox 340 4313 379 4377; x_wconf 91' lang='lat' dir='ltr'>de</span> <span class='ocrx_word' id='word_1_307' title='bbox 411 4315 597 4379; x_wconf 88' lang='lat' dir='ltr'>canonicatu</span> <span class='ocrx_word' id='word_1_308' title='bbox 628 4317 685 4379; x_wconf 92' lang='lat' dir='ltr'>sub</span> <span class='ocrx_word' id='word_1_309' title='bbox 717 4314 941 4396; x_wconf 84' lang='lat' dir='ltr'>expectacione</span> <span class='ocrx_word' id='word_1_310' title='bbox 972 4316 1133 4395; x_wconf 88' lang='lat' dir='ltr'>prebende</span> <span class='ocrx_word' id='word_1_311' title='bbox 1171 4316 1306 4378; x_wconf 83' lang='lat' dir='ltr'>ecclesie</span> <span class='ocrx_word' id='word_1_312' title='bbox 1338 4316 1540 4396; x_wconf 84' lang='lat' dir='ltr'>Eystetensis</span> <span class='ocrx_word' id='word_1_313' title='bbox 1571 4316 1742 4397; x_wconf 87' lang='lat' dir='ltr'>dignemini</span> 
     </span>
     <span class='ocr_line' id='line_1_34' title="bbox 233 4418 1741 4501; baseline 0 -19"><span class='ocrx_word' id='word_1_314' title='bbox 233 4418 418 4500; x_wconf 78' lang='lat' dir='ltr'>providere,</span> <span class='ocrx_word' id='word_1_315' title='bbox 442 4418 675 4500; x_wconf 89' lang='lat' dir='ltr'>nonobstante,</span> <span class='ocrx_word' id='word_1_316' title='bbox 698 4419 782 4499; x_wconf 81' lang='lat' dir='ltr'>qrrod</span> <span class='ocrx_word' id='word_1_317' title='bbox 803 4419 1032 4500; x_wconf 89' lang='lat' dir='ltr'>parrochialem</span> <span class='ocrx_word' id='word_1_318' title='bbox 1057 4420 1223 4484; x_wconf 86' lang='lat' dir='ltr'>ecclesiam</span> <span class='ocrx_word' id='word_1_319' title='bbox 1247 4420 1279 4482; x_wconf 93' lang='lat' dir='ltr'>in</span> <span class='ocrx_word' id='word_1_320' title='bbox 1297 4420 1398 4500; x_wconf 75' lang='lat' dir='ltr'>Epicu</span> <span class='ocrx_word' id='word_1_321' title='bbox 1423 4420 1565 4482; x_wconf 87' lang='lat' dir='ltr'>noscitur·</span> <span class='ocrx_word' id='word_1_322' title='bbox 1588 4420 1741 4501; x_wconf 90' lang='lat' dir='ltr'>obtinere,</span> 
     </span>
     <span class='ocr_line' id='line_1_35' title="bbox 234 4522 1046 4605; baseline -0.002 -19"><span class='ocrx_word' id='word_1_323' title='bbox 234 4541 310 4587; x_wconf 85' lang='lat' dir='ltr'>curn</span> <span class='ocrx_word' id='word_1_324' title='bbox 333 4522 485 4586; x_wconf 88' lang='lat' dir='ltr'>clausulis</span> <span class='ocrx_word' id='word_1_325' title='bbox 507 4528 541 4586; x_wconf 90' lang='lat' dir='ltr'>et</span> <span class='ocrx_word' id='word_1_326' title='bbox 563 4541 625 4586; x_wconf 92' lang='lat' dir='ltr'>non</span> <span class='ocrx_word' id='word_1_327' title='bbox 651 4523 850 4588; x_wconf 87' lang='lat' dir='ltr'>obstantibus</span> <span class='ocrx_word' id='word_1_328' title='bbox 873 4525 1046 4605; x_wconf 87' lang='lat' dir='ltr'>oportunis</span> 
     </span>
    </p>
   </div>
   <div class='ocr_carea' id='block_1_7' title="bbox 238 4644 1744 5041">
    <p class='ocr_par' dir='ltr' id='par_1_9' title="bbox 238 4644 1744 5041">
     <span class='ocr_line' id='line_1_36' title="bbox 369 4644 1742 4728; baseline 0 -19"><span class='ocrx_word' id='word_1_329' title='bbox 369 4645 451 4710; x_wconf 86' lang='lat' dir='ltr'>Item</span> <span class='ocrx_word' id='word_1_330' title='bbox 482 4645 649 4728; x_wconf 90' lang='lat' dir='ltr'>supplicat,</span> <span class='ocrx_word' id='word_1_331' title='bbox 688 4652 845 4726; x_wconf 84' lang='lat' dir='ltr'>qnatenus</span> <span class='ocrx_word' id='word_1_332' title='bbox 879 4645 1053 4726; x_wconf 82' lang='lat' dir='ltr'>llarqnado</span> <span class='ocrx_word' id='word_1_333' title='bbox 1089 4644 1320 4726; x_wconf 56' lang='lat' dir='ltr'>Syboclronisi‘)</span> <span class='ocrx_word' id='word_1_334' title='bbox 1357 4645 1396 4708; x_wconf 89' lang='lat' dir='ltr'>de</span> <span class='ocrx_word' id='word_1_335' title='bbox 1421 4644 1593 4708; x_wconf 83' lang='lat' dir='ltr'>Sulcabach</span> <span class='ocrx_word' id='word_1_336' title='bbox 1617 4645 1742 4727; x_wconf 86' lang='lat' dir='ltr'>clerica,</span> 
     </span>
     <span class='ocr_line' id='line_1_37' title="bbox 239 4749 1744 4831; baseline -0.001 -17"><span class='ocrx_word' id='word_1_337' title='bbox 239 4751 363 4816; x_wconf 72' lang='lat' dir='ltr'>nolano</span> <span class='ocrx_word' id='word_1_338' title='bbox 387 4767 454 4830; x_wconf 88' lang='lat' dir='ltr'>suo,</span> <span class='ocrx_word' id='word_1_339' title='bbox 478 4750 721 4831; x_wconf 88' lang='lat' dir='ltr'>Ratisponensis</span> <span class='ocrx_word' id='word_1_340' title='bbox 745 4750 833 4829; x_wconf 85' lang='lat' dir='ltr'>dioc,</span> <span class='ocrx_word' id='word_1_341' title='bbox 858 4750 897 4813; x_wconf 88' lang='lat' dir='ltr'>de</span> <span class='ocrx_word' id='word_1_342' title='bbox 921 4750 1104 4814; x_wconf 88' lang='lat' dir='ltr'>canonicatu</span> <span class='ocrx_word' id='word_1_343' title='bbox 1129 4751 1187 4813; x_wconf 89' lang='lat' dir='ltr'>snb</span> <span class='ocrx_word' id='word_1_344' title='bbox 1211 4749 1435 4830; x_wconf 87' lang='lat' dir='ltr'>expectacione</span> <span class='ocrx_word' id='word_1_345' title='bbox 1459 4750 1618 4830; x_wconf 90' lang='lat' dir='ltr'>prebende</span> <span class='ocrx_word' id='word_1_346' title='bbox 1642 4750 1744 4813; x_wconf 89' lang='lat' dir='ltr'>eccle·</span> 
     </span>
     <span class='ocr_line' id='line_1_38' title="bbox 238 4854 1744 4936; baseline -0.001 -18"><span class='ocrx_word' id='word_1_347' title='bbox 238 4855 288 4919; x_wconf 86' lang='lat' dir='ltr'>sie</span> <span class='ocrx_word' id='word_1_348' title='bbox 311 4854 439 4919; x_wconf 89' lang='lat' dir='ltr'>Veteris</span> <span class='ocrx_word' id='word_1_349' title='bbox 473 4855 594 4936; x_wconf 88' lang='lat' dir='ltr'>capelle</span> <span class='ocrx_word' id='word_1_350' title='bbox 619 4855 861 4935; x_wconf 86' lang='lat' dir='ltr'>Ratisponensis</span> <span class='ocrx_word' id='word_1_351' title='bbox 885 4854 1056 4935; x_wconf 89' lang='lat' dir='ltr'>dignemini</span> <span class='ocrx_word' id='word_1_352' title='bbox 1092 4855 1268 4935; x_wconf 87' lang='lat' dir='ltr'>providero,</span> <span class='ocrx_word' id='word_1_353' title='bbox 1302 4872 1370 4917; x_wconf 88' lang='lat' dir='ltr'>curn</span> <span class='ocrx_word' id='word_1_354' title='bbox 1394 4873 1456 4919; x_wconf 95' lang='lat' dir='ltr'>non</span> <span class='ocrx_word' id='word_1_355' title='bbox 1487 4854 1687 4919; x_wconf 88' lang='lat' dir='ltr'>obstantibus</span> <span class='ocrx_word' id='word_1_356' title='bbox 1710 4860 1744 4917; x_wconf 90' lang='lat' dir='ltr'>et</span> 
     </span>
     <span class='ocr_line' id='line_1_39' title="bbox 242 4959 587 5041; baseline -0.003 -19"><span class='ocrx_word' id='word_1_357' title='bbox 242 4960 391 5025; x_wconf 86' lang='lat' dir='ltr'>clausulis</span> <span class='ocrx_word' id='word_1_358' title='bbox 414 4959 587 5041; x_wconf 89' lang='lat' dir='ltr'>oportunis.</span> 
     </span>
    </p>
   </div>
   <div class='ocr_carea' id='block_1_8' title="bbox 244 5081 1745 5378">
    <p class='ocr_par' dir='ltr' id='par_1_10' title="bbox 244 5081 1745 5378">
     <span class='ocr_line' id='line_1_40' title="bbox 368 5081 1745 5167; baseline 0 -20"><span class='ocrx_word' id='word_1_359' title='bbox 368 5082 450 5147; x_wconf 83' lang='lat' dir='ltr'>Item</span> <span class='ocrx_word' id='word_1_360' title='bbox 473 5083 631 5164; x_wconf 92' lang='lat' dir='ltr'>supplicat</span> <span class='ocrx_word' id='word_1_361' title='bbox 655 5083 766 5147; x_wconf 86' lang='lat' dir='ltr'>Gallus</span> <span class='ocrx_word' id='word_1_362' title='bbox 789 5083 945 5163; x_wconf 86' lang='lat' dir='ltr'>quondam</span> <span class='ocrx_word' id='word_1_363' title='bbox 970 5082 1099 5146; x_wconf 83' lang='lat' dir='ltr'>Martini</span> <span class='ocrx_word' id='word_1_364' title='bbox 1123 5083 1162 5145; x_wconf 88' lang='lat' dir='ltr'>de</span> <span class='ocrx_word' id='word_1_365' title='bbox 1186 5081 1369 5162; x_wconf 73' lang='lat' dir='ltr'>Lenmicab)</span> <span class='ocrx_word' id='word_1_366' title='bbox 1393 5083 1543 5148; x_wconf 90' lang='lat' dir='ltr'>diaconus</span> <span class='ocrx_word' id='word_1_367' title='bbox 1566 5084 1745 5167; x_wconf 76' lang='lat' dir='ltr'>PragensiS,</span> 
     </span>
     <span class='ocr_line' id='line_1_41' title="bbox 244 5186 1741 5271; baseline 0 -19"><span class='ocrx_word' id='word_1_368' title='bbox 244 5193 398 5268; x_wconf 86' lang='lat' dir='ltr'>qnatenus</span> <span class='ocrx_word' id='word_1_369' title='bbox 421 5187 483 5251; x_wconf 91' lang='lat' dir='ltr'>sibi</span> <span class='ocrx_word' id='word_1_370' title='bbox 506 5188 546 5252; x_wconf 92' lang='lat' dir='ltr'>de</span> <span class='ocrx_word' id='word_1_371' title='bbox 569 5186 723 5252; x_wconf 86' lang='lat' dir='ltr'>berreiicio</span> <span class='ocrx_word' id='word_1_372' title='bbox 747 5187 965 5252; x_wconf 88' lang='lat' dir='ltr'>ecclesiastico</span> <span class='ocrx_word' id='word_1_373' title='bbox 997 5207 1066 5251; x_wconf 91' lang='lat' dir='ltr'>cnm</span> <span class='ocrx_word' id='word_1_374' title='bbox 1091 5207 1166 5252; x_wconf 88' lang='lat' dir='ltr'>cura</span> <span class='ocrx_word' id='word_1_375' title='bbox 1189 5188 1239 5251; x_wconf 87' lang='lat' dir='ltr'>vel</span> <span class='ocrx_word' id='word_1_376' title='bbox 1264 5187 1332 5250; x_wconf 89' lang='lat' dir='ltr'>siue</span> <span class='ocrx_word' id='word_1_377' title='bbox 1357 5207 1440 5271; x_wconf 80' lang='lat' dir='ltr'>cntra,</span> <span class='ocrx_word' id='word_1_378' title='bbox 1472 5194 1637 5271; x_wconf 89' lang='lat' dir='ltr'>spectante</span> <span class='ocrx_word' id='word_1_379' title='bbox 1660 5207 1741 5252; x_wconf 87' lang='lat' dir='ltr'>conr-</span> 
     </span>
     <span class='ocr_line' id='line_1_42' title="bbox 245 5292 1743 5378; baseline -0.001 -19"><span class='ocrx_word' id='word_1_380' title='bbox 245 5294 378 5360; x_wconf 85' lang='lat' dir='ltr'>nuuiter</span> <span class='ocrx_word' id='word_1_381' title='bbox 402 5293 454 5359; x_wconf 86' lang='lat' dir='ltr'>vel</span> <span class='ocrx_word' id='word_1_382' title='bbox 487 5292 611 5359; x_wconf 83' lang='lat' dir='ltr'>divisim</span> <span class='ocrx_word' id='word_1_383' title='bbox 636 5293 674 5356; x_wconf 90' lang='lat' dir='ltr'>ad</span> <span class='ocrx_word' id='word_1_384' title='bbox 710 5293 914 5358; x_wconf 88' lang='lat' dir='ltr'>collacionem</span> <span class='ocrx_word' id='word_1_385' title='bbox 947 5300 1007 5359; x_wconf 91' lang='lat' dir='ltr'>etc.</span> <span class='ocrx_word' id='word_1_386' title='bbox 1042 5293 1208 5375; x_wconf 88' lang='lat' dir='ltr'>prepositi,</span> <span class='ocrx_word' id='word_1_387' title='bbox 1233 5293 1345 5357; x_wconf 90' lang='lat' dir='ltr'>decani</span> <span class='ocrx_word' id='word_1_388' title='bbox 1378 5298 1413 5358; x_wconf 87' lang='lat' dir='ltr'>et</span> <span class='ocrx_word' id='word_1_389' title='bbox 1444 5293 1575 5378; x_wconf 89' lang='lat' dir='ltr'>capituli</span> <span class='ocrx_word' id='word_1_390' title='bbox 1608 5293 1743 5358; x_wconf 88' lang='lat' dir='ltr'>ecclesie</span> 
     </span>
    </p>
   </div>
   <div class='ocr_carea' id='block_1_9' title="bbox 0 0 1981 6052">
    <p class='ocr_par' dir='ltr' id='par_1_11' title="bbox 0 0 1981 6052">
     <span class='ocr_line' id='line_1_43' title="bbox 0 0 1981 6052; baseline 0 0"><span class='ocrx_word' id='word_1_391' title='bbox 0 0 1981 6052; x_wconf 95' lang='lat' dir='ltr'> </span> 
     </span>
    </p>
   </div>
  </div>
 </body>
</html>
