3944 6060
231 434 273 499 22
826 430 897 484 Acta
919 427 1071 485 Innocentii
1094 428 1140 483 VI.

230 641 293 707 48.
328 641 422 705 Petro
446 637 584 722 Bepouis
616 637 776 703 licentiato
807 639 841 703 iu
878 638 996 720 lepidus
1033 642 1238 718 conferuntur
1268 639 1474 703 canonicatus
1503 644 1532 704 et
1550 637 1737 722 praebenda

230 743 377 811 ecclesiae
400 741 634 824 Striponiensis
659 763 698 808 en
719 763 817 808 causa
836 742 1081 826 permutationis
1104 748 1261 820 vacantes,
1284 764 1347 808 uon
1372 743 1577 823 obstantibus,
1601 742 1740 825 quadiu

239 848 481 914 Vrotislaoiensi
502 847 633 912 ecclesia
655 847 892 932 cancellariam,
915 869 995 930 quoe
1014 847 1149 930 simplex
1164 847 1305 930 officium
1328 850 1445 932 existit,
1468 853 1498 914 et
1520 851 1740 915 canonicatum

232 975 270 1019 oc
289 952 506 1038 praebendam
528 954 668 1018 noscitur
690 953 836 1017 obtinere.
868 953 1065 1037 „Apostolice
1087 953 1170 1017 sodis
1193 954 1435 1035 circomspecta“
1466 953 1580 1036 „Apud
1611 953 1741 1019 Villam·

232 1078 348 1122 uouam
378 1056 603 1121 Aninioneusis
633 1056 710 1121 dioc.
750 1057 796 1120 VI
819 1058 883 1122 lul.
916 1060 999 1123 Maii
1029 1080 1059 1122 a.
1086 1060 1222 1141 primo“.
1248 1096 1286 1104 —
1313 1062 1352 1123 In
1381 1081 1405 1125 e.
1439 1080 1480 1124 nr.
1522 1060 1684 1124 lfaclrieusi
1713 1061 1742 1121 et

320 1158 482 1225 Adurensi
503 1160 656 1243 episcopis
679 1180 717 1223 ac
735 1162 918 1244 praeposito
941 1161 1090 1227 ecclesiae
1112 1162 1308 1227 Barioleusis
1333 1164 1556 1228 Foroiuliensis
1578 1164 1656 1228 dioc.

303 1250 383 1460 ἐξ
998 1318 1093 1400 Aprul
1124 1317 1362 1394 lillanmooarn,
1389 1321 1472 1384 1353
1495 1318 1619 1403 Aprilis
1642 1320 1696 1385 26.

366 1526 397 1579 R.
417 1527 466 1578 Ar.
487 1531 534 1578 121
554 1525 601 1579 fol.
623 1531 681 1592 140,
709 1525 740 1578 R.
759 1525 821 1579 Vut.
841 1532 889 1578 '221
917 1525 964 1579 fol.
988 1533 1042 1579 113.

234 1809 297 1875 49.
324 1804 457 1873 Carolus
480 1809 693 1872 Romanorum
715 1807 888 1888 imperator
909 1806 1079 1889 supplicat,
1103 1811 1258 1887 quatenus
1273 1803 1400 1870 Alberto
1416 1806 1573 1871 Boluslai
1587 1805 1625 1869 de
1640 1805 1743 1872 Liticr

236 1913 273 1976 ile
295 1910 483 1977 canonicatu
503 1910 650 1975 ecclesiae
673 1911 843 1990 Propensis
868 1909 922 1975 sub
945 1910 1158 1992 expectatione
1176 1910 1375 1993 praebendae
1405 1931 1459 1975 nec
1480 1931 1543 1975 non
1565 1911 1742 1993 diguitatis,

676 2021 868 2098 personatus
890 2035 946 2078 seu
968 2015 1067 2096 officii
1085 2015 1299 2098 provideatur.

1068 2162 1165 2245 Apud
1189 2161 1428 2236 Villamuooane‚
1455 2164 1537 2226 1353
1560 2163 1647 2228 Maii
1667 2166 1699 2230 5.

368 2355 530 2438 Supplicnt
554 2355 593 2420 Sl
618 2356 672 2419 ΨΘ
696 2355 823 2419 humilis
847 2354 930 2419 filius
955 2359 1061 2419 vester
1091 2361 1124 2418 et
1148 2355 1281 2419 devotus
1307 2353 1442 2418 Karalus
1473 2355 1685 2420 Romanorum
1709 2361 1745 2420 et

238 2460 368 2526 Boemie
392 2478 458 2542 rex,
482 2467 639 2541 quatenus
656 2460 716 2524 sibi
740 2460 772 2523 in
796 2477 964 2539 personam
987 2459 1096 2523 dilecti
1120 2458 1276 2540 capellani
1301 2458 1350 2521 sni
1374 2458 1594 2524 commensalis
1618 2458 1745 2525 Alberti

239 2565 400 2648 Bohnslay
422 2566 462 2630 de
485 2565 605 2645 Luticn,
637 2563 778 2627 canorrici
809 2563 943 2627 ecclesie
969 2562 1241 2644 wissegradensis
1273 2580 1371 2644 prope
1395 2561 1538 2644 Pragam,
1571 2562 1745 2645 specialem

239 2672 375 2752 graciam
399 2669 561 2751 facientes,
586 2668 624 2732 de
649 2668 833 2733 carronieatu
858 2667 993 2731 eeclesia
1012 2667 1179 2748 l'ragensis
1200 2667 1259 2730 sibi
1277 2666 1448 2749 dignamini
1471 2666 1648 2749 providere,
1672 2685 1746 2750 pre·

239 2774 373 2838 bendam
396 2791 471 2838 nero
502 2773 601 2854 ipsius
632 2772 766 2837 ecclesie
798 2791 940 2837 necnon
965 2771 1162 2854 dignitatem,
1193 2778 1398 2854 personatum
1421 2788 1476 2835 seu
1505 2770 1642 2837 officium
1674 2791 1746 2837 cum

240 2897 315 2943 cura
334 2878 384 2941 vel
401 2878 469 2942 sine
486 2897 569 2959 cura,
594 2878 633 2941 ad
650 2877 854 2941 collisionem
877 2927 883 2940 .
904 2926 910 2940 .
931 2926 937 2939 .
959 2929 965 2940 .
985 2876 1223 2959 archiepiscopi,
1246 2875 1410 2958 prepositi,
1434 2875 1546 2939 decani
1562 2882 1596 2940 et
1611 2875 1746 2958 capituli

239 2982 340 3065 ipsius
363 2981 498 3046 ecclesie
522 2981 735 3063 pertinentem
766 2999 823 3045 sen
847 2981 1037 3063 pertinens.
1058 3031 1064 3042 .
1085 3032 1128 3061 ..,
1153 2983 1251 3045 eciem
1275 2982 1302 3044 si
1326 2980 1451 3060 inipso
1481 2981 1617 3046 ecclesia
1639 2980 1747 3067 luerit,

241 3089 267 3151 si
291 3083 433 3168 vaca[n]t
455 3085 496 3149 ad
518 3103 660 3167 presens,
685 3085 734 3147 vel
752 3104 820 3148 cum
838 3085 930 3148 simul
947 3092 1001 3148 aiut
1017 3085 1195 3149 successive
1212 3086 1436 3167 sineere-intr)
1460 3083 1667 3149 conferendas
1690 3091 1749 3148 aut

241 3189 448 3255 conferendos
472 3208 527 3253 sen
552 3189 743 3254 counierenda
766 3190 868 3253 eidem
893 3190 1022 3254 rtlberto
1055 3190 1220 3254 cloriaeioni
1244 3190 1417 3272 apostolice
1446 3189 1618 3271 dignemini
1641 3207 1747 3255 reser-

242 3311 315 3357 vare
340 3313 409 3357 curn
433 3293 663 3376 acceptatione,
688 3293 889 3372 inhibitione,
921 3295 1049 3369 ilecreto
1073 3302 1107 3358 et
1129 3295 1271 3358 clausula
1294 3294 1463 3371 anteferri;
1502 3295 1747 3373 nonobstante,

242 3398 326 3478 quod
349 3398 566 3463 canonicatum
598 3405 632 3461 et
660 3399 854 3479 prebendam
885 3417 953 3462 cirin
984 3398 1169 3464 obediencia
1200 3399 1279 3463 odins
1309 3399 1515 3480 prestimonio
1546 3399 1578 3461 in
1610 3397 1749 3462 ecclesia

244 3502 499 3583 wissegradensi
529 3503 674 3584 predicta
708 3509 740 3566 et
775 3509 963 3584 perpetuam
993 3504 1140 3567 vicariam
1177 3504 1330 3584 prepositi
1364 3504 1532 3586 Prngensis
1567 3502 1598 3565 in
1632 3503 1748 3567 endem

243 3607 379 3670 ecclesio
403 3607 552 3688 Prngensi
578 3607 709 3689 obtinet,
733 3627 825 3687 qnam
849 3608 974 3688 quidem
999 3608 1147 3672 vicruiam
1172 3614 1301 3689 paratus
1318 3614 1368 3673 est
1384 3608 1554 3686 dimittere,
1579 3613 1747 3689 postquam

244 3717 410 3776 assecutus
433 3710 531 3776 fuerit
553 3710 716 3793 pacificam
740 3713 955 3793 possesionem
979 3713 1212 3793 promissor-nm,
1236 3721 1270 3775 et
1292 3731 1361 3776 cum
1379 3712 1450 3777 aliis
1470 3711 1748 3777 nonobstantibus

243 3821 277 3879 et
300 3815 451 3879 clausulis
474 3816 638 3897 oportunis
662 3823 696 3879 et
718 3819 950 3881 executoribus.

376 3920 446 3984 Fiat
468 3921 568 3984 eciam
599 3941 668 3984 cum
693 3921 848 4000 dignitate
880 3927 940 3985 etc.
965 3924 1001 3984 ti.
1048 3921 1091 3984 Et
1113 3922 1197 4003 quod
1231 3927 1374 3986 transeat
1404 3920 1472 3984 sine
1504 3920 1566 3984 alia
1595 3919 1747 3985 leccione.

244 4023 316 4087 Fiat
339 4024 375 4087 G.
401 4024 438 4086 b.
462 4024 545 4106 apud
568 4024 799 4090 Villarnnounm
822 4026 1047 4089 Aninionensis
1072 4027 1150 4091 ilinc.
1176 4028 1223 4090 111
1247 4045 1318 4090 non
1344 4026 1421 4089 blaii
1445 4045 1471 4089 a.
1497 4025 1607 4107 primo.

374 4210 406 4264 R.
425 4210 521 4281 Suppl.
540 4219 573 4266 23
591 4211 638 4266 fol.
660 4218 716 4266 lot.
735 4242 769 4253 -
795 4214 819 4280 a)
837 4214 1010 4281 ,vacaberint‘
1029 4214 1123 4284 Suppl.

899 4374 1099 4383 ψ.-

245 4493 309 4558 50.
334 4489 459 4556 Alberto
483 4492 639 4558 Bolusloi
660 4491 698 4558 de
720 4494 858 4575 nectere)
881 4494 1063 4576 providetur
1084 4495 1122 4559 cle
1137 4496 1325 4560 canonicatu
1340 4495 1485 4560 ecclesiae
1500 4495 1672 4576 Propensis
1690 4496 1749 4561 sul

246 4598 459 4678 expectatione
477 4597 685 4678 praebendae,
709 4598 886 4680 diponatis,
905 4605 1097 4681 personatus
1126 4622 1180 4664 sen
1203 4600 1310 4684 officii,
1344 4622 1405 4667 non
1438 4599 1634 4666 obstantibus
1656 4605 1692 4666 ut
1715 4602 1751 4665 iu

246 4700 476 4784 supplicatione
497 4701 553 4765 suli
576 4723 624 4766 nr.
647 4703 699 4768 49.
749 4704 942 4784 ,l'robitatis
968 4708 1019 4768 tue
1041 4705 1176 4770 merito“
1212 4705 1324 4790 ,Apul
1357 4706 1586 4770 Villamnouam
1618 4704 1750 4770 Auiuio-

246 4807 352 4870 nensis
375 4807 452 4870 dioc.
477 4808 535 4870 III
551 4828 622 4872 uon.
648 4810 729 4870 Muti
753 4829 783 4873 a.
801 4809 939 4891 primo“.
953 4848 995 4854 —
1014 4812 1052 4873 In
1070 4833 1094 4875 e.
1111 4832 1150 4876 m.
1172 4810 1383 4876 Olomucensis
1408 4815 1437 4874 et
1460 4810 1750 4892 ttssepraoensisb)

432 4929 532 4993 prope
556 4914 696 4992 Propone
719 4914 847 4977 decanis
871 4934 908 4978 oc
930 4914 1085 4979 sacristae
1107 4914 1328 4981 Aninionensis
1350 4915 1562 4981 ecclesiarum.

1075 5051 1170 5136 Apte
1200 5054 1435 5135 retentorum,
1462 5057 1544 5120 rese
1569 5055 1653 5120 mart
1675 5056 1705 5121 o.

295 5051 410 5190 ‚iz

427 5241 477 5295 Ar.
498 5246 547 5294 124
565 5240 612 5295 fol.
631 5239 682 5309 87¹,
701 5242 730 5295 n.
745 5242 806 5295 Vnt.
826 5249 875 5296 223
895 5244 940 5298 iol.
959 5250 992 5296 8¹.
1014 5275 1043 5284 —
1061 5247 1085 5309 ³)
1106 5245 1217 5305 ‚Lutirz‘
1237 5249 1285 5300 Ar.
1307 5247 1332 5311 b)
1351 5245 1606 5315 ‚wissegradensis
1625 5248 1673 5300 Ar.
