3990 6052
839 423 905 476 1868
923 419 1000 474 Junii
1021 426 1060 474 1³.
1080 427 1107 474 et
1126 425 1166 474 14.
1710 423 1754 489 45

358 630 437 694 Item
455 628 617 693 Czeokoni
641 637 716 694 nato
733 628 910 694 Vonczonis
935 630 974 693 de
993 629 1105 711 Donyn
1129 630 1242 694 clerico
1270 631 1443 694 Misnensis
1468 631 1546 694 dioc
1573 631 1611 694 de
1628 631 1752 694 canoni·

247 740 318 796 catu
343 733 478 797 ecclesie
502 733 675 798 Misnensis
705 753 774 797 cum
798 733 1018 798 reservacione
1043 734 1203 814 prebende
1234 734 1267 797 in
1290 754 1329 797 ea
1352 734 1495 798 vacantis
1519 735 1568 798 vel
1594 740 1752 799 vacatura.

247 842 412 918 spectante
426 838 465 900 nd
489 837 703 914 collacionem,
727 838 919 902 eleccionem
943 844 1002 901 etc.
1027 837 1176 918 episcopi,
1208 838 1373 919 prepositi,
1405 839 1516 902 decani
1541 857 1596 903 seu
1621 841 1753 921 capituli

246 940 381 1004 ecclesie
422 941 594 1005 Misnensis
629 942 835 1006 communiter
868 941 920 1005 vel
951 941 1086 1015 divisim,
1122 958 1191 1003 cnm
1227 940 1459 1022 acceptacione,
1494 941 1686 1007 inhibitione
1720 949 1754 1008 et

246 1045 363 1110 ceteris
386 1045 530 1109 onrnibus
553 1051 589 1110 ut
612 1063 717 1128 supra.

377 1150 447 1213 Fiat
473 1149 510 1213 G.

377 1255 457 1318 ltem
482 1252 668 1335 Schephano
695 1257 721 1327 “l
740 1255 896 1319 Gromasii
912 1255 952 1318 de
971 1253 1155 1316 llukovvicne
1172 1253 1286 1317 clerico
1312 1253 1582 1319 Wratislauiensis
1609 1255 1687 1320 dioc.
1714 1257 1753 1320 de

250 1359 436 1424 canonicatu
460 1358 595 1422 ecclesie
611 1358 836 1422 Posnaniensis
860 1376 929 1421 cum
953 1357 1171 1421 reservacione
1195 1357 1356 1437 prebende
1379 1357 1480 1438 ipsius
1496 1359 1641 1439 ecclesie,
1664 1378 1752 1441 spec-

246 1469 335 1527 tante
353 1463 393 1526 ad
409 1462 622 1542 collusionem,
639 1461 859 1543 provisionem,
877 1461 1151 1542 presentacionem
1167 1480 1224 1524 sen
1240 1462 1383 1540 qaiarovis
1400 1462 1493 1525 aliam
1510 1462 1752 1544 disposicionem

246 1568 396 1649 episcopi,
431 1566 594 1649 prepositi.
631 1566 742 1630 decani
774 1583 831 1630 seu
860 1565 992 1646 capituli
1024 1564 1258 1633 ‚l‘osnaniensis
1290 1566 1317 1629 si
1345 1573 1459 1630 vacant
1482 1567 1521 1629 ad
1546 1585 1678 1648 presens
1703 1567 1751 1630 vel

246 1693 314 1736 carm
339 1671 431 1735 simul
457 1678 512 1734 aut
535 1670 714 1735 successive
737 1671 901 1749 vacabunt,
926 1689 994 1734 cum
1019 1669 1135 1733 ceteris
1159 1670 1302 1733 omnibus
1327 1675 1362 1733 ut
1385 1689 1489 1753 supra.

376 1777 448 1840 Fiat
467 1776 504 1839 G.

376 1882 456 1945 Item
482 1879 598 1960 Elgero
622 1878 784 1943 Stosconis
808 1879 847 1943 de
870 1876 1006 1943 Jandort
1026 1878 1140 1942 elerico
1165 1878 1439 1943 ll'ratislauiensis
1466 1881 1546 1945 dioc
1572 1881 1611 1943 de
1636 1881 1753 1945 vicaria

246 1992 401 2068 perpetua
431 1990 465 2050 et
495 1984 589 2047 altari
621 1983 756 2047 ecclesie
787 1982 1061 2047 Wratislauiensis
1091 1983 1277 2048 vacantibus
1313 1984 1362 2047 vel
1392 1985 1550 2048 vacaturis
1581 1985 1672 2049 simul
1701 1987 1752 2049 vel

245 2091 433 2171 successive,
465 2089 683 2172 spectantibus
714 2087 754 2150 ad
777 2086 991 2167 collusionem,
1021 2088 1295 2168 presentacionem
1319 2095 1378 2152 etc.
1410 2089 1561 2172 episcopi,
1589 2091 1753 2171 prepositi,

247 2195 365 2275 decani,
398 2194 568 2275 scolastici,
600 2191 746 2266 cantoris,
779 2191 920 2256 custodis
950 2208 1007 2254 sen
1034 2190 1165 2272 capituli
1192 2192 1462 2258 Wratislauiensis
1486 2211 1522 2256 ao
1545 2193 1753 2276 singularium

247 2317 449 2381 personarum
473 2300 574 2381 ipsius
598 2297 805 2363 communiter
834 2295 886 2359 vel
909 2294 1043 2377 divisim,
1067 2313 1135 2359 cum
1160 2295 1380 2377 acceptacione
1404 2302 1437 2360 et
1468 2298 1584 2362 ceteris
1608 2299 1752 2364 omnibus

248 2410 282 2467 ut
305 2421 401 2485 supra
424 2404 456 2466 in
480 2402 580 2468 forrua

375 2508 446 2572 Fiat
470 2508 507 2571 G.
532 2508 574 2572 Et
597 2506 679 2587 quod
704 2510 870 2570 transeant
893 2504 961 2567 sine
985 2503 1048 2567 alia
1063 2505 1211 2570 leccione.
1238 2507 1279 2569 Et
1294 2507 1478 2571 absentibus
1487 2505 1513 2589 s)
1536 2508 1751 2574 committatur

251 2612 410 2696 [examen]
435 2613 616 2694 adportes.
641 2611 712 2675 Fiat
736 2610 772 2674 G.

376 2717 412 2779 D.
437 2716 522 2797 apud
546 2714 775 2779 l'illamnouam
799 2714 1024 2778 Aninionensis
1049 2714 1128 2778 dioc.
1154 2716 1195 2780 id.
1220 2716 1307 2781 lunii
1331 2736 1357 2781 a.
1383 2717 1492 2798 primo.

375 2904 405 2958 R
425 2903 520 2972 Suppl.
539 2909 571 2955 23
586 2905 634 2957 lol.
652 2910 721 2958 204*Ι
741 2936 771 2943 -
793 2904 818 2968 a)
832 2903 954 2972 Corrige:
976 2902 1140 2973 ,Stephano‘.
1155 2906 1180 2971 b)
1199 2905 1341 2973 Sequitur:
1361 2905 1524 2974 ,remittatur
1537 2908 1622 2959 eciam
1636 2921 1749 2960 examen

246 2990 306 3058 vel‘,
331 2991 380 3045 aed
402 2993 582 3047 cancellatum
601 3001 652 3061 est,
676 2996 710 3049 ad
734 3012 815 3064 quam
841 2997 1054 3051 cancellaturam
1079 3010 1197 3062 sequens
1222 2994 1362 3047 adnotatio
1387 2994 1475 3047 altera
1498 3010 1580 3046 marm
1599 2993 1703 3063 scripta
1721 2993 1748 3045 in

245 3077 364 3146 margine
383 3080 514 3148 pertinet:
537 3081 590 3146 ,Sic
608 3090 667 3136 erat
686 3085 867 3138 cancellatum
886 3085 914 3137 in
933 3082 1077 3152 originali‘.

895 3297 1100 3307 -——-

244 3462 333 3526 103.
358 3463 513 3546 Episcopo
532 3465 709 3530 Laterensi
723 3467 906 3543 mandatur,
929 3472 1081 3548 quatenns
1100 3468 1193 3531 Petro
1218 3466 1384 3530 Vraaeonis
1406 3465 1445 3530 de
1472 3460 1749 3547 caursanpwtnb)

244 3565 282 3629 de
304 3567 491 3632 canonicatu
513 3569 659 3635 ecclesiae
690 3570 945 3637 l'rutislavtensis
966 3571 1023 3634 snb
1045 3571 1257 3653 expectatione
1274 3570 1476 3654 praebendae
1493 3568 1656 3652 provideri
1672 3588 1748 3650 pro·

244 3675 339 3735 curet.
383 3673 543 3756 ,Dtpnnm
574 3675 787 3740 antitromar¹⁴
826 3678 940 3761 ,Apud
979 3674 1208 3739 Villamnonom
1230 3674 1453 3738 Aninionensis
1484 3673 1560 3738 otoo.
1589 3671 1631 3737 id.
1655 3671 1749 3738 Junin'

315 3861 340 3914 X
900 3802 930 3845 a.
950 3782 1074 3864 primo“

292 3948 359 4003 .X.
1039 3935 1134 4022 Apud
1166 3935 1405 4015 Villamnovam,
1429 3935 1513 4000 1353
1537 3934 1632 4001 Jnne'i
1652 3935 1705 3998 13.

376 4123 407 4176 R.
421 4127 469 4177 Av.
485 4131 534 4178 ¹24
552 4125 598 4179 tol.
613 4132 675 4194 456,
694 4127 724 4180 R.
748 4128 807 4180 Vat.
822 4135 872 4181 220
891 4127 937 4182 iol.
950 4134 1011 4182 372.
1025 4158 1051 4168 -
1074 4128 1138 4196 Reg.
1153 4127 1180 4180 in
1194 4127 1291 4181 ZVGA
1305 4125 1461 4180 Schlesiens
1476 4124 1552 4178 XXV
1571 4139 1632 4193 pag.
1648 4129 1705 4177 297.
1727 4155 1745 4162 -

245 4214 271 4276 ³)
291 4209 457 4276 ,Virczconis
476 4212 509 4266 de
524 4212 754 4269 Gurzanckouicz‘
772 4219 821 4269 Av.

244 4546 335 4610 104.
368 4542 486 4608 ranno
508 4544 681 4626 Anpnsttni
711 4553 891 4612 reservatur
920 4549 1061 4628 dipnitas'
1081 4546 1129 4611 vel
1148 4550 1338 4630 personatus
1367 4550 1424 4609 ant
1446 4544 1586 4626 officium
1608 4565 1677 4609 cnm
1699 4544 1747 4608 nel

243 4650 310 4712 sine
332 4668 419 4726 cura,
450 4648 492 4711 ad
515 4648 710 4715 sedationem
733 4653 869 4736 episcopi
900 4653 1154 4718 Vratr'slooicnsis
1180 4651 1352 4735 pertinens,
1397 4650 1675 4715 nonobstantibus
1710 4654 1745 4712 nt

244 4752 277 4814 in
307 4751 537 4834 supplicatione
566 4754 622 4818 snb
654 4777 702 4819 nr.
734 4761 804 4821 102.
844 4759 937 4837 „Vite
967 4779 1005 4822 oe
1032 4759 1172 4821 mornm“
1209 4756 1323 4839 ,Apud
1354 4755 1585 4820 l⁷illurnnonanv
1615 4753 1746 4818 Antano-

244 4858 349 4920 nensa's
373 4857 451 4922 dioc.
474 4857 518 4922 id.
542 4860 635 4923 Junii
658 4881 688 4923 a.
710 4862 822 4943 prinae.
847 4899 887 4908 -
911 4865 950 4927 In
973 4884 996 4927 e.
1021 4881 1060 4926 m.
1085 4862 1199 4926 decano
1221 4865 1251 4926 et
1272 4861 1457 4926 scholastico
1490 4859 1745 4923 l'rutisloriensa's

659 4986 696 5028 oc
719 4966 875 5030 sacristae
899 4965 1118 5030 Aairrionensa's
1139 4965 1349 5031 ecclesiarum.

292 5084 410 5184 ,ᾖ
1040 5087 1137 5171 Apud
1169 5087 1404 5169 littamneaum,
1427 5088 1514 5151 1353
1536 5086 1629 5152 Jnnii
1654 5088 1702 5150 13.

373 5237 403 5290 R.
416 5237 478 5290 Vnt.
492 5246 541 5292 244
561 5239 606 5292 fol.
628 5246 686 5304 edd,
706 5240 736 5293 n.
751 5240 813 5294 Vat.
827 5246 876 5294 219
896 5240 943 5294 tol.
964 5246 1029 5295 132Ι
1043 5272 1073 5282 -
1085 5243 1151 5311 Rep.
1170 5242 1198 5295 in
1213 5243 1309 5296 ZVGA
1329 5240 1484 5295 Schlesiens
1499 5240 1573 5293 XXV
1593 5256 1654 5309 pag.
1667 5245 1725 5293 289.
