<?xml version="1.0" encoding="UTF-8"?>
<!DOCTYPE html PUBLIC "-//W3C//DTD XHTML 1.0 Transitional//EN"
    "http://www.w3.org/TR/xhtml1/DTD/xhtml1-transitional.dtd">
<html xmlns="http://www.w3.org/1999/xhtml" xml:lang="en" lang="en">
 <head>
  <title>
</title>
<meta http-equiv="Content-Type" content="text/html;charset=utf-8" />
  <meta name='ocr-system' content='tesseract 3.04.00' />
  <meta name='ocr-capabilities' content='ocr_page ocr_carea ocr_par ocr_line ocrx_word'/>
</head>
<body>
  <div class='ocr_page' id='page_1' title='image "./monumentavatica00vatigoog_0551.png"; bbox 0 0 3944 6060; ppageno 0'>
   <div class='ocr_carea' id='block_1_1' title="bbox 228 380 1135 456">
    <p class='ocr_par' dir='ltr' id='par_1_1' title="bbox 228 380 1135 456">
     <span class='ocr_line' id='line_1_1' title="bbox 228 380 1135 456; baseline -0.001 -22"><span class='ocrx_word' id='word_1_1' title='bbox 228 391 292 456; x_wconf 72' lang='lat'><strong><em>498</em></strong></span> <span class='ocrx_word' id='word_1_2' title='bbox 825 387 895 436; x_wconf 78' lang='lat' dir='ltr'><strong><em>Acte</em></strong></span> <span class='ocrx_word' id='word_1_3' title='bbox 914 380 1067 437; x_wconf 81' lang='lat' dir='ltr'><strong><em>iunocentii</em></strong></span> <span class='ocrx_word' id='word_1_4' title='bbox 1087 380 1135 434; x_wconf 87' lang='lat' dir='ltr'><strong><em>v1.</em></strong></span> 
     </span>
    </p>
   </div>
   <div class='ocr_carea' id='block_1_2' title="bbox 230 587 1736 988">
    <p class='ocr_par' dir='ltr' id='par_1_2' title="bbox 231 587 1734 674">
     <span class='ocr_line' id='line_1_2' title="bbox 231 587 1734 674; baseline -0.007 -11"><span class='ocrx_word' id='word_1_5' title='bbox 231 596 349 663; x_wconf 75' lang='lat'><strong><em>1249.</em></strong></span> <span class='ocrx_word' id='word_1_6' title='bbox 374 592 509 658; x_wconf 81' lang='lat' dir='ltr'><strong><em>Arncsto</em></strong></span> <span class='ocrx_word' id='word_1_7' title='bbox 533 591 765 674; x_wconf 73' lang='lat' dir='ltr'><strong><em>archiepiscopo</em></strong></span> <span class='ocrx_word' id='word_1_8' title='bbox 789 591 944 673; x_wconf 80' lang='lat' dir='ltr'><strong><em>Propensi</em></strong></span> <span class='ocrx_word' id='word_1_9' title='bbox 966 588 1145 656; x_wconf 69' lang='lat' dir='ltr'><strong><em>conceditur</em></strong></span> <span class='ocrx_word' id='word_1_10' title='bbox 1167 588 1313 666; x_wconf 74' lang='lat' dir='ltr'><strong><em>facultas</em></strong></span> <span class='ocrx_word' id='word_1_11' title='bbox 1339 587 1518 653; x_wconf 73' lang='lat' dir='ltr'><strong><em>absdrcndi</em></strong></span> <span class='ocrx_word' id='word_1_12' title='bbox 1532 610 1555 652; x_wconf 93' lang='lat' dir='ltr'><strong><em>a</em></strong></span> <span class='ocrx_word' id='word_1_13' title='bbox 1568 588 1734 654; x_wconf 83' lang='lat' dir='ltr'><strong><em>sententiis</em></strong></span> 
     </span>
    </p>

    <p class='ocr_par' dir='ltr' id='par_1_3' title="bbox 230 692 1735 777">
     <span class='ocr_line' id='line_1_3' title="bbox 230 692 1735 777; baseline -0.005 -13"><span class='ocrx_word' id='word_1_14' title='bbox 230 698 399 764; x_wconf 83' lang='lat' dir='ltr'><strong><em>Nicolaum</em></strong></span> <span class='ocrx_word' id='word_1_15' title='bbox 432 697 568 762; x_wconf 85' lang='lat' dir='ltr'><strong><em>indicem</em></strong></span> <span class='ocrx_word' id='word_1_16' title='bbox 600 694 795 761; x_wconf 69' lang='lat' dir='ltr'><strong><em>arentinos</em></strong></span> <span class='ocrx_word' id='word_1_17' title='bbox 830 693 968 759; x_wconf 69' lang='lat' dir='ltr'><strong><em>deitatis</em></strong></span> <span class='ocrx_word' id='word_1_18' title='bbox 1002 694 1186 777; x_wconf 61' lang='lat' dir='ltr'><strong><em>Properas,</em></strong></span> <span class='ocrx_word' id='word_1_19' title='bbox 1220 693 1275 777; x_wconf 86' lang='lat' dir='ltr'><strong><em>qni</em></strong></span> <span class='ocrx_word' id='word_1_20' title='bbox 1306 692 1486 759; x_wconf 72' lang='lat' dir='ltr'><strong><em>Martinam</em></strong></span> <span class='ocrx_word' id='word_1_21' title='bbox 1514 692 1665 761; x_wconf 78' lang='lat' dir='ltr'><strong><em>Jesiconis</em></strong></span> <span class='ocrx_word' id='word_1_22' title='bbox 1696 692 1735 756; x_wconf 82' lang='lat' dir='ltr'><strong><em>dc</em></strong></span> 
     </span>
    </p>

    <p class='ocr_par' dir='ltr' id='par_1_4' title="bbox 233 795 1736 988">
     <span class='ocr_line' id='line_1_4' title="bbox 233 795 1736 884; baseline -0.004 -17"><span class='ocrx_word' id='word_1_23' title='bbox 233 801 400 868; x_wconf 84' lang='lat' dir='ltr'><strong><em>Kratooicc</em></strong></span> <span class='ocrx_word' id='word_1_24' title='bbox 433 799 550 866; x_wconf 81' lang='lat' dir='ltr'><strong><em>dictam</em></strong></span> <span class='ocrx_word' id='word_1_25' title='bbox 574 799 649 867; x_wconf 76' lang='lat' dir='ltr'><strong><em>tbilc</em></strong></span> <span class='ocrx_word' id='word_1_26' title='bbox 676 798 897 883; x_wconf 79' lang='lat' dir='ltr'><strong><em>presbyterum</em></strong></span> <span class='ocrx_word' id='word_1_27' title='bbox 925 803 1059 884; x_wconf 82' lang='lat' dir='ltr'><strong><em>propter</em></strong></span> <span class='ocrx_word' id='word_1_28' title='bbox 1088 801 1189 878; x_wconf 81' lang='lat' dir='ltr'><strong><em>sarta</em></strong></span> <span class='ocrx_word' id='word_1_29' title='bbox 1220 801 1250 863; x_wconf 85' lang='lat' dir='ltr'><strong><em>ct</em></strong></span> <span class='ocrx_word' id='word_1_30' title='bbox 1273 795 1354 863; x_wconf 88' lang='lat' dir='ltr'><strong><em>alias</em></strong></span> <span class='ocrx_word' id='word_1_31' title='bbox 1386 816 1529 863; x_wconf 75' lang='lat' dir='ltr'><strong><em>excessus</em></strong></span> <span class='ocrx_word' id='word_1_32' title='bbox 1551 797 1625 882; x_wconf 86' lang='lat' dir='ltr'><strong><em>capi</em></strong></span> <span class='ocrx_word' id='word_1_33' title='bbox 1647 800 1677 862; x_wconf 82' lang='lat' dir='ltr'><strong><em>ct</em></strong></span> <span class='ocrx_word' id='word_1_34' title='bbox 1700 797 1736 861; x_wconf 88' lang='lat' dir='ltr'><strong><em>in</em></strong></span> 
     </span>
     <span class='ocr_line' id='line_1_5' title="bbox 777 902 1190 988; baseline -0.005 -20"><span class='ocrx_word' id='word_1_35' title='bbox 777 923 893 986; x_wconf 84' lang='lat' dir='ltr'><strong><em>aquarn</em></strong></span> <span class='ocrx_word' id='word_1_36' title='bbox 911 902 1016 988; x_wconf 84' lang='lat' dir='ltr'><strong><em>proici</em></strong></span> <span class='ocrx_word' id='word_1_37' title='bbox 1030 904 1190 981; x_wconf 82' lang='lat' dir='ltr'><strong><em>secarunt.</em></strong></span> 
     </span>
    </p>
   </div>
   <div class='ocr_carea' id='block_1_3' title="bbox 278 1038 1688 1122">
    <p class='ocr_par' dir='ltr' id='par_1_5' title="bbox 278 1038 1688 1122">
     <span class='ocr_line' id='line_1_6' title="bbox 278 1038 1688 1122; baseline 0.004 -26"><span class='ocrx_word' id='word_1_38' title='bbox 278 1043 363 1098; x_wconf 75' lang='grc'><strong><em>.01,.</em></strong></span> <span class='ocrx_word' id='word_1_39' title='bbox 1175 1038 1339 1122; x_wconf 87' lang='lat' dir='ltr'><strong><em>Aeinionc,</em></strong></span> <span class='ocrx_word' id='word_1_40' title='bbox 1363 1040 1447 1104; x_wconf 77' lang='lat'><strong><em>1361</em></strong></span> <span class='ocrx_word' id='word_1_41' title='bbox 1473 1038 1613 1122; x_wconf 81' lang='lat' dir='ltr'><strong><em>Anpasti</em></strong></span> <span class='ocrx_word' id='word_1_42' title='bbox 1638 1039 1688 1103; x_wconf 88' lang='lat' dir='ltr'><strong><em>ll.</em></strong></span> 
     </span>
    </p>
   </div>
   <div class='ocr_carea' id='block_1_4' title="bbox 230 1210 1737 4633">
    <p class='ocr_par' dir='ltr' id='par_1_6' title="bbox 230 1210 1737 4633">
     <span class='ocr_line' id='line_1_7' title="bbox 361 1210 1734 1299; baseline -0.001 -20"><span class='ocrx_word' id='word_1_43' title='bbox 361 1215 437 1279; x_wconf 90' lang='lat' dir='ltr'><strong><em>Ven.</em></strong></span> <span class='ocrx_word' id='word_1_44' title='bbox 472 1215 509 1279; x_wconf 87' lang='lat' dir='ltr'><strong><em>ir.</em></strong></span> <span class='ocrx_word' id='word_1_45' title='bbox 534 1210 672 1281; x_wconf 68' lang='lat' dir='ltr'><strong><em>ernesto</em></strong></span> <span class='ocrx_word' id='word_1_46' title='bbox 706 1216 945 1299; x_wconf 90' lang='lat' dir='ltr'><strong><em>archiepiscopo</em></strong></span> <span class='ocrx_word' id='word_1_47' title='bbox 979 1214 1132 1297; x_wconf 88' lang='lat' dir='ltr'><strong><em>Pragensi</em></strong></span> <span class='ocrx_word' id='word_1_48' title='bbox 1157 1213 1292 1278; x_wconf 84' lang='lat' dir='ltr'><strong><em>salutern</em></strong></span> <span class='ocrx_word' id='word_1_49' title='bbox 1317 1218 1378 1278; x_wconf 91' lang='lat' dir='ltr'><strong><em>ete.</em></strong></span> <span class='ocrx_word' id='word_1_50' title='bbox 1403 1213 1564 1278; x_wconf 54' lang='lat' dir='ltr'><strong><em>&amp;manus</em></strong></span> <span class='ocrx_word' id='word_1_51' title='bbox 1588 1212 1734 1299; x_wconf 82' lang='lat' dir='ltr'><strong><em>pontifex</em></strong></span> 
     </span>
     <span class='ocr_line' id='line_1_8' title="bbox 233 1316 1734 1402; baseline -0.003 -17"><span class='ocrx_word' id='word_1_52' title='bbox 233 1319 422 1387; x_wconf 87' lang='lat' dir='ltr'><strong><em>....Sauc</em></strong></span> <span class='ocrx_word' id='word_1_53' title='bbox 446 1320 563 1401; x_wconf 90' lang='lat' dir='ltr'><strong><em>peticio</em></strong></span> <span class='ocrx_word' id='word_1_54' title='bbox 586 1340 643 1401; x_wconf 90' lang='lat' dir='ltr'><strong><em>pro</em></strong></span> <span class='ocrx_word' id='word_1_55' title='bbox 667 1327 759 1402; x_wconf 86' lang='lat' dir='ltr'><strong><em>parte</em></strong></span> <span class='ocrx_word' id='word_1_56' title='bbox 783 1319 906 1385; x_wconf 89' lang='lat' dir='ltr'><strong><em>Nicolai</em></strong></span> <span class='ocrx_word' id='word_1_57' title='bbox 931 1320 1116 1402; x_wconf 79' lang='lat' dir='ltr'><strong><em>Reymbote,</em></strong></span> <span class='ocrx_word' id='word_1_58' title='bbox 1141 1316 1276 1382; x_wconf 86' lang='lat' dir='ltr'><strong><em>Seidlini</em></strong></span> <span class='ocrx_word' id='word_1_59' title='bbox 1300 1316 1379 1381; x_wconf 89' lang='lat' dir='ltr'><strong><em>dieti</em></strong></span> <span class='ocrx_word' id='word_1_60' title='bbox 1395 1316 1567 1400; x_wconf 88' lang='lat' dir='ltr'><strong><em>Institoris,</em></strong></span> <span class='ocrx_word' id='word_1_61' title='bbox 1592 1317 1734 1382; x_wconf 89' lang='lat' dir='ltr'><strong><em>Hamlini</em></strong></span> 
     </span>
     <span class='ocr_line' id='line_1_9' title="bbox 230 1409 1733 1506; baseline -0.004 -16"><span class='ocrx_word' id='word_1_62' title='bbox 230 1425 340 1506; x_wconf 68' lang='lat' dir='ltr'><strong><em>Neget</em></strong></span> <span class='ocrx_word' id='word_1_63' title='bbox 374 1424 519 1488; x_wconf 81' lang='lat' dir='ltr'><strong><em>tescorris</em></strong></span> <span class='ocrx_word' id='word_1_64' title='bbox 556 1424 637 1495; x_wconf 87' lang='lat' dir='ltr'><strong><em>Pair,</em></strong></span> <span class='ocrx_word' id='word_1_65' title='bbox 669 1424 767 1489; x_wconf 89' lang='lat' dir='ltr'><strong><em>Jelini</em></strong></span> <span class='ocrx_word' id='word_1_66' title='bbox 793 1423 918 1505; x_wconf 85' lang='lat' dir='ltr'><strong><em>Hurnel,</em></strong></span> <span class='ocrx_word' id='word_1_67' title='bbox 952 1423 1051 1488; x_wconf 92' lang='lat' dir='ltr'><strong><em>Vlriei</em></strong></span> <span class='ocrx_word' id='word_1_68' title='bbox 1077 1409 1250 1495; x_wconf 86' lang='lat' dir='ltr'><strong><em>Wesselcr,</em></strong></span> <span class='ocrx_word' id='word_1_69' title='bbox 1285 1420 1383 1485; x_wconf 89' lang='lat' dir='ltr'><strong><em>Jeliui</em></strong></span> <span class='ocrx_word' id='word_1_70' title='bbox 1421 1421 1535 1501; x_wconf 89' lang='lat' dir='ltr'><strong><em>loram,</em></strong></span> <span class='ocrx_word' id='word_1_71' title='bbox 1570 1421 1733 1486; x_wconf 88' lang='lat' dir='ltr'><strong><em>Hanzilini</em></strong></span> 
     </span>
     <span class='ocr_line' id='line_1_10' title="bbox 230 1524 1733 1608; baseline -0.002 -15"><span class='ocrx_word' id='word_1_72' title='bbox 230 1529 368 1604; x_wconf 84' lang='lat' dir='ltr'><strong><em>Czotter,</em></strong></span> <span class='ocrx_word' id='word_1_73' title='bbox 394 1527 540 1593; x_wconf 89' lang='lat' dir='ltr'><strong><em>Hensliui</em></strong></span> <span class='ocrx_word' id='word_1_74' title='bbox 563 1527 804 1604; x_wconf 86' lang='lat' dir='ltr'><strong><em>Beneschewer,</em></strong></span> <span class='ocrx_word' id='word_1_75' title='bbox 838 1527 970 1592; x_wconf 88' lang='lat' dir='ltr'><strong><em>Jordani</em></strong></span> <span class='ocrx_word' id='word_1_76' title='bbox 1003 1527 1174 1608; x_wconf 86' lang='lat' dir='ltr'><strong><em>Reebezer,</em></strong></span> <span class='ocrx_word' id='word_1_77' title='bbox 1198 1524 1321 1590; x_wconf 84' lang='lat' dir='ltr'><strong><em>Mathis</em></strong></span> <span class='ocrx_word' id='word_1_78' title='bbox 1345 1524 1604 1604; x_wconf 86' lang='lat' dir='ltr'><strong><em>Terenouiensis,</em></strong></span> <span class='ocrx_word' id='word_1_79' title='bbox 1628 1526 1733 1590; x_wconf 89' lang='lat' dir='ltr'><strong><em>Fanze</em></strong></span> 
     </span>
     <span class='ocr_line' id='line_1_11' title="bbox 231 1628 1734 1714; baseline -0.001 -18"><span class='ocrx_word' id='word_1_80' title='bbox 231 1633 358 1714; x_wconf 82' lang='lat' dir='ltr'><strong><em>Donati,</em></strong></span> <span class='ocrx_word' id='word_1_81' title='bbox 384 1632 550 1696; x_wconf 89' lang='lat' dir='ltr'><strong><em>Cristeieri</em></strong></span> <span class='ocrx_word' id='word_1_82' title='bbox 574 1633 656 1713; x_wconf 90' lang='lat' dir='ltr'><strong><em>Pair,</em></strong></span> <span class='ocrx_word' id='word_1_83' title='bbox 680 1632 804 1697; x_wconf 89' lang='lat' dir='ltr'><strong><em>Nicolai</em></strong></span> <span class='ocrx_word' id='word_1_84' title='bbox 828 1632 938 1713; x_wconf 90' lang='lat' dir='ltr'><strong><em>Longi,</em></strong></span> <span class='ocrx_word' id='word_1_85' title='bbox 961 1630 1051 1695; x_wconf 88' lang='lat' dir='ltr'><strong><em>Pauli</em></strong></span> <span class='ocrx_word' id='word_1_86' title='bbox 1076 1631 1115 1694; x_wconf 89' lang='lat' dir='ltr'><strong><em>de</em></strong></span> <span class='ocrx_word' id='word_1_87' title='bbox 1140 1630 1248 1707; x_wconf 86' lang='lat' dir='ltr'><strong><em>Glaez,</em></strong></span> <span class='ocrx_word' id='word_1_88' title='bbox 1272 1628 1421 1693; x_wconf 91' lang='lat' dir='ltr'><strong><em>Henslini</em></strong></span> <span class='ocrx_word' id='word_1_89' title='bbox 1444 1629 1554 1711; x_wconf 89' lang='lat' dir='ltr'><strong><em>Seaeb,</em></strong></span> <span class='ocrx_word' id='word_1_90' title='bbox 1578 1628 1734 1694; x_wconf 87' lang='lat' dir='ltr'><strong><em>Jobaunis</em></strong></span> 
     </span>
     <span class='ocr_line' id='line_1_12' title="bbox 232 1732 1733 1817; baseline -0.002 -17"><span class='ocrx_word' id='word_1_91' title='bbox 232 1737 271 1801; x_wconf 90' lang='lat' dir='ltr'><strong><em>de</em></strong></span> <span class='ocrx_word' id='word_1_92' title='bbox 296 1737 435 1808; x_wconf 88' lang='lat' dir='ltr'><strong><em>Brunna,</em></strong></span> <span class='ocrx_word' id='word_1_93' title='bbox 460 1736 638 1801; x_wconf 83' lang='lat' dir='ltr'><strong><em>Weueuslai</em></strong></span> <span class='ocrx_word' id='word_1_94' title='bbox 662 1736 830 1817; x_wconf 77' lang='lat' dir='ltr'><strong><em>Buteonis,</em></strong></span> <span class='ocrx_word' id='word_1_95' title='bbox 854 1736 968 1800; x_wconf 90' lang='lat' dir='ltr'><strong><em>civium</em></strong></span> <span class='ocrx_word' id='word_1_96' title='bbox 991 1733 1207 1816; x_wconf 89' lang='lat' dir='ltr'><strong><em>Pragensium,</em></strong></span> <span class='ocrx_word' id='word_1_97' title='bbox 1231 1733 1321 1799; x_wconf 90' lang='lat' dir='ltr'><strong><em>nobis</em></strong></span> <span class='ocrx_word' id='word_1_98' title='bbox 1345 1751 1446 1816; x_wconf 84' lang='lat' dir='ltr'><strong><em>nuper</em></strong></span> <span class='ocrx_word' id='word_1_99' title='bbox 1468 1732 1611 1797; x_wconf 89' lang='lat' dir='ltr'><strong><em>exhibita</em></strong></span> <span class='ocrx_word' id='word_1_100' title='bbox 1634 1733 1733 1798; x_wconf 93' lang='lat' dir='ltr'><strong><em>conti-</em></strong></span> 
     </span>
     <span class='ocr_line' id='line_1_13' title="bbox 231 1837 1731 1920; baseline -0.003 -16"><span class='ocrx_word' id='word_1_101' title='bbox 231 1841 336 1920; x_wconf 88' lang='lat' dir='ltr'><strong><em>nebat,</em></strong></span> <span class='ocrx_word' id='word_1_102' title='bbox 362 1840 444 1920; x_wconf 89' lang='lat' dir='ltr'><strong><em>quod</em></strong></span> <span class='ocrx_word' id='word_1_103' title='bbox 468 1840 541 1904; x_wconf 90' lang='lat' dir='ltr'><strong><em>olim</em></strong></span> <span class='ocrx_word' id='word_1_104' title='bbox 566 1841 605 1903; x_wconf 90' lang='lat' dir='ltr'><strong><em>ad</em></strong></span> <span class='ocrx_word' id='word_1_105' title='bbox 628 1840 826 1905; x_wconf 88' lang='lat' dir='ltr'><strong><em>audienciam</em></strong></span> <span class='ocrx_word' id='word_1_106' title='bbox 850 1839 928 1904; x_wconf 91' lang='lat' dir='ltr'><strong><em>dieti</em></strong></span> <span class='ocrx_word' id='word_1_107' title='bbox 951 1838 1085 1913; x_wconf 89' lang='lat' dir='ltr'><strong><em>Nicolai,</em></strong></span> <span class='ocrx_word' id='word_1_108' title='bbox 1110 1838 1163 1919; x_wconf 93' lang='lat' dir='ltr'><strong><em>qui</em></strong></span> <span class='ocrx_word' id='word_1_109' title='bbox 1186 1837 1292 1909; x_wconf 88' lang='lat' dir='ltr'><strong><em>iudex,</em></strong></span> <span class='ocrx_word' id='word_1_110' title='bbox 1316 1842 1350 1902; x_wconf 93' lang='lat' dir='ltr'><strong><em>et</em></strong></span> <span class='ocrx_word' id='word_1_111' title='bbox 1373 1837 1506 1901; x_wconf 88' lang='lat' dir='ltr'><strong><em>aliorum</em></strong></span> <span class='ocrx_word' id='word_1_112' title='bbox 1530 1837 1655 1918; x_wconf 92' lang='lat' dir='ltr'><strong><em>civium,</em></strong></span> <span class='ocrx_word' id='word_1_113' title='bbox 1679 1838 1731 1919; x_wconf 91' lang='lat' dir='ltr'><strong><em>qui</em></strong></span> 
     </span>
     <span class='ocr_line' id='line_1_14' title="bbox 231 1940 1733 2025; baseline -0.001 -17"><span class='ocrx_word' id='word_1_114' title='bbox 231 1944 351 2008; x_wconf 81' lang='lat' dir='ltr'><strong><em>scabini</em></strong></span> <span class='ocrx_word' id='word_1_115' title='bbox 375 1962 431 2008; x_wconf 91' lang='lat' dir='ltr'><strong><em>seu</em></strong></span> <span class='ocrx_word' id='word_1_116' title='bbox 454 1944 600 2009; x_wconf 92' lang='lat' dir='ltr'><strong><em>consules</em></strong></span> <span class='ocrx_word' id='word_1_117' title='bbox 624 1944 763 2008; x_wconf 91' lang='lat' dir='ltr'><strong><em>civitatis</em></strong></span> <span class='ocrx_word' id='word_1_118' title='bbox 787 1943 955 2025; x_wconf 87' lang='lat' dir='ltr'><strong><em>Pragensis</em></strong></span> <span class='ocrx_word' id='word_1_119' title='bbox 979 1947 1054 2006; x_wconf 91' lang='lat' dir='ltr'><strong><em>tuuc</em></strong></span> <span class='ocrx_word' id='word_1_120' title='bbox 1077 1942 1267 2014; x_wconf 78' lang='lat' dir='ltr'><strong><em>existebant,</em></strong></span> <span class='ocrx_word' id='word_1_121' title='bbox 1302 1940 1385 2004; x_wconf 86' lang='lat' dir='ltr'><strong><em>fama</em></strong></span> <span class='ocrx_word' id='word_1_122' title='bbox 1417 1942 1544 2023; x_wconf 88' lang='lat' dir='ltr'><strong><em>publiea</em></strong></span> <span class='ocrx_word' id='word_1_123' title='bbox 1572 1941 1733 2006; x_wconf 80' lang='lat' dir='ltr'><strong><em>referente</em></strong></span> 
     </span>
     <span class='ocr_line' id='line_1_15' title="bbox 231 2044 1733 2128; baseline -0.002 -16"><span class='ocrx_word' id='word_1_124' title='bbox 231 2048 377 2119; x_wconf 87' lang='lat' dir='ltr'><strong><em>deducto,</em></strong></span> <span class='ocrx_word' id='word_1_125' title='bbox 411 2048 494 2128; x_wconf 90' lang='lat' dir='ltr'><strong><em>quod</em></strong></span> <span class='ocrx_word' id='word_1_126' title='bbox 527 2049 683 2128; x_wconf 88' lang='lat' dir='ltr'><strong><em>quondam</em></strong></span> <span class='ocrx_word' id='word_1_127' title='bbox 708 2049 865 2112; x_wconf 89' lang='lat' dir='ltr'><strong><em>Martinus</em></strong></span> <span class='ocrx_word' id='word_1_128' title='bbox 888 2047 1035 2112; x_wconf 87' lang='lat' dir='ltr'><strong><em>Jesconis</em></strong></span> <span class='ocrx_word' id='word_1_129' title='bbox 1058 2046 1098 2111; x_wconf 91' lang='lat' dir='ltr'><strong><em>de</em></strong></span> <span class='ocrx_word' id='word_1_130' title='bbox 1124 2045 1293 2112; x_wconf 86' lang='lat' dir='ltr'><strong><em>Crolowiez</em></strong></span> <span class='ocrx_word' id='word_1_131' title='bbox 1318 2045 1424 2110; x_wconf 91' lang='lat' dir='ltr'><strong><em>dietus</em></strong></span> <span class='ocrx_word' id='word_1_132' title='bbox 1448 2044 1538 2125; x_wconf 83' lang='lat' dir='ltr'><strong><em>Cuilr,</em></strong></span> <span class='ocrx_word' id='word_1_133' title='bbox 1562 2048 1733 2128; x_wconf 80' lang='lat' dir='ltr'><strong><em>presbyter</em></strong></span> 
     </span>
     <span class='ocr_line' id='line_1_16' title="bbox 231 2150 1733 2234; baseline -0.001 -19"><span class='ocrx_word' id='word_1_134' title='bbox 231 2151 400 2234; x_wconf 86' lang='lat' dir='ltr'><strong><em>Pragensis</em></strong></span> <span class='ocrx_word' id='word_1_135' title='bbox 423 2152 515 2234; x_wconf 86' lang='lat' dir='ltr'><strong><em>dioc,</em></strong></span> <span class='ocrx_word' id='word_1_136' title='bbox 539 2153 690 2216; x_wconf 90' lang='lat' dir='ltr'><strong><em>nonnulla</em></strong></span> <span class='ocrx_word' id='word_1_137' title='bbox 713 2151 798 2216; x_wconf 90' lang='lat' dir='ltr'><strong><em>iurta</em></strong></span> <span class='ocrx_word' id='word_1_138' title='bbox 813 2159 847 2217; x_wconf 92' lang='lat' dir='ltr'><strong><em>et</em></strong></span> <span class='ocrx_word' id='word_1_139' title='bbox 863 2152 943 2217; x_wconf 91' lang='lat' dir='ltr'><strong><em>alios</em></strong></span> <span class='ocrx_word' id='word_1_140' title='bbox 965 2167 1115 2215; x_wconf 88' lang='lat' dir='ltr'><strong><em>excessus</em></strong></span> <span class='ocrx_word' id='word_1_141' title='bbox 1132 2150 1332 2215; x_wconf 83' lang='lat' dir='ltr'><strong><em>commiserat</em></strong></span> <span class='ocrx_word' id='word_1_142' title='bbox 1354 2156 1430 2214; x_wconf 93' lang='lat' dir='ltr'><strong><em>tunc</em></strong></span> <span class='ocrx_word' id='word_1_143' title='bbox 1454 2167 1614 2233; x_wconf 83' lang='lat' dir='ltr'><strong><em>expressa,</em></strong></span> <span class='ocrx_word' id='word_1_144' title='bbox 1638 2150 1733 2214; x_wconf 90' lang='lat' dir='ltr'><strong><em>iidem</em></strong></span> 
     </span>
     <span class='ocr_line' id='line_1_17' title="bbox 231 2253 1734 2340; baseline -0.001 -20"><span class='ocrx_word' id='word_1_145' title='bbox 231 2256 391 2337; x_wconf 78' lang='lat' dir='ltr'><strong><em>NicolauS,</em></strong></span> <span class='ocrx_word' id='word_1_146' title='bbox 415 2262 491 2320; x_wconf 90' lang='lat' dir='ltr'><strong><em>tune</em></strong></span> <span class='ocrx_word' id='word_1_147' title='bbox 513 2255 618 2339; x_wconf 89' lang='lat' dir='ltr'><strong><em>iudex,</em></strong></span> <span class='ocrx_word' id='word_1_148' title='bbox 635 2263 669 2320; x_wconf 89' lang='lat' dir='ltr'><strong><em>et</em></strong></span> <span class='ocrx_word' id='word_1_149' title='bbox 692 2257 746 2321; x_wconf 93' lang='lat' dir='ltr'><strong><em>alii</em></strong></span> <span class='ocrx_word' id='word_1_150' title='bbox 771 2257 866 2340; x_wconf 91' lang='lat' dir='ltr'><strong><em>cives,</em></strong></span> <span class='ocrx_word' id='word_1_151' title='bbox 889 2262 964 2321; x_wconf 95' lang='lat' dir='ltr'><strong><em>tune</em></strong></span> <span class='ocrx_word' id='word_1_152' title='bbox 977 2255 1096 2321; x_wconf 87' lang='lat' dir='ltr'><strong><em>scabini</em></strong></span> <span class='ocrx_word' id='word_1_153' title='bbox 1120 2255 1306 2336; x_wconf 80' lang='lat' dir='ltr'><strong><em>existentes,</em></strong></span> <span class='ocrx_word' id='word_1_154' title='bbox 1329 2253 1487 2336; x_wconf 89' lang='lat' dir='ltr'><strong><em>prelatum</em></strong></span> <span class='ocrx_word' id='word_1_155' title='bbox 1502 2256 1734 2337; x_wconf 88' lang='lat' dir='ltr'><strong><em>presbyterum,</em></strong></span> 
     </span>
     <span class='ocr_line' id='line_1_18' title="bbox 231 2357 1732 2443; baseline 0 -19"><span class='ocrx_word' id='word_1_156' title='bbox 231 2378 301 2424; x_wconf 91' lang='lat' dir='ltr'><strong><em>cum</em></strong></span> <span class='ocrx_word' id='word_1_157' title='bbox 325 2359 364 2424; x_wconf 93' lang='lat' dir='ltr'><strong><em>de</em></strong></span> <span class='ocrx_word' id='word_1_158' title='bbox 388 2359 462 2442; x_wconf 86' lang='lat' dir='ltr'><strong><em>fuga</em></strong></span> <span class='ocrx_word' id='word_1_159' title='bbox 485 2361 652 2424; x_wconf 87' lang='lat' dir='ltr'><strong><em>timeretur</em></strong></span> <span class='ocrx_word' id='word_1_160' title='bbox 674 2360 786 2443; x_wconf 87' lang='lat' dir='ltr'><strong><em>ipsius,</em></strong></span> <span class='ocrx_word' id='word_1_161' title='bbox 810 2360 880 2443; x_wconf 91' lang='lat' dir='ltr'><strong><em>capi</em></strong></span> <span class='ocrx_word' id='word_1_162' title='bbox 903 2360 1048 2427; x_wconf 87' lang='lat' dir='ltr'><strong><em>lecerunt</em></strong></span> <span class='ocrx_word' id='word_1_163' title='bbox 1071 2364 1191 2424; x_wconf 87' lang='lat' dir='ltr'><strong><em>etcum</em></strong></span> <span class='ocrx_word' id='word_1_164' title='bbox 1216 2360 1260 2424; x_wconf 91' lang='lat' dir='ltr'><strong><em>sie</em></strong></span> <span class='ocrx_word' id='word_1_165' title='bbox 1277 2364 1403 2441; x_wconf 88' lang='lat' dir='ltr'><strong><em>captum</em></strong></span> <span class='ocrx_word' id='word_1_166' title='bbox 1419 2357 1547 2424; x_wconf 82' lang='lat' dir='ltr'><strong><em>officiali</em></strong></span> <span class='ocrx_word' id='word_1_167' title='bbox 1570 2359 1732 2442; x_wconf 88' lang='lat' dir='ltr'><strong><em>Pragensi‚</em></strong></span> 
     </span>
     <span class='ocr_line' id='line_1_19' title="bbox 231 2458 1733 2546; baseline 0.001 -18"><span class='ocrx_word' id='word_1_168' title='bbox 231 2463 362 2529; x_wconf 90' lang='lat' dir='ltr'><strong><em>habenti</em></strong></span> <span class='ocrx_word' id='word_1_169' title='bbox 385 2481 481 2546; x_wconf 91' lang='lat' dir='ltr'><strong><em>super</em></strong></span> <span class='ocrx_word' id='word_1_170' title='bbox 503 2463 711 2546; x_wconf 87' lang='lat' dir='ltr'><strong><em>inquirendis,</em></strong></span> <span class='ocrx_word' id='word_1_171' title='bbox 736 2464 931 2545; x_wconf 83' lang='lat' dir='ltr'><strong><em>corrigendis</em></strong></span> <span class='ocrx_word' id='word_1_172' title='bbox 947 2470 981 2531; x_wconf 89' lang='lat' dir='ltr'><strong><em>et</em></strong></span> <span class='ocrx_word' id='word_1_173' title='bbox 995 2463 1165 2546; x_wconf 90' lang='lat' dir='ltr'><strong><em>puniendis</em></strong></span> <span class='ocrx_word' id='word_1_174' title='bbox 1181 2464 1364 2528; x_wconf 89' lang='lat' dir='ltr'><strong><em>excessibus</em></strong></span> <span class='ocrx_word' id='word_1_175' title='bbox 1388 2458 1585 2528; x_wconf 81' lang='lat' dir='ltr'><strong><em>subditorum</em></strong></span> <span class='ocrx_word' id='word_1_176' title='bbox 1608 2470 1733 2530; x_wconf 91' lang='lat' dir='ltr'><strong><em>tuorum</em></strong></span> 
     </span>
     <span class='ocr_line' id='line_1_20' title="bbox 232 2566 1734 2652; baseline 0 -18"><span class='ocrx_word' id='word_1_177' title='bbox 232 2568 405 2651; x_wconf 84' lang='lat' dir='ltr'><strong><em>specialem</em></strong></span> <span class='ocrx_word' id='word_1_178' title='bbox 429 2588 447 2633; x_wconf 98' lang='lat' dir='ltr'><strong><em>a</em></strong></span> <span class='ocrx_word' id='word_1_179' title='bbox 471 2576 503 2634; x_wconf 92' lang='lat' dir='ltr'><strong><em>te</em></strong></span> <span class='ocrx_word' id='word_1_180' title='bbox 526 2574 730 2652; x_wconf 88' lang='lat' dir='ltr'><strong><em>potestatem,</em></strong></span> <span class='ocrx_word' id='word_1_181' title='bbox 754 2589 790 2634; x_wconf 89' lang='lat' dir='ltr'><strong><em>ae</em></strong></span> <span class='ocrx_word' id='word_1_182' title='bbox 813 2569 877 2634; x_wconf 91' lang='lat' dir='ltr'><strong><em>tuis</em></strong></span> <span class='ocrx_word' id='word_1_183' title='bbox 900 2569 985 2636; x_wconf 85' lang='lat' dir='ltr'><strong><em>euris</em></strong></span> <span class='ocrx_word' id='word_1_184' title='bbox 1008 2575 1042 2633; x_wconf 90' lang='lat' dir='ltr'><strong><em>et</em></strong></span> <span class='ocrx_word' id='word_1_185' title='bbox 1065 2567 1244 2633; x_wconf 82' lang='lat' dir='ltr'><strong><em>carceribus</em></strong></span> <span class='ocrx_word' id='word_1_186' title='bbox 1267 2566 1469 2632; x_wconf 89' lang='lat' dir='ltr'><strong><em>tradiderunt</em></strong></span> <span class='ocrx_word' id='word_1_187' title='bbox 1498 2569 1666 2651; x_wconf 88' lang='lat' dir='ltr'><strong><em>eidemque</em></strong></span> <span class='ocrx_word' id='word_1_188' title='bbox 1690 2569 1734 2635; x_wconf 86' lang='lat' dir='ltr'><strong><em>oi-</em></strong></span> 
     </span>
     <span class='ocr_line' id='line_1_21' title="bbox 232 2672 1732 2756; baseline 0 -19"><span class='ocrx_word' id='word_1_189' title='bbox 232 2672 327 2737; x_wconf 87' lang='lat' dir='ltr'><strong><em>ficiali</em></strong></span> <span class='ocrx_word' id='word_1_190' title='bbox 350 2674 580 2756; x_wconf 85' lang='lat' dir='ltr'><strong><em>supplicarunt,</em></strong></span> <span class='ocrx_word' id='word_1_191' title='bbox 605 2679 641 2737; x_wconf 91' lang='lat' dir='ltr'><strong><em>ut</em></strong></span> <span class='ocrx_word' id='word_1_192' title='bbox 664 2674 765 2756; x_wconf 91' lang='lat' dir='ltr'><strong><em>ipsum</em></strong></span> <span class='ocrx_word' id='word_1_193' title='bbox 790 2675 1012 2756; x_wconf 88' lang='lat' dir='ltr'><strong><em>presbyterum</em></strong></span> <span class='ocrx_word' id='word_1_194' title='bbox 1037 2693 1098 2738; x_wconf 90' lang='lat' dir='ltr'><strong><em>non</em></strong></span> <span class='ocrx_word' id='word_1_195' title='bbox 1122 2672 1309 2749; x_wconf 91' lang='lat' dir='ltr'><strong><em>dimitteret,</em></strong></span> <span class='ocrx_word' id='word_1_196' title='bbox 1346 2673 1459 2737; x_wconf 89' lang='lat' dir='ltr'><strong><em>sedin</em></strong></span> <span class='ocrx_word' id='word_1_197' title='bbox 1483 2673 1604 2738; x_wconf 89' lang='lat' dir='ltr'><strong><em>eisdem</em></strong></span> <span class='ocrx_word' id='word_1_198' title='bbox 1629 2691 1732 2737; x_wconf 89' lang='lat' dir='ltr'><strong><em>carce-</em></strong></span> 
     </span>
     <span class='ocr_line' id='line_1_22' title="bbox 232 2776 1734 2860; baseline 0 -19"><span class='ocrx_word' id='word_1_199' title='bbox 232 2778 319 2843; x_wconf 90' lang='lat' dir='ltr'><strong><em>ribus</em></strong></span> <span class='ocrx_word' id='word_1_200' title='bbox 334 2777 503 2858; x_wconf 89' lang='lat' dir='ltr'><strong><em>detineret,</em></strong></span> <span class='ocrx_word' id='word_1_201' title='bbox 527 2778 600 2857; x_wconf 92' lang='lat' dir='ltr'><strong><em>quia</em></strong></span> <span class='ocrx_word' id='word_1_202' title='bbox 613 2778 682 2841; x_wconf 90' lang='lat' dir='ltr'><strong><em>eius</em></strong></span> <span class='ocrx_word' id='word_1_203' title='bbox 695 2795 844 2842; x_wconf 88' lang='lat' dir='ltr'><strong><em>excessus</em></strong></span> <span class='ocrx_word' id='word_1_204' title='bbox 860 2797 922 2843; x_wconf 93' lang='lat' dir='ltr'><strong><em>uon</em></strong></span> <span class='ocrx_word' id='word_1_205' title='bbox 937 2783 1087 2860; x_wconf 90' lang='lat' dir='ltr'><strong><em>poterant</em></strong></span> <span class='ocrx_word' id='word_1_206' title='bbox 1103 2777 1263 2842; x_wconf 89' lang='lat' dir='ltr'><strong><em>sustineri.</em></strong></span> <span class='ocrx_word' id='word_1_207' title='bbox 1288 2776 1428 2857; x_wconf 82' lang='lat' dir='ltr'><strong><em>Cumque</em></strong></span> <span class='ocrx_word' id='word_1_208' title='bbox 1452 2777 1651 2859; x_wconf 88' lang='lat' dir='ltr'><strong><em>postmodum</em></strong></span> <span class='ocrx_word' id='word_1_209' title='bbox 1665 2795 1734 2860; x_wconf 91' lang='lat' dir='ltr'><strong><em>pre-</em></strong></span> 
     </span>
     <span class='ocr_line' id='line_1_23' title="bbox 233 2880 1734 2964; baseline 0.001 -19"><span class='ocrx_word' id='word_1_210' title='bbox 233 2881 318 2947; x_wconf 86' lang='lat' dir='ltr'><strong><em>latus</em></strong></span> <span class='ocrx_word' id='word_1_211' title='bbox 340 2884 511 2964; x_wconf 89' lang='lat' dir='ltr'><strong><em>presbyter</em></strong></span> <span class='ocrx_word' id='word_1_212' title='bbox 533 2900 590 2963; x_wconf 92' lang='lat' dir='ltr'><strong><em>per</em></strong></span> <span class='ocrx_word' id='word_1_213' title='bbox 613 2881 748 2946; x_wconf 90' lang='lat' dir='ltr'><strong><em>eundem</em></strong></span> <span class='ocrx_word' id='word_1_214' title='bbox 772 2880 939 2946; x_wconf 81' lang='lat' dir='ltr'><strong><em>officialem</em></strong></span> <span class='ocrx_word' id='word_1_215' title='bbox 954 2882 1081 2963; x_wconf 91' lang='lat' dir='ltr'><strong><em>impune</em></strong></span> <span class='ocrx_word' id='word_1_216' title='bbox 1098 2881 1248 2945; x_wconf 91' lang='lat' dir='ltr'><strong><em>dimissus</em></strong></span> <span class='ocrx_word' id='word_1_217' title='bbox 1264 2886 1298 2945; x_wconf 91' lang='lat' dir='ltr'><strong><em>et</em></strong></span> <span class='ocrx_word' id='word_1_218' title='bbox 1313 2881 1396 2945; x_wconf 86' lang='lat' dir='ltr'><strong><em>mala</em></strong></span> <span class='ocrx_word' id='word_1_219' title='bbox 1418 2881 1510 2945; x_wconf 70' lang='lat' dir='ltr'><strong><em>mdis</em></strong></span> <span class='ocrx_word' id='word_1_220' title='bbox 1534 2882 1734 2961; x_wconf 79' lang='lat' dir='ltr'><strong><em>continuans,</em></strong></span> 
     </span>
     <span class='ocr_line' id='line_1_24' title="bbox 233 2984 1734 3067; baseline 0.001 -18"><span class='ocrx_word' id='word_1_221' title='bbox 233 2985 400 3050; x_wconf 89' lang='lat' dir='ltr'><strong><em>associatis</em></strong></span> <span class='ocrx_word' id='word_1_222' title='bbox 424 2985 485 3050; x_wconf 93' lang='lat' dir='ltr'><strong><em>sibi</em></strong></span> <span class='ocrx_word' id='word_1_223' title='bbox 518 2985 678 3049; x_wconf 90' lang='lat' dir='ltr'><strong><em>nonnullis</em></strong></span> <span class='ocrx_word' id='word_1_224' title='bbox 702 2984 825 3050; x_wconf 82' lang='lat' dir='ltr'><strong><em>furibus</em></strong></span> <span class='ocrx_word' id='word_1_225' title='bbox 859 2992 893 3050; x_wconf 89' lang='lat' dir='ltr'><strong><em>et</em></strong></span> <span class='ocrx_word' id='word_1_226' title='bbox 916 2986 1093 3051; x_wconf 89' lang='lat' dir='ltr'><strong><em>latronibus</em></strong></span> <span class='ocrx_word' id='word_1_227' title='bbox 1128 2985 1352 3067; x_wconf 87' lang='lat' dir='ltr'><strong><em>apatraeione</em></strong></span> <span class='ocrx_word' id='word_1_228' title='bbox 1376 2985 1556 3051; x_wconf 90' lang='lat' dir='ltr'><strong><em>huiusmodi</em></strong></span> <span class='ocrx_word' id='word_1_229' title='bbox 1578 2985 1734 3051; x_wconf 87' lang='lat' dir='ltr'><strong><em>furtorum</em></strong></span> 
     </span>
     <span class='ocr_line' id='line_1_25' title="bbox 233 3089 1735 3172; baseline 0.001 -18"><span class='ocrx_word' id='word_1_230' title='bbox 233 3096 267 3154; x_wconf 91' lang='lat' dir='ltr'><strong><em>et</em></strong></span> <span class='ocrx_word' id='word_1_231' title='bbox 290 3107 476 3153; x_wconf 88' lang='lat' dir='ltr'><strong><em>excessuum</em></strong></span> <span class='ocrx_word' id='word_1_232' title='bbox 500 3108 562 3154; x_wconf 92' lang='lat' dir='ltr'><strong><em>uon</em></strong></span> <span class='ocrx_word' id='word_1_233' title='bbox 586 3094 736 3171; x_wconf 80' lang='lat' dir='ltr'><strong><em>cessaret,</em></strong></span> <span class='ocrx_word' id='word_1_234' title='bbox 761 3096 931 3170; x_wconf 88' lang='lat' dir='ltr'><strong><em>tantusque</em></strong></span> <span class='ocrx_word' id='word_1_235' title='bbox 955 3091 1073 3155; x_wconf 81' lang='lat' dir='ltr'><strong><em>clanior</em></strong></span> <span class='ocrx_word' id='word_1_236' title='bbox 1090 3096 1200 3155; x_wconf 89' lang='lat' dir='ltr'><strong><em>contra</em></strong></span> <span class='ocrx_word' id='word_1_237' title='bbox 1223 3089 1344 3154; x_wconf 89' lang='lat' dir='ltr'><strong><em>dictum</em></strong></span> <span class='ocrx_word' id='word_1_238' title='bbox 1366 3091 1587 3172; x_wconf 88' lang='lat' dir='ltr'><strong><em>presbyterum</em></strong></span> <span class='ocrx_word' id='word_1_239' title='bbox 1611 3091 1735 3156; x_wconf 89' lang='lat' dir='ltr'><strong><em>notorie</em></strong></span> 
     </span>
     <span class='ocr_line' id='line_1_26' title="bbox 234 3192 1735 3277; baseline 0.001 -20"><span class='ocrx_word' id='word_1_240' title='bbox 234 3195 442 3275; x_wconf 82' lang='lat' dir='ltr'><strong><em>erubesceret,</em></strong></span> <span class='ocrx_word' id='word_1_241' title='bbox 465 3193 548 3273; x_wconf 90' lang='lat' dir='ltr'><strong><em>quod</em></strong></span> <span class='ocrx_word' id='word_1_242' title='bbox 571 3192 688 3275; x_wconf 84' lang='lat' dir='ltr'><strong><em>prefati</em></strong></span> <span class='ocrx_word' id='word_1_243' title='bbox 712 3194 798 3258; x_wconf 89' lang='lat' dir='ltr'><strong><em>cives</em></strong></span> <span class='ocrx_word' id='word_1_244' title='bbox 831 3195 934 3276; x_wconf 89' lang='lat' dir='ltr'><strong><em>ipsum</em></strong></span> <span class='ocrx_word' id='word_1_245' title='bbox 957 3199 992 3258; x_wconf 89' lang='lat' dir='ltr'><strong><em>et</em></strong></span> <span class='ocrx_word' id='word_1_246' title='bbox 1014 3193 1084 3258; x_wconf 90' lang='lat' dir='ltr'><strong><em>eius</em></strong></span> <span class='ocrx_word' id='word_1_247' title='bbox 1108 3211 1257 3258; x_wconf 89' lang='lat' dir='ltr'><strong><em>excessus</em></strong></span> <span class='ocrx_word' id='word_1_248' title='bbox 1287 3211 1350 3257; x_wconf 93' lang='lat' dir='ltr'><strong><em>non</em></strong></span> <span class='ocrx_word' id='word_1_249' title='bbox 1374 3199 1506 3275; x_wconf 90' lang='lat' dir='ltr'><strong><em>possent</em></strong></span> <span class='ocrx_word' id='word_1_250' title='bbox 1528 3194 1598 3259; x_wconf 89' lang='lat' dir='ltr'><strong><em>sine</em></strong></span> <span class='ocrx_word' id='word_1_251' title='bbox 1621 3214 1735 3277; x_wconf 79' lang='lat' dir='ltr'><strong><em>magno</em></strong></span> 
     </span>
     <span class='ocr_line' id='line_1_27' title="bbox 234 3297 1735 3381; baseline 0.001 -19"><span class='ocrx_word' id='word_1_252' title='bbox 234 3297 382 3363; x_wconf 87' lang='lat' dir='ltr'><strong><em>seandalo</em></strong></span> <span class='ocrx_word' id='word_1_253' title='bbox 399 3297 534 3379; x_wconf 88' lang='lat' dir='ltr'><strong><em>amplius</em></strong></span> <span class='ocrx_word' id='word_1_254' title='bbox 551 3297 698 3379; x_wconf 86' lang='lat' dir='ltr'><strong><em>tolerare,</em></strong></span> <span class='ocrx_word' id='word_1_255' title='bbox 718 3297 813 3363; x_wconf 88' lang='lat' dir='ltr'><strong><em>iidem</em></strong></span> <span class='ocrx_word' id='word_1_256' title='bbox 837 3297 997 3380; x_wconf 89' lang='lat' dir='ltr'><strong><em>Nicolaus,</em></strong></span> <span class='ocrx_word' id='word_1_257' title='bbox 1022 3304 1097 3362; x_wconf 92' lang='lat' dir='ltr'><strong><em>tune</em></strong></span> <span class='ocrx_word' id='word_1_258' title='bbox 1112 3297 1217 3379; x_wconf 86' lang='lat' dir='ltr'><strong><em>iudex,</em></strong></span> <span class='ocrx_word' id='word_1_259' title='bbox 1241 3304 1275 3361; x_wconf 91' lang='lat' dir='ltr'><strong><em>et</em></strong></span> <span class='ocrx_word' id='word_1_260' title='bbox 1298 3297 1353 3361; x_wconf 88' lang='lat' dir='ltr'><strong><em>alii</em></strong></span> <span class='ocrx_word' id='word_1_261' title='bbox 1376 3297 1472 3377; x_wconf 89' lang='lat' dir='ltr'><strong><em>cives,</em></strong></span> <span class='ocrx_word' id='word_1_262' title='bbox 1496 3303 1581 3380; x_wconf 91' lang='lat' dir='ltr'><strong><em>tunc,</em></strong></span> <span class='ocrx_word' id='word_1_263' title='bbox 1605 3305 1642 3364; x_wconf 93' lang='lat' dir='ltr'><strong><em>ut</em></strong></span> <span class='ocrx_word' id='word_1_264' title='bbox 1664 3318 1735 3381; x_wconf 91' lang='lat' dir='ltr'><strong><em>pre-</em></strong></span> 
     </span>
     <span class='ocr_line' id='line_1_28' title="bbox 234 3400 1735 3485; baseline 0.001 -19"><span class='ocrx_word' id='word_1_265' title='bbox 234 3400 345 3483; x_wconf 82' lang='lat' dir='ltr'><strong><em>fertur,</em></strong></span> <span class='ocrx_word' id='word_1_266' title='bbox 379 3401 501 3466; x_wconf 87' lang='lat' dir='ltr'><strong><em>scabini</em></strong></span> <span class='ocrx_word' id='word_1_267' title='bbox 536 3401 722 3483; x_wconf 86' lang='lat' dir='ltr'><strong><em>existentes,</em></strong></span> <span class='ocrx_word' id='word_1_268' title='bbox 759 3401 878 3466; x_wconf 91' lang='lat' dir='ltr'><strong><em>dietum</em></strong></span> <span class='ocrx_word' id='word_1_269' title='bbox 914 3404 1136 3485; x_wconf 88' lang='lat' dir='ltr'><strong><em>presbyterum</em></strong></span> <span class='ocrx_word' id='word_1_270' title='bbox 1171 3402 1241 3484; x_wconf 91' lang='lat' dir='ltr'><strong><em>capi</em></strong></span> <span class='ocrx_word' id='word_1_271' title='bbox 1276 3401 1421 3467; x_wconf 85' lang='lat' dir='ltr'><strong><em>fecerunt</em></strong></span> <span class='ocrx_word' id='word_1_272' title='bbox 1454 3408 1488 3467; x_wconf 92' lang='lat' dir='ltr'><strong><em>et</em></strong></span> <span class='ocrx_word' id='word_1_273' title='bbox 1521 3421 1593 3467; x_wconf 88' lang='lat' dir='ltr'><strong><em>eum</em></strong></span> <span class='ocrx_word' id='word_1_274' title='bbox 1616 3402 1649 3467; x_wconf 92' lang='lat' dir='ltr'><strong><em>in</em></strong></span> <span class='ocrx_word' id='word_1_275' title='bbox 1673 3423 1735 3469; x_wconf 90' lang='lat' dir='ltr'><strong><em>uno</em></strong></span> 
     </span>
     <span class='ocr_line' id='line_1_29' title="bbox 235 3505 1735 3588; baseline 0.001 -18"><span class='ocrx_word' id='word_1_276' title='bbox 235 3524 327 3570; x_wconf 88' lang='lat' dir='ltr'><strong><em>sacco</em></strong></span> <span class='ocrx_word' id='word_1_277' title='bbox 343 3506 417 3588; x_wconf 91' lang='lat' dir='ltr'><strong><em>poni</em></strong></span> <span class='ocrx_word' id='word_1_278' title='bbox 434 3511 469 3570; x_wconf 90' lang='lat' dir='ltr'><strong><em>et</em></strong></span> <span class='ocrx_word' id='word_1_279' title='bbox 483 3505 516 3569; x_wconf 92' lang='lat' dir='ltr'><strong><em>in</em></strong></span> <span class='ocrx_word' id='word_1_280' title='bbox 539 3524 652 3585; x_wconf 87' lang='lat' dir='ltr'><strong><em>aquam</em></strong></span> <span class='ocrx_word' id='word_1_281' title='bbox 676 3505 777 3588; x_wconf 91' lang='lat' dir='ltr'><strong><em>proici</em></strong></span> <span class='ocrx_word' id='word_1_282' title='bbox 800 3524 858 3588; x_wconf 88' lang='lat' dir='ltr'><strong><em>per</em></strong></span> <span class='ocrx_word' id='word_1_283' title='bbox 880 3524 969 3571; x_wconf 90' lang='lat' dir='ltr'><strong><em>suam</em></strong></span> <span class='ocrx_word' id='word_1_284' title='bbox 992 3506 1188 3571; x_wconf 89' lang='lat' dir='ltr'><strong><em>sentenciam</em></strong></span> <span class='ocrx_word' id='word_1_285' title='bbox 1222 3507 1433 3572; x_wconf 89' lang='lat' dir='ltr'><strong><em>decreverunt</em></strong></span> <span class='ocrx_word' id='word_1_286' title='bbox 1465 3513 1500 3571; x_wconf 89' lang='lat' dir='ltr'><strong><em>et</em></strong></span> <span class='ocrx_word' id='word_1_287' title='bbox 1522 3507 1622 3572; x_wconf 85' lang='lat' dir='ltr'><strong><em>eciam</em></strong></span> <span class='ocrx_word' id='word_1_288' title='bbox 1652 3505 1735 3572; x_wconf 89' lang='lat' dir='ltr'><strong><em>iece-</em></strong></span> 
     </span>
     <span class='ocr_line' id='line_1_30' title="bbox 235 3602 1736 3694; baseline 0.002 -21"><span class='ocrx_word' id='word_1_289' title='bbox 235 3616 318 3685; x_wconf 87' lang='lat' dir='ltr'><strong><em>runt,</em></strong></span> <span class='ocrx_word' id='word_1_290' title='bbox 344 3609 581 3691; x_wconf 90' lang='lat' dir='ltr'><strong><em>propterquod</em></strong></span> <span class='ocrx_word' id='word_1_291' title='bbox 604 3616 640 3674; x_wconf 93' lang='lat' dir='ltr'><strong><em>tu</em></strong></span> <span class='ocrx_word' id='word_1_292' title='bbox 662 3616 772 3675; x_wconf 89' lang='lat' dir='ltr'><strong><em>eontra</em></strong></span> <span class='ocrx_word' id='word_1_293' title='bbox 795 3610 898 3675; x_wconf 91' lang='lat' dir='ltr'><strong><em>dictos</em></strong></span> <span class='ocrx_word' id='word_1_294' title='bbox 921 3611 1007 3675; x_wconf 89' lang='lat' dir='ltr'><strong><em>cives</em></strong></span> <span class='ocrx_word' id='word_1_295' title='bbox 1030 3602 1216 3693; x_wconf 85' lang='lat' dir='ltr'><strong><em>procedens,</em></strong></span> <span class='ocrx_word' id='word_1_296' title='bbox 1239 3611 1410 3676; x_wconf 90' lang='lat' dir='ltr'><strong><em>declarasti</em></strong></span> <span class='ocrx_word' id='word_1_297' title='bbox 1432 3629 1488 3676; x_wconf 92' lang='lat' dir='ltr'><strong><em>eos</em></strong></span> <span class='ocrx_word' id='word_1_298' title='bbox 1511 3618 1641 3694; x_wconf 90' lang='lat' dir='ltr'><strong><em>propter</em></strong></span> <span class='ocrx_word' id='word_1_299' title='bbox 1664 3630 1736 3694; x_wconf 89' lang='lat' dir='ltr'><strong><em>pre·</em></strong></span> 
     </span>
     <span class='ocr_line' id='line_1_31' title="bbox 237 3714 1736 3799; baseline 0.001 -20"><span class='ocrx_word' id='word_1_300' title='bbox 237 3715 335 3779; x_wconf 89' lang='lat' dir='ltr'><strong><em>missa</em></strong></span> <span class='ocrx_word' id='word_1_301' title='bbox 358 3714 539 3778; x_wconf 89' lang='lat' dir='ltr'><strong><em>sentencias</em></strong></span> <span class='ocrx_word' id='word_1_302' title='bbox 563 3735 582 3776; x_wconf 89' lang='lat' dir='ltr'><strong><em>a</em></strong></span> <span class='ocrx_word' id='word_1_303' title='bbox 605 3725 725 3779; x_wconf 89' lang='lat' dir='ltr'><strong><em>canone</em></strong></span> <span class='ocrx_word' id='word_1_304' title='bbox 749 3715 831 3779; x_wconf 87' lang='lat' dir='ltr'><strong><em>latas</em></strong></span> <span class='ocrx_word' id='word_1_305' title='bbox 854 3720 888 3779; x_wconf 89' lang='lat' dir='ltr'><strong><em>et</em></strong></span> <span class='ocrx_word' id='word_1_306' title='bbox 911 3715 990 3780; x_wconf 90' lang='lat' dir='ltr'><strong><em>alias</em></strong></span> <span class='ocrx_word' id='word_1_307' title='bbox 1005 3733 1105 3798; x_wconf 89' lang='lat' dir='ltr'><strong><em>penas</em></strong></span> <span class='ocrx_word' id='word_1_308' title='bbox 1129 3715 1303 3780; x_wconf 89' lang='lat' dir='ltr'><strong><em>iucurrisse</em></strong></span> <span class='ocrx_word' id='word_1_309' title='bbox 1327 3715 1476 3798; x_wconf 88' lang='lat' dir='ltr'><strong><em>ipsosque</em></strong></span> <span class='ocrx_word' id='word_1_310' title='bbox 1500 3715 1617 3799; x_wconf 86' lang='lat' dir='ltr'><strong><em>tacisti,</em></strong></span> <span class='ocrx_word' id='word_1_311' title='bbox 1640 3722 1736 3799; x_wconf 89' lang='lat' dir='ltr'><strong><em>prout</em></strong></span> 
     </span>
     <span class='ocr_line' id='line_1_32' title="bbox 238 3817 1734 3902; baseline 0.003 -21"><span class='ocrx_word' id='word_1_312' title='bbox 238 3817 327 3899; x_wconf 85' lang='lat' dir='ltr'><strong><em>iacis,</em></strong></span> <span class='ocrx_word' id='word_1_313' title='bbox 352 3817 638 3883; x_wconf 84' lang='lat' dir='ltr'><strong><em>excommunicatos</em></strong></span> <span class='ocrx_word' id='word_1_314' title='bbox 671 3818 797 3900; x_wconf 91' lang='lat' dir='ltr'><strong><em>publice</em></strong></span> <span class='ocrx_word' id='word_1_315' title='bbox 831 3818 974 3883; x_wconf 89' lang='lat' dir='ltr'><strong><em>nunciari</em></strong></span> <span class='ocrx_word' id='word_1_316' title='bbox 1009 3825 1043 3883; x_wconf 88' lang='lat' dir='ltr'><strong><em>et</em></strong></span> <span class='ocrx_word' id='word_1_317' title='bbox 1077 3819 1158 3883; x_wconf 87' lang='lat' dir='ltr'><strong><em>alias</em></strong></span> <span class='ocrx_word' id='word_1_318' title='bbox 1181 3824 1291 3883; x_wconf 88' lang='lat' dir='ltr'><strong><em>eontra</em></strong></span> <span class='ocrx_word' id='word_1_319' title='bbox 1321 3837 1376 3884; x_wconf 90' lang='lat' dir='ltr'><strong><em>eos</em></strong></span> <span class='ocrx_word' id='word_1_320' title='bbox 1400 3820 1582 3884; x_wconf 87' lang='lat' dir='ltr'><strong><em>sentencias</em></strong></span> <span class='ocrx_word' id='word_1_321' title='bbox 1606 3825 1640 3884; x_wconf 88' lang='lat' dir='ltr'><strong><em>et</em></strong></span> <span class='ocrx_word' id='word_1_322' title='bbox 1662 3839 1734 3902; x_wconf 93' lang='lat' dir='ltr'><strong><em>pro·</em></strong></span> 
     </span>
     <span class='ocr_line' id='line_1_33' title="bbox 238 3922 1735 4007; baseline 0.002 -21"><span class='ocrx_word' id='word_1_323' title='bbox 238 3940 348 3986; x_wconf 89' lang='lat' dir='ltr'><strong><em>cessus</em></strong></span> <span class='ocrx_word' id='word_1_324' title='bbox 365 3922 545 3987; x_wconf 90' lang='lat' dir='ltr'><strong><em>huiusmodi</em></strong></span> <span class='ocrx_word' id='word_1_325' title='bbox 561 3922 782 4005; x_wconf 89' lang='lat' dir='ltr'><strong><em>multiplieiter</em></strong></span> <span class='ocrx_word' id='word_1_326' title='bbox 804 3923 993 4005; x_wconf 83' lang='lat' dir='ltr'><strong><em>aggravasti.</em></strong></span> <span class='ocrx_word' id='word_1_327' title='bbox 1012 3923 1116 3999; x_wconf 88' lang='lat' dir='ltr'><strong><em>Quare</em></strong></span> <span class='ocrx_word' id='word_1_328' title='bbox 1132 3942 1189 4005; x_wconf 94' lang='lat' dir='ltr'><strong><em>pro</em></strong></span> <span class='ocrx_word' id='word_1_329' title='bbox 1205 3929 1296 4005; x_wconf 87' lang='lat' dir='ltr'><strong><em>parte</em></strong></span> <span class='ocrx_word' id='word_1_330' title='bbox 1313 3923 1446 4006; x_wconf 90' lang='lat' dir='ltr'><strong><em>Nicolai,</em></strong></span> <span class='ocrx_word' id='word_1_331' title='bbox 1463 3923 1517 4004; x_wconf 92' lang='lat' dir='ltr'><strong><em>qui</em></strong></span> <span class='ocrx_word' id='word_1_332' title='bbox 1533 3943 1551 3988; x_wconf 97' lang='lat' dir='ltr'><strong><em>a</em></strong></span> <span class='ocrx_word' id='word_1_333' title='bbox 1566 3923 1735 4007; x_wconf 89' lang='lat' dir='ltr'><strong><em>iudicatus,</em></strong></span> 
     </span>
     <span class='ocr_line' id='line_1_34' title="bbox 235 4026 1736 4109; baseline 0.002 -18"><span class='ocrx_word' id='word_1_334' title='bbox 235 4033 269 4092; x_wconf 89' lang='lat' dir='ltr'><strong><em>et</em></strong></span> <span class='ocrx_word' id='word_1_335' title='bbox 291 4026 424 4090; x_wconf 88' lang='lat' dir='ltr'><strong><em>aliorum</em></strong></span> <span class='ocrx_word' id='word_1_336' title='bbox 460 4026 583 4099; x_wconf 87' lang='lat' dir='ltr'><strong><em>civium,</em></strong></span> <span class='ocrx_word' id='word_1_337' title='bbox 619 4027 671 4107; x_wconf 93' lang='lat' dir='ltr'><strong><em>qui</em></strong></span> <span class='ocrx_word' id='word_1_338' title='bbox 696 4048 715 4091; x_wconf 90' lang='lat' dir='ltr'><strong><em>a</em></strong></span> <span class='ocrx_word' id='word_1_339' title='bbox 737 4028 919 4093; x_wconf 89' lang='lat' dir='ltr'><strong><em>scabinatus</em></strong></span> <span class='ocrx_word' id='word_1_340' title='bbox 953 4027 1065 4092; x_wconf 84' lang='lat' dir='ltr'><strong><em>officiis</em></strong></span> <span class='ocrx_word' id='word_1_341' title='bbox 1089 4035 1164 4092; x_wconf 87' lang='lat' dir='ltr'><strong><em>sunt</em></strong></span> <span class='ocrx_word' id='word_1_342' title='bbox 1186 4027 1291 4106; x_wconf 78' lang='lat' dir='ltr'><strong><em>annoti,</em></strong></span> <span class='ocrx_word' id='word_1_343' title='bbox 1323 4027 1537 4109; x_wconf 89' lang='lat' dir='ltr'><strong><em>predictorum</em></strong></span> <span class='ocrx_word' id='word_1_344' title='bbox 1560 4029 1651 4094; x_wconf 92' lang='lat' dir='ltr'><strong><em>nobis</em></strong></span> <span class='ocrx_word' id='word_1_345' title='bbox 1674 4027 1736 4094; x_wconf 86' lang='lat' dir='ltr'><strong><em>fuit</em></strong></span> 
     </span>
     <span class='ocr_line' id='line_1_35' title="bbox 235 4129 1736 4214; baseline 0.002 -20"><span class='ocrx_word' id='word_1_346' title='bbox 235 4129 400 4194; x_wconf 90' lang='lat' dir='ltr'><strong><em>humiliter</em></strong></span> <span class='ocrx_word' id='word_1_347' title='bbox 433 4131 655 4213; x_wconf 88' lang='lat' dir='ltr'><strong><em>supplicatum,</em></strong></span> <span class='ocrx_word' id='word_1_348' title='bbox 692 4137 735 4211; x_wconf 92' lang='lat' dir='ltr'><strong><em>ut,</em></strong></span> <span class='ocrx_word' id='word_1_349' title='bbox 772 4150 841 4196; x_wconf 91' lang='lat' dir='ltr'><strong><em>eum</em></strong></span> <span class='ocrx_word' id='word_1_350' title='bbox 878 4132 940 4214; x_wconf 88' lang='lat' dir='ltr'><strong><em>ipsi</em></strong></span> <span class='ocrx_word' id='word_1_351' title='bbox 974 4149 1145 4212; x_wconf 85' lang='lat' dir='ltr'><strong><em>eorumque</em></strong></span> <span class='ocrx_word' id='word_1_352' title='bbox 1170 4132 1348 4197; x_wconf 87' lang='lat' dir='ltr'><strong><em>servientes</em></strong></span> <span class='ocrx_word' id='word_1_353' title='bbox 1372 4136 1406 4196; x_wconf 92' lang='lat' dir='ltr'><strong><em>et</em></strong></span> <span class='ocrx_word' id='word_1_354' title='bbox 1429 4132 1589 4196; x_wconf 88' lang='lat' dir='ltr'><strong><em>satellites</em></strong></span> <span class='ocrx_word' id='word_1_355' title='bbox 1612 4138 1647 4198; x_wconf 90' lang='lat' dir='ltr'><strong><em>et</em></strong></span> <span class='ocrx_word' id='word_1_356' title='bbox 1670 4133 1736 4211; x_wconf 83' lang='lat' dir='ltr'><strong><em>alii,</em></strong></span> 
     </span>
     <span class='ocr_line' id='line_1_36' title="bbox 237 4234 1736 4319; baseline 0.005 -23"><span class='ocrx_word' id='word_1_357' title='bbox 237 4234 289 4314; x_wconf 91' lang='lat' dir='ltr'><strong><em>qui</em></strong></span> <span class='ocrx_word' id='word_1_358' title='bbox 313 4234 484 4298; x_wconf 88' lang='lat' dir='ltr'><strong><em>eorundem</em></strong></span> <span class='ocrx_word' id='word_1_359' title='bbox 518 4235 766 4317; x_wconf 88' lang='lat' dir='ltr'><strong><em>supplicancium</em></strong></span> <span class='ocrx_word' id='word_1_360' title='bbox 802 4236 949 4301; x_wconf 86' lang='lat' dir='ltr'><strong><em>mandato</em></strong></span> <span class='ocrx_word' id='word_1_361' title='bbox 984 4254 1041 4300; x_wconf 88' lang='lat' dir='ltr'><strong><em>seu</em></strong></span> <span class='ocrx_word' id='word_1_362' title='bbox 1075 4235 1286 4316; x_wconf 78' lang='lat' dir='ltr'><strong><em>requisitione</em></strong></span> <span class='ocrx_word' id='word_1_363' title='bbox 1321 4253 1378 4300; x_wconf 90' lang='lat' dir='ltr'><strong><em>seu</em></strong></span> <span class='ocrx_word' id='word_1_364' title='bbox 1401 4235 1481 4300; x_wconf 86' lang='lat' dir='ltr'><strong><em>alias</em></strong></span> <span class='ocrx_word' id='word_1_365' title='bbox 1513 4236 1546 4300; x_wconf 94' lang='lat' dir='ltr'><strong><em>in</em></strong></span> <span class='ocrx_word' id='word_1_366' title='bbox 1569 4237 1736 4319; x_wconf 87' lang='lat' dir='ltr'><strong><em>premissis</em></strong></span> 
     </span>
     <span class='ocr_line' id='line_1_37' title="bbox 237 4337 1737 4424; baseline 0.002 -21"><span class='ocrx_word' id='word_1_367' title='bbox 237 4337 420 4403; x_wconf 88' lang='lat' dir='ltr'><strong><em>excessibus</em></strong></span> <span class='ocrx_word' id='word_1_368' title='bbox 444 4337 610 4403; x_wconf 88' lang='lat' dir='ltr'><strong><em>dedissent</em></strong></span> <span class='ocrx_word' id='word_1_369' title='bbox 625 4358 753 4420; x_wconf 87' lang='lat' dir='ltr'><strong><em>operam</em></strong></span> <span class='ocrx_word' id='word_1_370' title='bbox 770 4358 805 4403; x_wconf 90' lang='lat' dir='ltr'><strong><em>ac</em></strong></span> <span class='ocrx_word' id='word_1_371' title='bbox 822 4340 982 4421; x_wconf 86' lang='lat' dir='ltr'><strong><em>auxilium,</em></strong></span> <span class='ocrx_word' id='word_1_372' title='bbox 1006 4339 1169 4404; x_wconf 92' lang='lat' dir='ltr'><strong><em>eonsilium</em></strong></span> <span class='ocrx_word' id='word_1_373' title='bbox 1192 4340 1244 4403; x_wconf 90' lang='lat' dir='ltr'><strong><em>vel</em></strong></span> <span class='ocrx_word' id='word_1_374' title='bbox 1266 4338 1415 4423; x_wconf 83' lang='lat' dir='ltr'><strong><em>favorem,</em></strong></span> <span class='ocrx_word' id='word_1_375' title='bbox 1438 4347 1569 4422; x_wconf 90' lang='lat' dir='ltr'><strong><em>propter</em></strong></span> <span class='ocrx_word' id='word_1_376' title='bbox 1591 4360 1737 4424; x_wconf 90' lang='lat' dir='ltr'><strong><em>magnam</em></strong></span> 
     </span>
     <span class='ocr_line' id='line_1_38' title="bbox 236 4442 1736 4525; baseline 0.003 -19"><span class='ocrx_word' id='word_1_377' title='bbox 236 4443 294 4507; x_wconf 90' lang='lat' dir='ltr'><strong><em>loci</em></strong></span> <span class='ocrx_word' id='word_1_378' title='bbox 321 4442 506 4508; x_wconf 85' lang='lat' dir='ltr'><strong><em>distansiam</em></strong></span> <span class='ocrx_word' id='word_1_379' title='bbox 541 4450 574 4508; x_wconf 93' lang='lat' dir='ltr'><strong><em>et</em></strong></span> <span class='ocrx_word' id='word_1_380' title='bbox 597 4443 716 4507; x_wconf 89' lang='lat' dir='ltr'><strong><em>viarum</em></strong></span> <span class='ocrx_word' id='word_1_381' title='bbox 752 4443 931 4509; x_wconf 89' lang='lat' dir='ltr'><strong><em>discrimina</em></strong></span> <span class='ocrx_word' id='word_1_382' title='bbox 966 4444 1075 4509; x_wconf 89' lang='lat' dir='ltr'><strong><em>sedem</em></strong></span> <span class='ocrx_word' id='word_1_383' title='bbox 1099 4444 1304 4525; x_wconf 89' lang='lat' dir='ltr'><strong><em>apostolicam</em></strong></span> <span class='ocrx_word' id='word_1_384' title='bbox 1335 4445 1496 4509; x_wconf 90' lang='lat' dir='ltr'><strong><em>commode</em></strong></span> <span class='ocrx_word' id='word_1_385' title='bbox 1520 4445 1651 4511; x_wconf 84' lang='lat' dir='ltr'><strong><em>visitare</em></strong></span> <span class='ocrx_word' id='word_1_386' title='bbox 1674 4465 1736 4512; x_wconf 92' lang='lat' dir='ltr'><strong><em>non</em></strong></span> 
     </span>
     <span class='ocr_line' id='line_1_39' title="bbox 237 4547 1737 4633; baseline 0.003 -21"><span class='ocrx_word' id='word_1_387' title='bbox 237 4547 369 4629; x_wconf 88' lang='lat' dir='ltr'><strong><em>possint,</em></strong></span> <span class='ocrx_word' id='word_1_388' title='bbox 405 4547 432 4611; x_wconf 92' lang='lat' dir='ltr'><strong><em>si</em></strong></span> <span class='ocrx_word' id='word_1_389' title='bbox 456 4565 494 4610; x_wconf 89' lang='lat' dir='ltr'><strong><em>ex</em></strong></span> <span class='ocrx_word' id='word_1_390' title='bbox 519 4547 590 4629; x_wconf 88' lang='lat' dir='ltr'><strong><em>hiis,</em></strong></span> <span class='ocrx_word' id='word_1_391' title='bbox 613 4548 675 4611; x_wconf 91' lang='lat' dir='ltr'><strong><em>nisi</em></strong></span> <span class='ocrx_word' id='word_1_392' title='bbox 698 4567 757 4631; x_wconf 90' lang='lat' dir='ltr'><strong><em>per</em></strong></span> <span class='ocrx_word' id='word_1_393' title='bbox 787 4567 844 4613; x_wconf 92' lang='lat' dir='ltr'><strong><em>uos</em></strong></span> <span class='ocrx_word' id='word_1_394' title='bbox 867 4548 1089 4630; x_wconf 85' lang='lat' dir='ltr'><strong><em>provideretur</em></strong></span> <span class='ocrx_word' id='word_1_395' title='bbox 1112 4549 1151 4612; x_wconf 90' lang='lat' dir='ltr'><strong><em>de</em></strong></span> <span class='ocrx_word' id='word_1_396' title='bbox 1175 4549 1315 4613; x_wconf 91' lang='lat' dir='ltr'><strong><em>remedio</em></strong></span> <span class='ocrx_word' id='word_1_397' title='bbox 1339 4555 1504 4632; x_wconf 89' lang='lat' dir='ltr'><strong><em>oportuno,</em></strong></span> <span class='ocrx_word' id='word_1_398' title='bbox 1527 4568 1642 4632; x_wconf 89' lang='lat' dir='ltr'><strong><em>magna</em></strong></span> <span class='ocrx_word' id='word_1_399' title='bbox 1664 4569 1737 4633; x_wconf 90' lang='lat' dir='ltr'><strong><em>pos·</em></strong></span> 
     </span>
    </p>
   </div>
   <div class='ocr_carea' id='block_1_5' title="bbox 137 4646 1737 4737">
    <p class='ocr_par' dir='ltr' id='par_1_7' title="bbox 137 4646 1737 4737">
     <span class='ocr_line' id='line_1_40' title="bbox 137 4646 1737 4737; baseline 0.003 -22"><span class='ocrx_word' id='word_1_400' title='bbox 137 4661 139 4664; x_wconf 74' lang='grc'>’</span> <span class='ocrx_word' id='word_1_401' title='bbox 237 4658 310 4715; x_wconf 89' lang='lat' dir='ltr'><strong><em>seut</em></strong></span> <span class='ocrx_word' id='word_1_402' title='bbox 333 4652 417 4715; x_wconf 89' lang='lat' dir='ltr'><strong><em>inter</em></strong></span> <span class='ocrx_word' id='word_1_403' title='bbox 440 4653 558 4716; x_wconf 85' lang='lat' dir='ltr'><strong><em>elemuu</em></strong></span> <span class='ocrx_word' id='word_1_404' title='bbox 583 4657 616 4715; x_wconf 92' lang='lat' dir='ltr'><strong><em>et</em></strong></span> <span class='ocrx_word' id='word_1_405' title='bbox 640 4653 790 4735; x_wconf 93' lang='lat' dir='ltr'><strong><em>populum</em></strong></span> <span class='ocrx_word' id='word_1_406' title='bbox 814 4646 899 4717; x_wconf 89' lang='lat' dir='ltr'><strong><em>dicte</em></strong></span> <span class='ocrx_word' id='word_1_407' title='bbox 923 4651 1063 4717; x_wconf 89' lang='lat' dir='ltr'><strong><em>civitatis</em></strong></span> <span class='ocrx_word' id='word_1_408' title='bbox 1085 4652 1255 4734; x_wconf 85' lang='lat' dir='ltr'><strong><em>Pragensis</em></strong></span> <span class='ocrx_word' id='word_1_409' title='bbox 1279 4653 1428 4718; x_wconf 89' lang='lat' dir='ltr'><strong><em>scandala</em></strong></span> <span class='ocrx_word' id='word_1_410' title='bbox 1451 4652 1609 4727; x_wconf 89' lang='lat' dir='ltr'><strong><em>suscitari,</em></strong></span> <span class='ocrx_word' id='word_1_411' title='bbox 1633 4655 1737 4737; x_wconf 90' lang='lat' dir='ltr'><strong><em>provi·</em></strong></span> 
     </span>
    </p>
   </div>
   <div class='ocr_carea' id='block_1_6' title="bbox 237 4755 1738 5362">
    <p class='ocr_par' dir='ltr' id='par_1_8' title="bbox 237 4755 1738 5362">
     <span class='ocr_line' id='line_1_41' title="bbox 239 4755 1738 4841; baseline 0.003 -21"><span class='ocrx_word' id='word_1_412' title='bbox 239 4757 315 4820; x_wconf 88' lang='lat' dir='ltr'><strong><em>dere</em></strong></span> <span class='ocrx_word' id='word_1_413' title='bbox 339 4756 386 4820; x_wconf 89' lang='lat' dir='ltr'><strong><em>eis</em></strong></span> <span class='ocrx_word' id='word_1_414' title='bbox 410 4757 449 4819; x_wconf 87' lang='lat' dir='ltr'><strong><em>de</em></strong></span> <span class='ocrx_word' id='word_1_415' title='bbox 473 4756 684 4821; x_wconf 90' lang='lat' dir='ltr'><strong><em>absolucionis</em></strong></span> <span class='ocrx_word' id='word_1_416' title='bbox 708 4755 860 4821; x_wconf 86' lang='lat' dir='ltr'><strong><em>beneficio</em></strong></span> <span class='ocrx_word' id='word_1_417' title='bbox 884 4776 903 4820; x_wconf 88' lang='lat' dir='ltr'><strong><em>a</em></strong></span> <span class='ocrx_word' id='word_1_418' title='bbox 926 4756 1079 4839; x_wconf 87' lang='lat' dir='ltr'><strong><em>predictis</em></strong></span> <span class='ocrx_word' id='word_1_419' title='bbox 1103 4757 1275 4821; x_wconf 89' lang='lat' dir='ltr'><strong><em>sentenciis</em></strong></span> <span class='ocrx_word' id='word_1_420' title='bbox 1309 4762 1343 4821; x_wconf 91' lang='lat' dir='ltr'><strong><em>et</em></strong></span> <span class='ocrx_word' id='word_1_421' title='bbox 1364 4757 1464 4840; x_wconf 89' lang='lat' dir='ltr'><strong><em>penis,</em></strong></span> <span class='ocrx_word' id='word_1_422' title='bbox 1499 4775 1576 4838; x_wconf 91' lang='lat' dir='ltr'><strong><em>quas</em></strong></span> <span class='ocrx_word' id='word_1_423' title='bbox 1606 4765 1738 4841; x_wconf 88' lang='lat' dir='ltr'><strong><em>propter</em></strong></span> 
     </span>
     <span class='ocr_line' id='line_1_42' title="bbox 238 4858 1736 4944; baseline 0.003 -21"><span class='ocrx_word' id='word_1_424' title='bbox 238 4858 393 4942; x_wconf 88' lang='lat' dir='ltr'><strong><em>premissa</em></strong></span> <span class='ocrx_word' id='word_1_425' title='bbox 426 4860 636 4938; x_wconf 87' lang='lat' dir='ltr'><strong><em>incurrerunt,</em></strong></span> <span class='ocrx_word' id='word_1_426' title='bbox 672 4861 711 4924; x_wconf 87' lang='lat' dir='ltr'><strong><em>de</em></strong></span> <span class='ocrx_word' id='word_1_427' title='bbox 735 4861 933 4942; x_wconf 87' lang='lat' dir='ltr'><strong><em>benignitate</em></strong></span> <span class='ocrx_word' id='word_1_428' title='bbox 969 4860 1144 4942; x_wconf 89' lang='lat' dir='ltr'><strong><em>apostolica</em></strong></span> <span class='ocrx_word' id='word_1_429' title='bbox 1180 4860 1390 4942; x_wconf 89' lang='lat' dir='ltr'><strong><em>dignaremur.</em></strong></span> <span class='ocrx_word' id='word_1_430' title='bbox 1427 4861 1493 4927; x_wconf 92' lang='lat' dir='ltr'><strong><em>Nos</em></strong></span> <span class='ocrx_word' id='word_1_431' title='bbox 1526 4861 1652 4944; x_wconf 90' lang='lat' dir='ltr'><strong><em>igitur.</em></strong></span> <span class='ocrx_word' id='word_1_432' title='bbox 1675 4913 1682 4926; x_wconf 94' lang='lat'>.</span> <span class='ocrx_word' id='word_1_433' title='bbox 1702 4914 1736 4928; x_wconf 93' lang='lat'><strong><em>..</em></strong></span> 
     </span>
     <span class='ocr_line' id='line_1_43' title="bbox 237 4964 1737 5048; baseline 0.001 -19"><span class='ocrx_word' id='word_1_434' title='bbox 237 4965 377 5047; x_wconf 89' lang='lat' dir='ltr'><strong><em>ipsorum</em></strong></span> <span class='ocrx_word' id='word_1_435' title='bbox 414 4964 528 5028; x_wconf 87' lang='lat' dir='ltr'><strong><em>civium</em></strong></span> <span class='ocrx_word' id='word_1_436' title='bbox 561 4964 594 5027; x_wconf 93' lang='lat' dir='ltr'><strong><em>in</em></strong></span> <span class='ocrx_word' id='word_1_437' title='bbox 618 4964 677 5028; x_wconf 90' lang='lat' dir='ltr'><strong><em>bae</em></strong></span> <span class='ocrx_word' id='word_1_438' title='bbox 710 4971 801 5046; x_wconf 90' lang='lat' dir='ltr'><strong><em>parte</em></strong></span> <span class='ocrx_word' id='word_1_439' title='bbox 840 4965 1127 5048; x_wconf 91' lang='lat' dir='ltr'><strong><em>supplicaciouibus</em></strong></span> <span class='ocrx_word' id='word_1_440' title='bbox 1151 4965 1304 5047; x_wconf 90' lang='lat' dir='ltr'><strong><em>inclinati,</em></strong></span> <span class='ocrx_word' id='word_1_441' title='bbox 1336 4966 1374 5029; x_wconf 89' lang='lat' dir='ltr'><strong><em>de</em></strong></span> <span class='ocrx_word' id='word_1_442' title='bbox 1398 4965 1602 5031; x_wconf 86' lang='lat' dir='ltr'><strong><em>fraternitate</em></strong></span> <span class='ocrx_word' id='word_1_443' title='bbox 1625 4973 1682 5031; x_wconf 89' lang='lat' dir='ltr'><strong><em>tua</em></strong></span> <span class='ocrx_word' id='word_1_444' title='bbox 1705 4967 1737 5031; x_wconf 93' lang='lat' dir='ltr'><strong><em>in</em></strong></span> 
     </span>
     <span class='ocr_line' id='line_1_44' title="bbox 237 5068 1737 5153; baseline 0.003 -21"><span class='ocrx_word' id='word_1_445' title='bbox 237 5068 300 5132; x_wconf 89' lang='lat' dir='ltr'><strong><em>hiis</em></strong></span> <span class='ocrx_word' id='word_1_446' title='bbox 324 5074 357 5133; x_wconf 92' lang='lat' dir='ltr'><strong><em>et</em></strong></span> <span class='ocrx_word' id='word_1_447' title='bbox 381 5068 452 5131; x_wconf 88' lang='lat' dir='ltr'><strong><em>aliis</em></strong></span> <span class='ocrx_word' id='word_1_448' title='bbox 475 5068 645 5149; x_wconf 89' lang='lat' dir='ltr'><strong><em>specialem</em></strong></span> <span class='ocrx_word' id='word_1_449' title='bbox 670 5071 701 5132; x_wconf 90' lang='lat' dir='ltr'><strong><em>in</em></strong></span> <span class='ocrx_word' id='word_1_450' title='bbox 725 5069 851 5134; x_wconf 86' lang='lat' dir='ltr'><strong><em>domino</em></strong></span> <span class='ocrx_word' id='word_1_451' title='bbox 875 5069 1021 5148; x_wconf 86' lang='lat' dir='ltr'><strong><em>fiduciam</em></strong></span> <span class='ocrx_word' id='word_1_452' title='bbox 1052 5068 1244 5151; x_wconf 70' lang='lat' dir='ltr'><strong><em>obtinentes</em></strong></span> <span class='ocrx_word' id='word_1_453' title='bbox 1276 5070 1460 5134; x_wconf 88' lang='lat' dir='ltr'><strong><em>absolvendi</em></strong></span> <span class='ocrx_word' id='word_1_454' title='bbox 1494 5071 1659 5153; x_wconf 90' lang='lat' dir='ltr'><strong><em>predictos</em></strong></span> <span class='ocrx_word' id='word_1_455' title='bbox 1682 5070 1737 5136; x_wconf 89' lang='lat' dir='ltr'><strong><em>Ni·</em></strong></span> 
     </span>
     <span class='ocr_line' id='line_1_45' title="bbox 239 5172 1738 5256; baseline 0.003 -19"><span class='ocrx_word' id='word_1_456' title='bbox 239 5173 360 5237; x_wconf 87' lang='lat' dir='ltr'><strong><em>colaum</em></strong></span> <span class='ocrx_word' id='word_1_457' title='bbox 383 5178 417 5235; x_wconf 88' lang='lat' dir='ltr'><strong><em>et</em></strong></span> <span class='ocrx_word' id='word_1_458' title='bbox 439 5172 518 5237; x_wconf 91' lang='lat' dir='ltr'><strong><em>alios</em></strong></span> <span class='ocrx_word' id='word_1_459' title='bbox 542 5173 627 5237; x_wconf 89' lang='lat' dir='ltr'><strong><em>cives</em></strong></span> <span class='ocrx_word' id='word_1_460' title='bbox 651 5192 686 5237; x_wconf 88' lang='lat' dir='ltr'><strong><em>ac</em></strong></span> <span class='ocrx_word' id='word_1_461' title='bbox 710 5173 888 5238; x_wconf 90' lang='lat' dir='ltr'><strong><em>servientes</em></strong></span> <span class='ocrx_word' id='word_1_462' title='bbox 911 5179 944 5238; x_wconf 90' lang='lat' dir='ltr'><strong><em>et</em></strong></span> <span class='ocrx_word' id='word_1_463' title='bbox 967 5174 1127 5238; x_wconf 92' lang='lat' dir='ltr'><strong><em>satellites</em></strong></span> <span class='ocrx_word' id='word_1_464' title='bbox 1157 5179 1191 5237; x_wconf 92' lang='lat' dir='ltr'><strong><em>et</em></strong></span> <span class='ocrx_word' id='word_1_465' title='bbox 1214 5172 1295 5238; x_wconf 90' lang='lat' dir='ltr'><strong><em>alios</em></strong></span> <span class='ocrx_word' id='word_1_466' title='bbox 1319 5174 1495 5256; x_wconf 87' lang='lat' dir='ltr'><strong><em>culpabiles</em></strong></span> <span class='ocrx_word' id='word_1_467' title='bbox 1519 5174 1551 5238; x_wconf 90' lang='lat' dir='ltr'><strong><em>in</em></strong></span> <span class='ocrx_word' id='word_1_468' title='bbox 1574 5176 1738 5256; x_wconf 88' lang='lat' dir='ltr'><strong><em>premissis</em></strong></span> 
     </span>
     <span class='ocr_line' id='line_1_46' title="bbox 239 5277 1738 5362; baseline 0.003 -22"><span class='ocrx_word' id='word_1_469' title='bbox 239 5277 429 5341; x_wconf 84' lang='lat' dir='ltr'><strong><em>auctoritate</em></strong></span> <span class='ocrx_word' id='word_1_470' title='bbox 464 5277 639 5359; x_wconf 87' lang='lat' dir='ltr'><strong><em>apostolica</em></strong></span> <span class='ocrx_word' id='word_1_471' title='bbox 672 5297 690 5341; x_wconf 87' lang='lat' dir='ltr'><strong><em>a</em></strong></span> <span class='ocrx_word' id='word_1_472' title='bbox 714 5278 908 5358; x_wconf 90' lang='lat' dir='ltr'><strong><em>quibuslibet</em></strong></span> <span class='ocrx_word' id='word_1_473' title='bbox 942 5279 1180 5354; x_wconf 74' lang='lat' dir='ltr'><strong><em>sentenciiset</em></strong></span> <span class='ocrx_word' id='word_1_474' title='bbox 1202 5278 1302 5360; x_wconf 90' lang='lat' dir='ltr'><strong><em>penis.</em></strong></span> <span class='ocrx_word' id='word_1_475' title='bbox 1327 5296 1405 5359; x_wconf 88' lang='lat' dir='ltr'><strong><em>quas</em></strong></span> <span class='ocrx_word' id='word_1_476' title='bbox 1428 5284 1559 5361; x_wconf 86' lang='lat' dir='ltr'><strong><em>propter</em></strong></span> <span class='ocrx_word' id='word_1_477' title='bbox 1582 5281 1738 5362; x_wconf 88' lang='lat' dir='ltr'><strong><em>premissa</em></strong></span> 
     </span>
    </p>
   </div>
   <div class='ocr_carea' id='block_1_7' title="bbox 0 0 1987 6052">
    <p class='ocr_par' dir='ltr' id='par_1_9' title="bbox 0 0 1987 6052">
     <span class='ocr_line' id='line_1_47' title="bbox 0 0 1987 6052; baseline 0 0"><span class='ocrx_word' id='word_1_478' title='bbox 0 0 1987 6052; x_wconf 95' lang='lat' dir='ltr'><strong><em> </em></strong></span> 
     </span>
    </p>
   </div>
  </div>
 </body>
</html>
