3944 6060
231 395 294 472 328
837 394 908 458 heta
925 400 1077 459 [inocentii
1095 395 1140 460 VI.
1165 405 1169 411 “

129 625 132 632 “
232 614 326 681 836.
374 611 505 678 Nicotoo
528 612 608 677 dioto
636 615 751 696 lyatyr
773 613 854 677 laico
877 619 907 677 et
942 615 1141 698 uersabat-t
1164 616 1231 678 eins
1253 616 1347 679 mort
1376 613 1637 680 Vrotistooiensis
1660 608 1738 678 dioc.

231 717 419 799 indoleam,
442 721 477 781 nt
501 722 662 799 confessor
683 740 789 783 eornm
810 719 941 802 plenam
974 720 1112 785 oninium
1142 706 1340 800 peccatoram
1363 721 1579 786 remissionem
1601 721 1648 784 cis
1670 738 1740 783 con-

398 821 503 886 cedere
522 823 633 904 possit.
671 823 854 903 „Provenit“
884 824 1060 904 ,‚Aninione
1082 824 1145 888 aa.
1172 824 1362 906 Septembris
1385 848 1415 890 a.
1439 827 1556 890 seato'.

1147 963 1309 1046 Acinione,
1344 964 1427 1029 1358
1449 963 1642 1071 Septernbris
1671 965 1696 1028 1.

359 1147 390 1200 R.
410 1151 457 1199 Av.
480 1154 528 1200 138
548 1147 594 1200 iol.
613 1149 682 1212 818,
702 1148 734 1201 R.
755 1148 815 1202 Vnt.
834 1153 885 1202 238
903 1149 949 1203 iol.
970 1157 1028 1204 als.
1052 1181 1076 1189 -
1107 1155 1130 1218 ι)
1150 1151 1311 1217 ,Elisabeth‘
1329 1155 1379 1205 Aa.

231 1550 320 1615 336.
358 1549 503 1616 Jobanni
538 1549 691 1613 Hodierni
713 1553 875 1628 confertur
893 1551 1092 1632 parochialis
1125 1551 1251 1616 ecclesia
1284 1552 1322 1615 de
1353 1552 1527 1635 Vtermee)
1554 1552 1742 1618 Clarornon·

230 1655 328 1717 tensis
350 1654 438 1732 dico,
464 1674 559 1737 qnam
581 1655 650 1737 ipse
667 1673 729 1735 pro
752 1652 816 1718 alio
839 1653 982 1735 beneficio
1001 1657 1203 1737 permutavit.
1221 1656 1417 1735 „Apostolice
1431 1656 1532 1721 sedis‘
1565 1657 1742 1734 „Aninione

232 1758 394 1821 illinon.
419 1757 609 1840 Septembris
632 1779 662 1821 a.
686 1761 803 1821 serto.“
851 1793 893 1802 -
942 1760 985 1821 In.
1011 1780 1036 1823 e.
1061 1778 1101 1821 m.
1132 1758 1241 1823 abbati
1263 1760 1450 1823 monostemi
1471 1781 1497 1824 s.
1523 1759 1628 1824 Etidii
1650 1765 1742 1825 extro

230 1880 336 1924 monos
358 1859 632 1925 Ctaromontenses
655 1866 684 1924 et
707 1860 928 1924 archidiacono
941 1860 1085 1925 ecclesiae
1099 1863 1270 1943 Propensis
1283 1884 1321 1928 ac
1332 1862 1464 1948 officiati
1477 1861 1741 1928 Cloromontensi.

261 1987 403 2085 j}
1157 2018 1317 2095 Aninione,
1343 2020 1427 2083 1358
1451 2018 1645 2101 Septembris
1668 2019 1699 2082 2.

359 2206 390 2259 R.
410 2208 458 2258 Av.
480 2211 530 2258 138
548 2205 595 2258 fot.
615 2213 674 2261 571.
698 2238 722 2246 -
741 2214 765 2271 ι)
784 2206 935 2275 ,vincellis‘
954 2209 1002 2259 Ar.

236 2590 326 2656 837.
349 2590 513 2655 Jobonnes
535 2589 571 2652 dc
594 2589 780 2653 Lntbomnst
802 2589 973 2672 supplicat,
996 2595 1149 2673 quatenns
1172 2590 1266 2653 Petro
1288 2588 1412 2654 Jenbini
1433 2589 1471 2652 dc
1489 2589 1691 2654 Lanterbacb
1708 2591 1747 2653 dc

394 2692 580 2776 parochiali
602 2693 729 2758 ecelesia
754 2694 788 2758 in
812 2693 984 2758 Nensiedel
1010 2693 1220 2757 Otomncensis
1244 2691 1321 2759 dioc.
1343 2693 1558 2775 provideatur.

1157 2831 1319 2915 domnione,
1344 2833 1429 2897 1358
1451 2830 1644 2915 Septembris
1665 2836 1700 2897 4.

365 3022 528 3105 Supplicat
551 3022 591 3088 gn
620 3024 672 3087 Vre
695 3025 829 3088 devotus
853 3030 960 3088 vester
983 3023 1145 3087 iohannes
1178 3023 1218 3088 de
1242 3022 1450 3087 Lnohoransel
1474 3022 1617 3086 uomrius
1641 3023 1744 3105 impe·

236 3126 360 3199 catoris,
385 3127 518 3191 nuncius
542 3128 713 3192 adsedem
737 3128 944 3209 apostolicam
968 3127 1158 3201 destinatus,
1186 3133 1344 3208 quatenus
1368 3126 1427 3189 sibi
1443 3126 1476 3188 in
1495 3143 1665 3207 personam
1698 3127 1745 3191 di-

235 3231 310 3295 lecti
334 3231 382 3293 sni
407 3232 632 3313 consanguinei
663 3232 750 3296 Petri
773 3231 893 3296 tenlini
925 3232 965 3295 de
987 3230 1185 3295 Luchirbach
1217 3229 1324 3294 clerici
1355 3229 1636 3294 Luchomuslensis
1661 3231 1743 3295 dioc.

236 3335 406 3414 specialem
441 3336 577 3416 graciam
610 3336 770 3415 iacientes,
813 3335 852 3398 de
883 3335 1072 3416 parrochiali
1104 3334 1240 3398 ecclesia
1271 3335 1302 3397 in
1334 3333 1486 3397 Neusidel
1521 3331 1745 3400 Olomuoensis

238 3439 317 3504 clioc.
342 3446 474 3504 vacante
498 3459 555 3521 per
578 3440 710 3504 liberam
734 3439 984 3521 resignaciouem
997 3439 1075 3502 dieti
1091 3437 1245 3502 iohannis
1261 3438 1293 3501 in
1310 3438 1454 3502 manibus
1474 3486 1480 3499 .
1501 3489 1506 3501 .
1529 3487 1534 3498 .
1555 3486 1561 3500 .
1586 3435 1744 3520 Stephani

237 3543 468 3625 archiepiscopi
484 3543 706 3618 Tholosanani,
723 3542 888 3606 carrrerarii
904 3543 1012 3619 vestri,
1030 3542 1145 3606 iactam
1170 3549 1203 3605 et
1226 3541 1405 3620 admissam,
1429 3541 1602 3622 dignemini
1621 3541 1740 3626 [eidem

236 3647 330 3711 Petro
354 3646 534 3730 providere]
569 3666 638 3711 curn
662 3647 806 3711 omnibus
837 3664 899 3710 non
923 3646 1126 3711 obstantibus
1149 3652 1184 3710 et
1207 3644 1358 3709 clausulis
1381 3645 1545 3726 oportunis
1569 3663 1605 3709 ac
1629 3664 1743 3712 execu-

237 3750 370 3815 toribus.
1126 3757 1130 3764 “

368 4114 419 4196 [n.
444 4113 599 4178 Auiuione
623 4113 654 4176 II
678 4132 751 4176 non.
777 4111 973 4193 Septembris
997 4131 1024 4174 a.
1049 4111 1199 4194 sexto].·)

367 4320 398 4372 R.
418 4320 514 4388 Suppl.
533 4326 565 4372 29
577 4320 622 4372 iol.
639 4316 706 4373 260⁴.
730 4350 757 4358 -
780 4322 804 4384 ²)
823 4320 985 4388 Suppletum
1005 4333 1038 4371 ex
1057 4335 1096 4371 nr.
1117 4323 1174 4370 838.

240 4721 330 4786 838.
355 4723 447 4783 Petro
469 4720 592 4787 Jenlini
614 4722 651 4784 de
676 4720 872 4784 Lanterbacb
894 4723 1056 4798 confertur
1075 4719 1275 4800 parochialis
1290 4719 1418 4784 ccclesia
1434 4720 1467 4783 in
1490 4720 1672 4786 Neusiedet.

332 4918 336 4965 Ι
360 4877 393 4956 l
677 4884 678 4887 ’
1166 4875 1325 4952 liciniano,
1350 4875 1435 4939 1358
1458 4873 1650 4957 Septembris
1673 4880 1710 4941 4.

296 4982 414 5032 aar.

372 5105 409 5166 1).
432 5102 452 5167 l.
478 5104 572 5167 Petro
595 5102 714 5166 Jenlini
739 5103 777 5165 de
802 5101 999 5165 Luclrirbach
1023 5101 1139 5165 rectori
1163 5100 1370 5182 parrochialis
1386 5099 1520 5164 ecclesie
1543 5099 1576 5163 iu
1591 5099 1756 5167 Nausidel

243 5207 462 5271 (domucensis
486 5208 565 5270 alioc.
590 5206 800 5295 salutemetc.
824 5206 1011 5270 laudabilia
1034 5206 1202 5286 probitatis
1221 5258 1228 5271 .
1308 5198 1390 5269 Cum*
1408 5205 1516 5285 itaque
1540 5204 1756 5284 parrochialis

240 5311 375 5375 ecclesia
415 5311 445 5375 in
478 5311 630 5375 Neusidel
669 5309 887 5374 Olomucensis
926 5311 1015 5391 dioc,
1047 5330 1139 5390 otram
1269 5309 1451 5374 ..Iohannes
1474 5310 1514 5374 de
1537 5307 1755 5378 Lutbomusel
