3944 6060
213 462 276 536 118
812 465 883 523 Acta
901 460 1056 522 innocentii
1074 460 1120 522 Vi.

211 677 303 743 283.
328 677 490 743 Joliauaes
512 676 671 741 iohannis
700 677 737 741 de
765 678 858 742 Udim
880 677 1049 761 supplicat,
1087 681 1241 759 quatenus
1263 677 1327 742 sibi
1359 677 1555 760 parochialis
1583 676 1716 744 ecclesia

773 783 806 844 iu
830 780 957 863 lalaoia
978 787 1161 846 reservetur.

1154 921 1318 999 Aaiuioue
1344 923 1429 985 1354
1453 919 1594 985 Oclolris
1616 921 1669 985 26.

197 1112 202 1123 ’
261 1187 262 1190 ¹
339 1109 504 1193 Supplicat
527 1109 567 1175 Sti
612 1110 667 1174 Vre
703 1109 804 1174 irater
825 1110 987 1175 lohannes
1009 1111 1163 1178 iohannis
1187 1112 1226 1176 de
1241 1111 1343 1193 dem
1366 1106 1535 1175 canonicus
1555 1116 1715 1176 monaste-

208 1215 251 1279 rii
274 1215 459 1280 Milocensis
494 1214 799 1280 Premonstratensis
822 1214 942 1279 ordinis
975 1215 1145 1298 Pragensis
1185 1215 1274 1295 dioc,
1308 1220 1465 1294 quatenus
1488 1215 1518 1278 ei
1541 1214 1714 1296 specialem

191 1317 195 1326 '
207 1319 347 1401 graciam
371 1317 535 1395 facientes,
560 1317 790 1400 parrochialem
813 1319 980 1383 ecclesiam
1004 1320 1037 1382 in
1051 1320 1184 1401 Yglauia
1208 1317 1531 1397 Olomncensisdioc.,
1546 1337 1605 1400 per
1620 1337 1713 1384 cano·

208 1423 296 1487 nicos
319 1423 504 1488 monasterii
528 1421 682 1486 Siloensis
704 1423 1037 1507 [premonstratensis]
1061 1423 1182 1489 ordinis
1206 1429 1240 1486 et
1252 1422 1422 1503 Pragensis
1445 1422 1526 1487 dioc.
1554 1421 1713 1504 predicto·

207 1545 276 1590 rum
300 1526 427 1592 solitam
451 1526 629 1607 gubernari,
654 1543 715 1606 que
739 1543 853 1590 vacare
876 1534 1032 1610 speratur,
1067 1527 1296 1608 quamprimum
1331 1526 1513 1590 Bernardus
1536 1527 1576 1590 de
1599 1525 1714 1610 dem,

207 1649 300 1712 quem
326 1630 386 1695 Stt⁸
409 1633 480 1712 ipsa
501 1631 695 1696 monasterio
718 1629 864 1712 Syloensi
897 1633 1041 1713 predicto
1076 1630 1212 1713 prefecit
1236 1630 1363 1694 noviter
1385 1630 1418 1693 in
1442 1631 1599 1711 abbatem,
1636 1628 1713 1696 dicti

206 1735 393 1800 monasterii
416 1741 450 1798 et
473 1734 760 1798 administracionis
784 1734 935 1799 bonorum
959 1734 1305 1817 ipsinspossessionem
1323 1731 1420 1796 luerit
1436 1731 1601 1814 pacificam
1626 1750 1714 1799 asso-

208 1845 309 1920 cutus‚
344 1838 566 1904 conferendam
591 1837 694 1903 eidem
717 1837 863 1918 iohanni,
901 1857 970 1902 cum
994 1839 1148 1920 premisso
1171 1838 1223 1902 vel
1247 1838 1316 1902 alio
1339 1837 1449 1917 quovis
1472 1836 1565 1901 modo
1587 1843 1713 1919 preter-

187 1960 300 2022 lqnam
338 1961 396 2024 per
417 1942 519 2025 ipsius
543 1942 699 2007 Bemardi
729 1943 849 2007 obitum
873 1943 960 2006 illam
983 1961 1096 2007 vacare
1120 1942 1302 2024 contigerit,
1327 1942 1426 2005 eciam
1451 1941 1478 2005 si
1501 1939 1609 2005 forsan
1633 1941 1714 2006 alias

208 2044 305 2110 luerit
324 2047 375 2110 vel
406 2047 449 2111 sit
468 2047 704 2126 quomodolibet
726 2054 899 2126 reservata,
931 2047 1103 2128 dignemini
1126 2063 1301 2120 reservare,
1325 2064 1394 2109 cum
1417 2044 1629 2127 inhibicione,'
1658 2045 1712 2109 de·

207 2155 295 2214 creto
318 2156 353 2214 et
375 2150 518 2214 clausula
541 2150 693 2215 anteferri
728 2168 764 2213 ac
788 2149 1001 2214 translacione
1032 2157 1065 2215 et
1099 2149 1243 2213 omnibus
1274 2149 1346 2212 aliia
1372 2148 1523 2211 clausulis
1547 2149 1713 2230 oportunis

207 2259 242 2317 et
263 2272 324 2318 non
349 2254 558 2319 obstantibus.

341 2375 414 2439 Fiat
431 2374 467 2439 G.
491 2376 535 2439 Et
557 2375 626 2440 sine
643 2374 706 2438 alia
721 2375 870 2456 leccione,
894 2381 928 2438 et
950 2375 1033 2453 qaod
1049 2374 1118 2437 eius
1134 2392 1267 2438 examen
1283 2374 1499 2438 committatur
1513 2373 1546 2436 in
1560 2373 1709 2455 partibus

208 2493 276 2543 cum
302 2479 345 2545 sit
368 2481 492 2543 absens.
517 2479 649 2543 Ficta.

219 2680 225 2687 ²
337 2602 375 2665 D.
399 2601 555 2665 Aninione
579 2600 639 2664 Vll
662 2601 723 2665 kal.
748 2601 933 2666 Novembris
957 2620 984 2664 a.
1009 2600 1157 2664 secundo.

338 2790 369 2842 R⁴
388 2790 484 2859 Suppl.
504 2797 545 2854 15,
564 2805 628 2858 pars
648 2789 673 2841 ll
693 2789 739 2842 tol.
760 2794 800 2841 11.
820 2818 853 2827 -
871 2789 901 2840 ln
921 2804 1004 2856 marg.
1024 2788 1090 2841 sin:
1110 2788 1171 2852 ‚Pto
1189 2791 1313 2841 camera‘.

207 3172 297 3239 284.
322 3170 439 3236 Abbati
460 3172 644 3235 monasterii
660 3170 855 3235 Trebeceasis
874 3170 1086 3234 Olomuceasis
1102 3171 1178 3235 clioc.
1196 3171 1377 3248 maneatur,
1395 3177 1550 3252 quamuus
1566 3173 1714 3237 Joliauai

207 3277 244 3339 cle
278 3276 409 3352 aalma)
434 3276 622 3339 auclmilate
651 3275 824 3357 apostolica
849 3274 1067 3355 parochialem
1097 3275 1258 3339 ecclesiam
1287 3277 1322 3339 ia
1351 3276 1474 3356 lylaoia
1504 3280 1649 3355 reservet,
1683 3282 1715 3342 el

210 3381 356 3462 „iusuper
376 3383 541 3460 presulum
563 3379 749 3457 Joliarmem,
779 3384 947 3462 postquam
969 3380 1072 3458 cipere
1090 3381 1290 3461 presencium
1312 3381 1415 3463 ipsius
1437 3379 1562 3443 ecclesie
1590 3400 1714 3462 posses·
1749 3437 1753 3445 .

205 3485 322 3548 sionem
337 3484 443 3567 fuerit
459 3484 593 3566 pacifice
615 3489 785 3566 assecutus,
810 3484 847 3547 ale
869 3484 951 3548 dicto
965 3485 1155 3547 monasterio
1177 3484 1341 3548 Miloceasi
1366 3485 1408 3547 ad
1419 3487 1586 3565 prefatum
1601 3504 1698 3549 moria

205 3589 337 3651 sterirmc
368 3588 515 3669 Syloeuse
542 3591 729 3653 auctoritate
758 3593 938 3667 transferat
968 3587 1125 3651 autedicla
1158 3606 1197 3650 ac
1211 3589 1321 3665 saciat
1343 3589 1447 3669 ipsum
1477 3586 1656 3653 Joliaauem
1678 3589 1715 3653 iu

205 3693 309 3757 coaeu
331 3694 520 3757 uioaasterio
544 3693 685 3772 Syloeaai
705 3693 739 3756 iu
761 3692 945 3757 cauoaicum
966 3692 1066 3773 recipi
1087 3697 1115 3755 et
1138 3692 1173 3755 iu
1188 3691 1350 3772 fratrem“
1377 3729 1417 3738 -
1444 3691 1605 3774 „Dianam
1628 3691 1714 3757 artri·

277 3884 306 3936 X
472 3800 615 3860 tramar“
644 3794 818 3876 „Aulaioue
852 3797 916 3860 Vll
932 3795 995 3860 lcal.
1022 3794 1206 3859 Novembris
1229 3817 1259 3859 a.
1282 3795 1446 3860 seruam.

254 3972 322 4022 a.
680 3914 682 3918 ’
1151 3934 1313 4013 Aetnam,
1340 3936 1423 3998 1354
1448 3931 1592 3997 acroam
1614 3933 1668 3998 aa.

336 4123 368 4176 R.
387 4125 436 4176 An.
457 4129 505 4177 128
523 4122 568 4176 fol.
588 4130 647 4188 393,
665 4123 696 4176 R.
716 4122 776 4176 Vat.
796 4122 913 4175 116101.
934 4128 998 4176 116⁴.
1018 4151 1051 4160 —
1073 4123 1099 4188 ³)
1118 4119 1222 4190 ,dem‘
1241 4122 1289 4173 Av.

207 4505 298 4572 285.
322 4505 473 4569 Nicotaus
505 4504 653 4586 Wireiupi
675 4507 752 4570 civis
770 4504 984 4571 Cracouieusis
998 4503 1168 4588 supplicat,
1192 4508 1345 4585 quatenus
1361 4502 1475 4568 Annae
1497 4508 1592 4567 natae
1607 4504 1714 4587 ipsius

206 4611 241 4673 iu
262 4610 451 4673 monasterio
473 4609 762 4673 sanctimonialium
784 4608 906 4673 orcliuis
920 4629 945 4674 s.
965 4606 1080 4673 Clarae
1096 4610 1129 4673 iu
1145 4608 1317 4686 llaliborst)
1350 4608 1606 4673 Vratislaoiensis
1630 4608 1711 4674 dioc.

212 4713 267 4790 „de
288 4712 400 4776 lubitu
428 4718 458 4778 el
494 4714 655 4794 prebenda
685 4716 777 4778 iaala
808 4712 1040 4778 obsemauciam
1071 4713 1264 4795 repulerem“
1296 4713 1511 4796 provideatur.
1561 4712 1657 4792 „Fiat
1678 4713 1713 4778 iu

461 4823 576 4898 forma
601 4820 657 4884 (Ν
689 4818 862 4898 „Aulaioue
892 4816 1000 4880 Vlcal.
1025 4817 1209 4882 Novembris
1233 4839 1263 4881 a.
1286 4816 1449 4881 secuudo“.

1148 4955 1314 5038 Auiaioue,
1337 4954 1424 5019 1354
1449 4953 1589 5019 Octobris
1612 4957 1665 5020 28.

216 5180 222 5190 ·
337 5145 368 5198 R.
387 5144 482 5214 Suppl.
501 5152 535 5198 25
554 5161 617 5213 pars
638 5144 663 5197 ll
682 5145 729 5197 fol.
750 5150 798 5196 22⁴.
819 5175 851 5182 -
874 5150 897 5207 a)
916 5143 1063 5209 ,1111111101ι
1083 5145 1176 5212 Suppl⁴

857 5407 1057 5417 ——-—
