3944 6060
784 376 850 428 aco
873 368 942 427 tuns
963 376 995 427 ra
1014 403 1046 413 -
1064 372 1195 429 roure.
1698 373 1741 440 53

237 580 372 646 ecclesie
394 578 533 646 faciente
556 582 683 647 malicia
704 589 881 667 temporum
906 585 985 651 adeo
1009 586 1074 651 siut
1097 586 1240 668 adaucte,
1264 592 1450 666 tantumque
1479 581 1688 648 abundaverit
1710 589 1744 647 et

237 685 375 750 abundet
396 685 429 750 in
446 685 540 750 ltalie
562 687 706 769 partibus
722 689 869 768 nequicia
891 695 926 753 et
941 690 1074 754 audacia
1089 689 1327 773 tirampuorum,
1351 689 1433 770 quod
1449 688 1601 753 maiorem
1617 693 1741 769 partem

237 797 390 853 terrarum
412 790 514 871 ipsius
537 790 672 855 ecclesie
695 792 846 873 tirampni
875 791 972 857 iidem
995 801 1189 876 occupamnt
1212 801 1246 858 et
1269 795 1308 858 ad
1332 794 1531 876 occupandas
1562 789 1740 871 residuasf)

243 893 430 974 aspirantes,
462 894 502 957 ad
532 893 565 957 id
576 900 605 970 ⁸)
627 893 840 961 fraudulentis
874 897 996 962 artibus
1028 897 1096 962 sine
1120 898 1355 962 intermissione
1378 897 1532 972 laborant,
1556 913 1744 960 noseorum

237 998 341 1078 pravis
364 997 491 1062 obviare
515 998 679 1063 conatibus
703 999 869 1081 cupientes
893 1006 927 1064 et
942 1002 1156 1084 attendentes,
1180 1002 1264 1082 quod
1279 1001 1382 1084 pressi
1399 999 1579 1064 huiusmodi
1602 999 1741 1064 necessi-

238 1106 335 1166 tatum
352 1101 501 1166 onem'bus
521 1102 564 1166 ad
587 1099 660 1185 idi)
685 1104 803 1168 auxilio
818 1104 1006 1187 indigemus,
1031 1105 1238 1169 serenitatem
1255 1111 1341 1169 tuam
1358 1103 1548 1170 fiducialiter
1567 1110 1601 1167 et
1617 1108 1741 1167 attente

235 1223 389 1288 rogamus,
423 1211 579 1287 quatenus
610 1225 706 1289 super
735 1206 915 1273 huiusmodi
945 1209 1192 1274 necessitatibus
1223 1209 1312 1274 filiali
1343 1209 1435 1274 nobis
1466 1207 1636 1272 affeccioue
1659 1225 1742 1272 com·

237 1309 370 1391 patiens,
395 1316 450 1374 aut
473 1311 512 1374 de
535 1311 715 1377 huiusmodi
738 1311 869 1394 decima,
893 1332 986 1395 quam
1008 1332 1065 1394 pro
1089 1332 1150 1377 uno
1174 1332 1255 1378 antro
1278 1313 1471 1378 tuonomioe
1487 1317 1631 1376 exactam
1654 1312 1741 1375 audi·

237 1414 345 1492 dmus,
384 1415 515 1478 terciam
552 1415 703 1497 partemii
742 1416 772 1481 d.
810 1416 829 1481 i
867 1417 1004 1483 Johanni
1041 1418 1191 1482 Paduano
1230 1418 1349 1484 decano
1390 1417 1525 1482 ecclesie
1563 1416 1741 1498 Wiscegra-

236 1518 341 1582 densis
385 1518 555 1601 Pragensis
592 1520 671 1585 dioc.
699 1522 873 1603 apostolice
912 1523 997 1587 sedis
1032 1522 1157 1606 nuncio,
1195 1521 1296 1587 iacias
1318 1522 1420 1604 ipsius
1443 1521 1578 1587 ecclesie
1601 1521 1741 1585 Romane

235 1623 359 1688 nomine
381 1623 560 1688 liberaliter
582 1625 738 1707 assignari
762 1632 819 1690 aut
841 1626 1052 1707 equanimiter
1075 1627 1204 1709 toleres,
1228 1626 1312 1706 quod
1335 1644 1392 1707 pro
1416 1625 1554 1689 secundo
1578 1642 1660 1688 anno
1683 1643 1740 1706 pro

235 1726 301 1808 ipsa
323 1726 499 1805 ecclesiak)
522 1729 634 1792 eadem
658 1729 781 1793 decima
802 1730 1005 1812 integraliter
1028 1730 1182 1813 exigatur.
1216 1730 1253 1794 In
1275 1729 1335 1794 hoc
1366 1729 1449 1793 enim
1476 1727 1660 1810 magnitudo
1684 1734 1740 1792 tua

234 1835 321 1896 tauto
351 1831 443 1896 nobis
474 1832 609 1914 amplius
643 1834 860 1916 complacebit,
893 1842 1011 1915 quanto
1044 1835 1255 1900 necessitates
1285 1833 1467 1898 huiusmodi
1501 1838 1650 1915 premunt
1682 1848 1740 1896 nos

235 1936 369 2017 gravium,
394 1942 576 2017 quantoque
590 1937 818 2019 tirampnomm
838 1939 985 2019 nequicia
1001 1938 1112 2003 fideles
1128 1939 1230 2020 ipsius
1246 1937 1381 2002 ecclesie
1397 1937 1509 2002 durius
1525 1936 1708 2018 opprimens
1718 1933 1738 2012 ¹)

235 2039 407 2104 instancins
430 2058 488 2104 nos
511 2040 649 2111 infestat.
674 2044 717 2106 Et
739 2043 814 2125 quia
836 2043 960 2125 prefato
984 2043 1104 2108 decano
1128 2060 1224 2124 super
1247 2042 1305 2107 hoc
1328 2042 1456 2124 plenius
1471 2041 1646 2121 scribimus,
1669 2059 1738 2121 pre-

235 2143 319 2207 cibus
343 2143 461 2208 nostris
486 2145 648 2228 adicimus,
671 2153 707 2211 ut
728 2147 832 2229 ipsum
849 2148 984 2229 benigne
1001 2148 1111 2211 audire
1128 2166 1164 2209 ac
1180 2145 1398 2210 favorabiliter
1414 2145 1564 2210 exaudire
1582 2144 1739 2208 serenitas

234 2246 297 2328 ipsa
320 2248 408 2312 velit.
440 2250 478 2312 l).
503 2249 587 2331 apud
613 2248 842 2315 Villamnouam
865 2250 1091 2316 Auirrionensis
1115 2251 1195 2315 dioc.
1220 2249 1277 2315 XV
1300 2250 1361 2315 kal
1396 2249 1532 2332 Augusti
1564 2267 1591 2313 a.
1624 2248 1737 2330 primo.

360 2489 391 2543 R.
414 2489 471 2543 Vat.
492 2496 542 2544 235
561 2488 607 2543 iol.
629 2495 685 2556 tae,
705 2491 765 2545 Vat.
785 2490 816 2544 R.
843 2493 928 2544 titt
946 2491 1079 2558 (Archet.)
1099 2507 1138 2544 ur.
1161 2495 1216 2544 146.
1255 2519 1287 2530 —
1307 2489 1372 2559 Reg.
1392 2488 1466 2558 apud
1485 2488 1651 2559 Wernnslry‚
1678 2488 1731 2540 Ex·

234 2581 325 2645 cerpta
348 2592 388 2630 ur.
409 2582 459 2631 278
484 2583 512 2630 et
535 2577 640 2644 Huber,
666 2576 731 2647 Reg.
752 2578 818 2646 Imp.
844 2578 918 2643 Vlll,
946 2593 1006 2648 pag.
1026 2584 1085 2644 782,
1113 2595 1151 2631 nr.
1174 2584 1233 2632 243.
1257 2609 1282 2617 -
1307 2583 1331 2641 ι)
1351 2576 1503 2646 ,providere
1521 2583 1562 2630 ac‘
1589 2591 1673 2645 supra
1691 2575 1729 2627 lin

233 2663 398 2733 adscriptam
415 2663 486 2718 vice:
514 2670 551 2730 ,et
568 2663 684 2732 benigne
708 2680 855 2720 succurens
874 2668 910 2719 et‘
935 2665 1011 2733 prins
1030 2664 1123 2735 positi,
1138 2664 1186 2719 sed
1205 2663 1289 2718 deleti
1307 2664 1336 2717 in
1344 2662 1452 2717 Archet.
1468 2665 1493 2727 b)
1511 2663 1652 2731 Sequitur:
1671 2661 1735 2728 ,tuis

233 2750 352 2804 ecclesie‘
370 2750 428 2817 ,sed
438 2751 557 2806 deletum
566 2751 595 2806 iu
608 2752 718 2806 Archet.
742 2758 765 2820 c)
784 2751 973 2822 ,magnitudini
990 2783 1016 2792 -
1030 2761 1093 2806 uno·
1106 2768 1190 2822 supra
1202 2751 1250 2804 lin.
1265 2751 1434 2821 adscriptum
1447 2766 1511 2819 pro:
1531 2749 1663 2818 ,graciose
1675 2764 1737 2802 con·

234 2837 316 2891 cessit
333 2837 463 2905 etroluit,
482 2837 554 2906 quod
565 2837 696 2893 decimam
705 2837 795 2893 unius‘
813 2838 930 2909 genuine
943 2839 1042 2908 posito,
1054 2837 1102 2894 sed
1111 2837 1201 2893 deleto
1211 2837 1241 2892 in
1253 2839 1361 2892 Archet.
1377 2838 1422 2902 d>S
1429 2837 1552 2906 equitur:
1571 2853 1630 2906 ‚pro
1643 2835 1737 2889 huius·

235 2924 312 2992 modi,
322 2924 371 2979 sed
381 2925 558 2980 cancellatum
568 2933 610 2981 est
620 2933 659 2980 et:
680 2925 797 2993 ,nomine
807 2925 897 2980 huius‘
907 2925 1044 2995 supraliu.
1052 2925 1220 2995 adscmptnm
1229 2931 1256 2978 et
1264 2924 1390 2979 similiter
1397 2923 1615 2980 cancellatumin
1626 2923 1737 2977 Archet.

234 3018 255 3075 ‘t
276 3011 366 3080 Supra
386 3012 434 3066 lin.
452 3011 621 3082 adscriptum
644 3012 716 3067 rice:
734 3012 901 3080 ,reservarit
911 3012 1028 3083 genuine
1039 3013 1132 3081 positi,
1152 3014 1200 3067 sed
1219 3012 1362 3067 cancellati
1379 3012 1523 3068 inArchet.
1570 3011 1589 3080 l)
1608 3011 1738 3080 Sequitur

233 3104 316 3152 terras
336 3097 516 3153 incessanter‘
528 3099 586 3168 ,sed
605 3098 880 3154 deletuminArchet.
906 3103 932 3167 s)
951 3100 995 3167 ,ad
1013 3099 1049 3154 id‘
1069 3116 1153 3169 supra
1173 3100 1222 3153 lin.
1241 3098 1411 3168 adscriptum
1431 3116 1491 3170 pro:
1514 3105 1551 3165 ,et
1572 3098 1631 3153 sine
1650 3097 1733 3152 inter·

233 3184 369 3240 missione‘
387 3187 504 3255 genuine
523 3187 623 3256 posito,
642 3186 691 3241 sed
709 3187 860 3243 cancellato
868 3188 895 3241 in
903 3188 1012 3242 Archet.
1029 3188 1055 3251 h)
1066 3186 1208 3256 Sequitur:
1232 3187 1322 3256 ,pleno
1341 3187 1473 3252 surficen‘,
1496 3185 1543 3241 sed
1551 3184 1734 3239 cancellatum

234 3272 374 3326 inArchet.
396 3273 414 3340 ¹)
438 3273 559 3342 ,terciam
585 3278 698 3344 partem‘
723 3275 860 3345 snpralin.
881 3275 1040 3344 suppletum
1048 3274 1076 3328 iu
1084 3274 1204 3339 Archet,
1222 3274 1268 3328 ubi
1287 3274 1391 3328 adhuc:
1419 3274 1495 3341 ,velis
1513 3273 1604 3326 iacere
1627 3271 1737 3324 nomine

234 3360 404 3427 sequebatur,
424 3361 497 3429 qnod
505 3369 596 3415 autem
606 3362 787 3416 cancellatum
807 3362 908 3416 existit.
933 3361 959 3424 k)
980 3376 1037 3430 ,pro
1053 3359 1115 3428 ipsa
1128 3361 1254 3415 ecclesia
1265 3367 1417 3415 correctum
1431 3376 1479 3414 ex:
1500 3360 1597 3430 ‚ipsius
1611 3358 1736 3425 ecclesie,

234 3446 502 3502 nomine‘inrtrchet.
523 3449 541 3514 ¹)
552 3448 692 3517 Sequitur:
704 3448 849 3518 amplius,
856 3448 904 3503 sed
915 3448 1096 3503 cancellatum
1105 3447 1134 3500 in
1146 3448 1255 3502 Archet.
1266 3479 1298 3488 -
1316 3449 1333 3515 ¹)
1351 3449 1424 3501 Mon.
1444 3448 1505 3502 Vat.
1525 3448 1587 3500 lnr.
1608 3451 1681 3501 1447.
1702 3474 1734 3483 -

235 3532 260 3584 ln
278 3542 355 3602 tergo
373 3532 482 3587 Archet.
502 3533 662 3589 adnotatam
681 3544 736 3589 eet:
755 3534 816 3600 ,XV
834 3535 889 3589 kal.
910 3537 978 3605 Aug.
999 3551 1021 3588 a.
1043 3534 1130 3603 primo
1149 3535 1174 3587 ll
1187 3535 1227 3588 a*
1247 3542 1274 3589 et
1291 3534 1424 3588 inferius:
1442 3534 1481 3600 ,R.
1501 3535 1539 3588 Io.
1559 3533 1593 3586 de
1606 3531 1735 3599 Angicur,

234 3617 255 3671 11
273 3619 452 3673 festinanter.

236 4004 317 4070 127.
341 4003 485 4069 ,roboant
506 4003 662 4067 Padnaao
684 4003 801 4068 decano
823 4003 968 4068 ccclesiae
1000 4003 1250 4084 Vissepradensr's
1267 4002 1451 4077 mandatur,
1474 4008 1629 4085 quatenus
1643 4002 1732 4083 opud

234 4128 328 4188 repom
361 4109 573 4173 Romanorum
605 4108 656 4171 det
685 4127 823 4189 operam,
856 4113 892 4172 ut
916 4107 1063 4190 precibus
1089 4128 1195 4188 papae
1221 4110 1354 4185 uanum,
1382 4108 1552 4190 pecuniam
1574 4110 1732 4188 receptam

850 4213 1108 4278 transmissurus.

1032 4350 1129 4435 Apud
1157 4350 1396 4431 Villanmovam,
1420 4351 1506 4413 1353
1528 4348 1612 4415 ,latit
1634 4351 1686 4414 18.

356 4504 470 4569 Eidem
493 4505 648 4585 nnnci0.¹)

357 4634 499 4715 Nuceria,
522 4637 605 4717 quod
621 4636 784 4700 carissimo
800 4636 833 4700 in
849 4636 975 4702 Christo
991 4637 1011 4701 i.
1029 4643 1137 4702 nostro
1163 4637 1278 4700 Karolo
1295 4637 1363 4718 regi
1380 4637 1590 4700 Romanorum
1613 4634 1730 4700 illustri

234 4756 284 4818 per
305 4739 386 4803 alias
408 4746 534 4806 nostras
557 4741 682 4804 litteras
706 4741 882 4819 scribimus,
906 4759 1038 4821 quarum
1055 4742 1178 4822 copiam
1193 4740 1252 4804 tibi
1269 4740 1513 4805 transmittimus
1528 4739 1731 4819 presentibus

233 4841 441 4909 interclusam.
478 4845 616 4925 ldeoque
639 4844 827 4910 discrecioni
851 4850 906 4909 tue
930 4864 987 4926 per
1009 4846 1184 4927 apostolica
1206 4844 1326 4926 scripta
1348 4843 1542 4926 mandamus,
1574 4849 1731 4923 quatenus

234 4948 309 5029 apud
332 4948 469 5012 eundem
492 4966 608 5030 regem,
638 4948 722 5029 quod
745 4948 862 5012 nostris
893 4949 926 5012 iu
950 4948 1007 5012 hac
1030 4956 1121 5031 parte
1145 4948 1291 5029 precibus
1323 4954 1450 5024 annuat,
1482 4966 1551 5011 cum
1575 4947 1659 5011 omni
1683 4964 1731 5011 so·

232 5047 402 5128 licitadiue,
425 5051 582 5116 industria
597 5058 631 5115 et
646 5052 817 5134 diligencia
839 5052 930 5132 dos·)
955 5071 1083 5134 operam
1106 5052 1276 5128 efficacem,
1301 5069 1423 5115 onmem
1441 5051 1615 5133 pecuniam,
1638 5068 1730 5130 quam

235 5155 355 5219 nomine
379 5174 503 5220 camere
526 5162 635 5221 nostre
658 5156 808 5237 recepisti
832 5156 893 5219 iam
910 5162 944 5220 et
959 5157 1101 5238 recipere
1126 5163 1158 5220 te
1182 5154 1353 5236 continget,
1378 5174 1470 5235 quam
1487 5154 1584 5218 cicius
1602 5153 1730 5234 poteris

233 5259 266 5323 ad
288 5277 445 5323 cameram
468 5260 568 5342 ipsam
577 5257 603 5336 δ)
627 5259 770 5324 adhibita
786 5261 957 5324 securitate
981 5268 1015 5326 et
1030 5261 1165 5336 cautela,
1189 5278 1250 5340 que
1266 5260 1422 5332 convenit,
1448 5258 1690 5322 transmissurus
1703 5264 1729 5330 ο)
