3990 6052
757 465 824 514 13⁶4
843 457 949 529 Aprilis
969 462 1001 512 1⁶
1020 490 1053 498 -
1071 457 1177 528 Aprilis
1196 463 1238 510 24.
1713 466 1756 531 99

246 671 337 736 234.
360 671 456 733 Petro
482 666 732 751 Werlrrncistcr⁸)
755 667 794 732 de
816 667 900 732 Nisa
922 666 1111 731 subdiacono
1141 666 1399 731 Vratislavicusis
1413 667 1501 746 dioc,
1525 667 1646 733 nullum
1669 671 1756 735 bcue·

239 773 352 855 ficium
373 772 616 839 ecduiasticum
638 772 798 849 obtinenti,
828 776 1009 837 reservatur
1037 770 1218 852 beneficium
1248 770 1491 836 ecclesiasticum
1522 792 1593 837 cum
1620 774 1667 839 vel
1687 777 1757 840 sine

245 898 333 961 cura,
354 879 444 942 cicius
459 882 592 958 fructus
613 879 656 943 25
678 896 761 959 resp.
783 876 827 940 18
849 895 1034 939 marcorum
1057 875 1181 955 arpenti
1202 874 1341 938 valorem
1357 895 1498 939 annuum
1513 896 1576 940 non
1591 878 1755 955 ccoedant,

246 981 290 1046 ad
310 980 508 1047 collationem
528 981 668 1064 episcopi
689 978 947 1044 Vratislaviensis
966 978 1138 1061 pertinens,
1161 978 1191 1042 si
1204 983 1300 1043 vacat
1318 978 1366 1043 vel
1380 999 1450 1044 cum
1464 983 1633 1046 vacaverit.
1662 983 1759 1058 ,Vite

245 1107 285 1149 ac
320 1092 460 1149 morum“
512 1082 686 1168 ¹,Aninione
723 1084 807 1148 XVI
841 1082 905 1148 kal.
937 1082 1022 1148 Maii
1064 1104 1094 1147 a.
1117 1083 1282 1148 sccundo“.
1305 1121 1348 1131 —
1372 1087 1411 1148 In
1441 1107 1465 1150 c.
1497 1106 1539 1151 rn.
1568 1087 1754 1168 praeposito

321 1187 513 1253 Lubucensis
533 1192 564 1252 et
585 1187 708 1253 caetori
737 1188 995 1252 Vratislaoicnsis
1018 1185 1221 1251 ecclesiarum
1244 1208 1282 1252 ac
1304 1187 1439 1269 officiali
1461 1188 1676 1256 Avinionensi.

330 1294 384 1407 1ss
1214 1324 1376 1403 Aoinione,
1398 1328 1486 1390 1354
1508 1325 1633 1410 Aprilis
1656 1330 1710 1392 16.

294 1468 301 1483 ι
315 1431 407 1569 ΧΧΒ..
419 1517 470 1569 Ar.
485 1517 534 1568 128
552 1513 601 1567 iol.
613 1519 682 1583 269‘,
701 1515 732 1569 R
745 1516 807 1569 Vat.
821 1520 871 1569 226
890 1514 939 1570 iol.
954 1519 1003 1568 13‘.
1014 1545 1047 1554 -
1058 1515 1125 1583 Reg.
1143 1515 1173 1568 in
1191 1514 1289 1568 ZVGA
1308 1515 1464 1570 Schlesiens
1478 1515 1555 1569 XXV
1574 1533 1635 1586 pag.
1648 1522 1708 1571 29⁷.
1723 1549 1755 1558 -

245 1604 270 1668 ι)
290 1601 523 1669 ,Werkemeister‘
542 1602 593 1655 Ar.

245 1917 335 1981 236.
358 1913 483 1980 Paulus
497 1915 661 1997 episcopus
678 1914 849 1979 (itacensis
863 1914 1034 1998 supplicat,
1058 1918 1212 1995 'quotenus
1225 1913 1369 1982 Jobanni
1382 1917 1543 1984 ,lobannis
1562 1918 1600 1981 dc
1614 1920 1754 1998 Jdpcrn-

245 2019 358 2099 dorf⁸)
393 2017 503 2082 clerico
539 2015 796 2081 Vratislaviensis
827 2016 916 2096 dioc,
950 2019 1001 2081 sui
1034 2019 1178 2098 perinani
1192 2017 1275 2099 filio,
1310 2018 1348 2080 de
1382 2023 1573 2084 canonicatu
1608 2020 1758 2086 ecclcsiae

253 2121 511 2187 Vratislavicnsis
534 2140 603 2184 aim
623 2121 832 2185 reservatione
849 2122 1051 2204 praebendae
1067 2122 1284 2204 provideatur.
1310 2122 1405 2203 „Fiat
1427 2125 1461 2187 in
1482 2125 1612 2189 ecclesia
1635 2122 1756 2205 Stripo-

246 2228 348 2291 uiensi
383 2227 421 2292 G.
456 2227 501 2290 Et
523 2224 605 2306 quod
637 2229 781 2289 transeat
812 2226 880 2289 sine
913 2228 1069 2299 oramine,
1098 2231 1127 2290 ct
1150 2226 1231 2306 quod
1254 2224 1476 2314 [committere]
1499 2228 1672 2312 dipnemini
1709 2229 1753 2292 ad

241 2336 364 2412 portes,
385 2337 415 2395 et
438 2330 505 2395 alia
520 2329 661 2395 kccionc.
685 2330 761 2394 star
782 2334 812 2395 ct
834 2331 1016 2394 comitiatur
1038 2351 1170 2394 eramen
1196 2332 1237 2397 G..
1259 2333 1300 2395 D.
1315 2331 1472 2397 Aninione
1488 2330 1573 2397 XVI
1589 2332 1653 2399 bal.
1670 2332 1756 2398 Maii

806 2492 809 2499 .
890 2456 919 2500 o.
942 2435 1106 2498 secundo.“

1216 2571 1378 2657 Avinione,
1404 2575 1488 2637 1354
1509 2574 1634 2656 Aprilis
1659 2577 1712 2645 16,

376 2761 407 2814 R.
426 2760 521 2830 Suppl.
540 2766 575 2814 25
593 2759 640 2814 sol.
660 2755 710 2812 91¹.
732 2788 763 2798 -
788 2763 813 2823 ι)
832 2757 994 2827 ,legendors‘
1013 2757 1108 2826 Suppl.

895 2954 1102 2963 .—-—

247 3146 350 3215 2236„
374 3143 501 3209 Ulricus
530 3143 674 3208 dominns
705 3143 742 3206 de
771 3141 865 3206 Nova
894 3143 995 3206 Domo
1023 3142 1192 3226 supplicat,
1225 3147 1380 3226 quatenus
1410 3144 1472 3207 sibi
1506 3149 1535 3207 ct
1560 3144 1654 3207 ucori
1676 3164 1755 3208 suae

246 3247 400 3313 absolutio
420 3250 454 3313 in
475 3248 586 3312 mortis
609 3245 743 3327 articttlo
765 3244 954 3310 concedatur
975 3250 1004 3310 et
1027 3250 1181 3326 quotenus
1202 3248 1356 3326 usurarii,
1380 3248 1434 3329 qui
1450 3250 1663 3331 possessiones
1684 3250 1755 3312 eius

245 3354 282 3416 in
296 3354 429 3438 pipnore
449 3357 553 3417 tenent
575 3351 618 3416 ad
638 3350 866 3415 restitutionem
895 3349 1066 3415 earundem
1109 3351 1336 3432 compellantur
1367 3356 1397 3414 ct
1425 3355 1580 3433 quatenus
1609 3352 1754 3434 personis

473 3454 695 3541 infrascriptis
718 3453 755 3517 dc
777 3454 1013 3519 canavarias
1026 3476 1074 3540 ⁴ac
1091 3454 1284 3538 praebendis
1302 3455 1520 3538 provideatur.

1212 3593 1375 3667 Acinione
1401 3593 1485 3657 1354
1509 3592 1632 3676 Aprilis
1656 3597 1707 3657 24.

375 3783 540 3866 Supplicat
563 3781 602 3847 Sti
623 3782 677 3846 er
693 3781 818 3846 Vln'cus
853 3782 998 3855 dominus
1014 3782 1054 3846 de
1070 3782 1254 3858 Nouadomo
1271 3784 1439 3865 Progensis
1456 3783 1548 3861 dioc,
1570 3786 1645 3848 baro
1660 3785 1752 3866 regni

247 3887 386 3965 Boemie,
409 3894 517 3951 vester
539 3905 575 3950 ac
598 3903 621 3950 s.
646 3886 757 3950 matris
780 3885 915 3949 ecclesie
940 3886 1031 3949 miles
1054 3887 1197 3963 devotus,
1229 3893 1385 3967 quatenus
1420 3887 1537 3953 sibiet
1560 3885 1652 3951 Clare
1682 3887 1752 3951 eius

246 3991 336 4055 uxori
369 3990 509 4074 eligendi
538 3987 751 4054 confessorem
791 3989 950 4063 idoneum,
986 3990 1039 4070 qui
1073 3990 1106 4052 in
1140 3989 1274 4053 articulo
1308 3991 1419 4055 mortis
1453 4008 1509 4056 eos
1540 3991 1579 4054 ab
1607 3991 1752 4056 omnibus

247 4093 384 4175 ipsorum
415 4092 555 4176 peccatis
590 4093 764 4175 apostolica
797 4093 987 4158 auctoritate
1023 4094 1187 4158 absolvere
1218 4094 1333 4166 velem,
1369 4095 1543 4159 concedere
1578 4094 1752 4176 dignemini

247 4196 420 4277 licenciam,
443 4197 534 4263 utin
557 4196 667 4262 torma.

375 4300 449 4366 Fiat
471 4301 508 4366 G.

376 4406 456 4470 Ibem
488 4405 656 4488 supplicat,
688 4397 853 4487 quatenus,
884 4400 964 4469 cum¹
984 4406 1016 4470 in
1039 4402 1191 4486 Pragensi
1221 4411 1256 4468 et
1278 4404 1479 4469 Olomucensi
1512 4404 1695 4469 civitutibus
1718 4412 1753 4470 et

246 4509 424 4575 diocesibus
438 4511 512 4574 ⁴sint
533 4508 677 4573 nonnulli
700 4511 844 4586 barones,
869 4509 1001 4590 nobiles
1025 4509 1144 4572 milites
1160 4515 1194 4572 et
1208 4507 1291 4582 laici,
1316 4527 1447 4588 quorum
1470 4527 1601 4591 prorsus
1624 4510 1752 4574 nomina

244 4614 378 4696 ignorat,
408 4615 461 4695 qui
493 4615 532 4679 ab
556 4613 625 4695 ipso
649 4618 682 4677 et
705 4611 779 4677 filiis
803 4613 869 4677 suis
892 4613 992 4677 multa
1014 4618 1219 4677 extorserunt
1249 4616 1283 4675 et
1305 4617 1496 4692 extorquere
1526 4613 1672 4677 nituntur
1695 4631 1753 4695 per

246 4720 421 4782 usurariam
452 4717 654 4800 pravitatem,
685 4715 839 4798 receptis
856 4718 895 4782 ab
926 4717 981 4780 eis'
1004 4716 1128 4796 castris,
1152 4703 1331 4796 fortaliciisJ
1354 4716 1439 4780 villis
1461 4721 1496 4780 et
1518 4716 1596 4781 locis
1620 4718 1692 4782 aliis
1716 4736 1752 4781 ac

244 4822 339 4887 terris
371 4827 406 4886 et
426 4820 682 4904 possessionibus
705 4821 738 4885 in
761 4820 902 4903 pignore,
934 4840 973 4885 ex
997 4820 1110 4901 quibus
1133 4817 1263 4900 fructus,
1294 4820 1439 4883 redditus
1463 4825 1497 4883 et
1520 4827 1692 4901 proventus
1716 4840 1752 4884 ac

245 4925 314 4989 iura
336 4929 549 5006 perceperunt
571 4923 726 4988 hactenus
749 4928 783 4987 et
805 4924 971 5005 percipere
994 4941 1056 4986 non
1073 4923 1243 4998 desistunt,
1267 4923 1342 4986 dare
1367 4923 1537 5005 dignemini
1563 4924 1602 4987 de
1619 4924 1752 5007 speciali

245 5027 352 5109 gracia
374 5026 611 5109 archiepiscopo
633 5027 790 5109 Pragensi
811 5031 845 5091 et
867 5027 1016 5111 episcopo
1036 5026 1239 5090 Olomucensi
1263 5032 1428 5091 eteorum
1453 5027 1585 5092 cuilibet
1608 5028 1641 5093 in
1664 5047 1756 5092 man·

246 5130 339 5212 datis,
362 5137 520 5212 quatenus
543 5131 646 5196 dictes
667 5130 840 5207 usurarios,
870 5136 906 5194 ut
928 5148 986 5194 sua
1009 5136 1094 5195 sorte
1118 5131 1258 5195 contenti
1291 5130 1425 5213 pignora
1455 5131 1525 5214 ipss
1547 5136 1581 5195 et
1603 5132 1753 5213 quicquid

247 5252 381 5317 percos
412 5240 446 5301 et
468 5253 576 5300 eorum
599 5234 773 5316 quemlibet
802 5240 965 5316 receptum
984 5235 1058 5299 inde
1082 5234 1191 5299 extitit
1212 5235 1297 5299 ultra
1312 5241 1448 5316 sortem,
1473 5234 1645 5301 restituere
1669 5254 1751 5301 com·

248 5338 349 5420 pellat
369 5340 560 5405 auctoritate
583 5339 767 5423 appstolica,
783 5345 825 5406 ,ut
847 5339 879 5403 in
902 5337 1009 5402 forme.

1594 5477 1624 5528 7.
