3944 6060
253 400 318 466 446
857 393 1096 450 noannoeane
1115 393 1162 450 ιι

268 592 271 599 ’
359 593 548 690 'supplicat
568 596 611 672 ¹Sn
638 606 693 673 ΨΘ
725 597 859 673 deuotus
882 604 966 671 filius
995 599 1104 685 vester
1133 604 1305 671 Nicholaus
1328 608 1391 673 dux
1413 605 1570 690 Oppauie,
1592 605 1767 691 quatenus,

256 732 326 777 curn
360 713 430 796 ipse
465 713 505 778 ad
540 713 691 779 honorem
724 730 750 776 s.
784 711 930 777 Nicholai
960 709 1150 779 comessoris
1184 730 1283 795 prope
1316 711 1494 795 Oppauiam
1524 732 1622 779 unum
1652 712 1765 797 hospi·

253 817 318 882 tale
341 819 481 883 erexerit
504 818 696 884 auctoritate
730 817 882 882 ordinarii
916 816 1059 900 episcopi
1093 815 1323 900 Olomucensis,
1346 816 1491 882 omnibus
1513 835 1589 883 vere
1611 816 1765 901 peniten-

252 921 338 987 tibus
361 928 395 987 et
417 909 586 1004 confessis,
603 922 707 1004 ipsum
741 910 900 1004 hospitale
933 920 1138 986 visitantibus
1171 919 1205 984 iu
1227 918 1320 985 iestis
1351 917 1478 1003 pasche,
1502 921 1624 987 domini
1648 938 1763 986 ascen·

251 1026 360 1104 sionis,
385 1026 621 1108 penthecostes,
644 1026 824 1105 eucaristie,
849 1030 986 1108 quatuor
1016 1024 1244 1107 priucipalibus
1274 1027 1304 1090 b.
1328 1023 1430 1090 Marie
1453 1025 1595 1109 virginis,
1619 1025 1765 1090 omnium

254 1131 468 1212 apostolorum
491 1137 526 1195 ct
547 1130 824 1213 evangelistarum,
857 1135 1037 1195 sauctorum
1061 1128 1238 1211 Laurencii,
1271 1127 1440 1194 venceslai
1463 1134 1497 1194 et
1520 1127 1653 1194 Gristini
1677 1148 1763 1194 mar·

253 1235 358 1312 tirum,
395 1234 549 1318 Nicholai,
587 1233 754 1299 Michaelis
788 1232 1030 1317 archangelici
1016 1232 1269 1298 tdedicacionis
1299 1230 1469 1314 hospitalis
1490 1231 1630 1315 predicti
1650 1231 1760 1299 indul-

250 1339 403 1423 genciam,
427 1340 599 1404 secundum
622 1338 705 1420 quod
728 1338 886 1422 placuerit
908 1337 962 1403 V⁶
990 1334 1041 1420 8²¹,
1067 1336 1241 1404 concedere
1272 1335 1444 1451 dignemini
1467 1333 1535 1401 ut
1525 1353 1562 1400 ιιι
1581 1333 1694 1402 iorma

382 1442 513 1508 FiatG.

379 1547 460 1611 Item
499 1546 667 1628 supplicat,
714 1552 871 1626 quatenus
908 1545 1044 1610 similem
1090 1544 1229 1627 graciam
1266 1543 1441 1609 concedere
1479 1543 1654 1625 dignemini
1701 1562 1761 1627 pro

249 1650 386 1716 ecclesia
422 1649 612 1734 parrochiali
646 1668 671 1714 s.
696 1650 876 1715 Wenceslai
914 1650 947 1715 in
981 1650 1086 1715 ducali
1120 1652 1225 1713 castro
1248 1649 1281 1714 in
1304 1647 1404 1714 Greca
1427 1645 1650 1714 Olomucensis
1674 1647 1757 1714 dioc.

249 1760 285 1820 ut
308 1773 413 1839 supra.

376 1861 458 2030 IFtleam
472 1861 642 2047 ffupplicat,
666 1969 824 2046 quatenus
847 1963 965 2029 dilecto
988 1980 1045 2029 suo
1068 1962 1237 2028 Francisco
1260 1961 1400 2028 Cristani
1422 1962 1558 2045 plebano
1588 1962 1623 2027 in
1654 1961 1759 2029 Grecz

248 2066 469 2134 Olomucensis
503 2069 583 2134 dioc.
622 2074 656 2134 et
689 2069 785 2134 Petro
815 2067 989 2133 Hennanni
1024 2066 1140 2134 clerico
1162 2064 1422 2131 Luthomnslensi
1444 2072 1479 2131 et
1501 2065 1574 2131 aliis
1595 2065 1663 2131 IIII
1685 2086 1758 2150 per-

249 2173 336 2238 sonis
358 2192 416 2256 per
437 2173 541 2256 ipsum
565 2174 599 2239 in
632 2172 825 2239 cancellaria
857 2177 966 2237 vestra
988 2171 1188 2237 nominandis
1223 2171 1350 2254 plenam
1372 2169 1594 2236 remissionem
1617 2171 1760 2238 omnium

247 2282 449 2359 peccatorum
481 2295 609 2343 suorum
646 2277 749 2342 semel
782 2281 905 2341 tantum
942 2275 976 2340 in
1004 2275 1116 2346 mortis
1150 2273 1283 2341 articulo
1317 2274 1492 2341 concedere
1521 2274 1698 2358 dignemini
1720 2283 1759 2343 ut

247 2379 280 2445 in
302 2379 413 2448 forma.

375 2485 449 2551 Fiat
468 2485 505 2551 G.

375 2589 451 2656 Sine
475 2589 540 2655 alia
561 2589 713 2656 leccione.
737 2589 812 2655 Fiat
833 2590 871 2656 G.

375 2694 413 2758 D.
440 2694 524 2776 apud
547 2692 778 2760 Villamnouam
813 2693 1040 2760 Aninionensis
1062 2692 1142 2760 dioc.
1165 2693 1256 2760 XVII
1279 2693 1341 2759 kal.
1356 2691 1554 2776 Septembris
1575 2712 1605 2760 a.
1628 2698 1755 2761 octauo.

371 2880 403 2936 lt
423 2880 518 2950 Suppl.
537 2885 569 2935 ιιι
589 2879 637 2936 lul.
654 2875 724 2935 22⁶¹.

892 3026 1093 3033 *—

243 3196 361 3263 1116.
407 3193 529 3260 Paulus
551 3197 717 3278 episcopos
739 3196 953 3278 hilsinpcuais
975 3195 1145 3281 supplicat,
1168 3205 1322 3281 quotenus
1344 3194 1571 3280 iufrasmiptis
1601 3197 1752 3280 personis

731 3297 874 3366 diuersae
896 3303 1023 3385 prateae
1044 3301 1261 3366 concedantur.

985 3440 1082 3524 Apud
1114 3439 1351 3524 Villamnouam,
1381 3441 1468 3509 1360
1489 3439 1629 3525 Augusti
1652 3443 1705 3511 16.

371 3627 537 3712 Supplicat
558 3626 600 3694 8²¹
628 3630 682 3695 V¹⁶
709 3631 824 3697 devota
847 3637 994 3696 creatma
1031 3637 1138 3698 vestra
1175 3633 1293 3698 Paulus
1330 3632 1498 3716 episcopus
1531 3633 1749 3718 Frisingensis

238 3836 319 3902 Item
354 3838 528 3920 supplicat.
561 3843 718 3919 quatenus
751 3839 813 3905 siti
847 3840 881 3905 in
897 3843 1081 3923 'personam
1104 3842 1213 3907 dilecti
1240 3841 1454 3924 procuratoris
1476 3843 1527 3910 sui
1550 3844 1640 3911 Petri
1662 3846 1746 3913 Her-

238 3941 354 4018 mauni,
378 3940 485 4006 clerici
508 3941 818 4026 Bathomuslensis,·)
833 3944 873 4010 de
896 3945 1082 4011 canonicatu
1106 3948 1164 4012 sut
1180 3947 1406 4029 cxpectacione
1421 3948 1585 4031 prebende
1606 3951 1747 4018 ecclesie

239 4043 523 4126 Wyssegradcnsis
546 4064 645 4128 prope
681 4047 811 4130 Pragam
847 4048 1021 4132 dignemini
1044 4050 1221 4133 providere,
1246 4070 1316 4115 cum
1339 4053 1561 4134 acceptacione
1584 4059 1657 4139 etc,
1680 4074 1746 4124 non

238 4141 396 4231 obstante,
409 4150 492 4229 quod
515 4167 612 4231 super
634 4150 825 4233 parrochiali
847 4153 983 4219 ecclesia
998 4155 1037 4239 in
1061 4155 1145 4218 Luca
1159 4154 1416 4238 Olomucensisb)
1441 4156 1520 4223 dioc.
1537 4159 1682 4226 noscitur
1704 4161 1744 4226 li-

237 4251 339 4335 tigare
362 4253 395 4317 in
411 4253 533 4335 palacio
550 4255 733 4336 apostolico,
757 4274 826 4321 cum
850 4257 1000 4323 clausulis
1023 4265 1177 4341 utsupra
1196 4307 1728 4331 .............

365 4461 446 4525 Item
470 4463 636 4545 supplicat,
661 4468 818 4545 quatenus
842 4464 902 4530 sibi
935 4465 968 4530 in
991 4485 1159 4549 personam
1182 4469 1292 4535 dilecti
1322 4469 1488 4536 familiaris
1511 4472 1561 4539 sui
1583 4473 1745 4543 Iohannis

235 4562 378 4629 Herdoni
402 4566 583 4649 presbyteri
606 4567 828 4633 OlomucensIs
855 4569 935 4635 dioc.
970 4571 1010 4635 de
1033 4573 1221 4639 canonicatu
1244 4576 1302 4639 sub
1326 4576 1552 4658 cxpectacione
1576 4581 1744 4661 prebende

235 4667 509 4735 Wratislauiensis
533 4671 705 4753 dignemini
731 4673 909 4756 providere,
933 4693 1002 4739 cum
1033 4678 1254 4758 acceptacione
1292 4682 1364 4762 etc,
1388 4698 1450 4746 non
1473 4680 1632 4758 obstante,
1655 4686 1744 4764 quod

234 4771 465 4853 parrochialem
488 4774 687 4838 ecclesiam
679 4794 712 4840 ιιι
735 4774 961 4859 Heynreichs¹p
982 4779 1202 4846 Olomucensis
1224 4782 1305 4849 dioc
1328 4783 1470 4849 noscitur
1491 4784 1646 4870 obtinere,
1665 4805 1742 4855 cum

233 4874 385 4942 clausulis
416 4883 597 4959 utsupra.

360 4979 442 5044 Item
466 4981 633 5064 supplicat,
657 4989 814 5064 qrratenus
852 4987 952 5052 siti
944 5006 976 5052 ιιι
999 4942 1166 5070 personam
1197 4990 1305 5056 dilecti
1328 4991 1494 5058 familiaris
1517 4994 1567 5060 sui
1588 4941 1742 5064 Nicholai

231 5081 344 5148 Jacobi
367 5083 407 5148 de
430 5084 521 5151 Nouo
544 5086 625 5153 Foro
648 5088 827 5171 presbyteri
862 5091 1137 5159 Wratislauiensis
1160 5095 1240 5159 dioc.
1276 5096 1316 5161 de
1340 5096 1494 5164 beneficio
1517 5099 1740 5170 ecclesiastico

176 5228 183 5238 ·
230 5204 300 5252 curn
324 5208 400 5253 cura
423 5189 473 5254 rel
497 5191 566 5255 sine
590 5210 675 5275 cura,
698 5200 833 5259 vacante
858 5196 908 5260 rel
931 5202 1093 5279 vacaturo,
1117 5203 1284 5280 spectante
1301 5201 1511 5267 communiter
1531 5203 1585 5268 vel
1607 5205 1739 5274 divisim

232 5291 273 5356 ad
295 5291 501 5359 collacionem
523 5299 584 5361 etc.
606 5295 732 5363 abbatis
761 5303 796 5364 et
818 5305 992 5367 conventus
1021 5302 1207 5368 monasterii
1230 5303 1415 5370 Melitensis
1438 5306 1558 5374 ordinis
1580 5328 1606 5376 s.
1630 5310 1739 5380 Bene·
