3944 6060
663 394 729 444 13116
748 390 866 459 Augusti
886 398 916 443 1⁶2
935 421 968 429 -
987 389 1154 460 Septembris
1175 397 1217 444 171
1632 397 1692 460 197

314 600 352 662 D.
376 598 397 662 f.
421 599 552 663 Alberto
583 600 622 664 de
646 599 756 664 Luticz
780 601 899 664 decano
922 601 1056 665 ecclesie
1087 618 1112 664 s
1138 602 1243 682 Egidii
1269 602 1436 681 Pragcnsis
1470 602 1606 667 salutem
1630 609 1692 666 etc.

180 703 396 785 Exigentibus
419 703 639 785 probitatis..
660 752 694 769 ..
719 703 870 767 Exhibita
885 703 1041 784 siquidem
1060 705 1151 768 nobis
1174 724 1276 785 nuper
1299 725 1355 785 pro
1379 712 1470 786 parte
1494 712 1551 769 tua
1573 707 1692 787 peticio

183 808 378 888 continebat,
400 808 484 887 quod
506 807 581 871 olim
604 814 639 870 tu
662 808 770 889 vigore
794 809 989 887 quarundam
1012 809 1177 872 literarum
1209 809 1427 887 nostrorumst)
1457 829 1515 889 per
1539 827 1616 889 qutas
1641 827 1692 872 ta-

183 911 367 975 nonitatum
389 911 422 974 in
444 912 597 993 Pragensi
620 912 757 976 ecclesia
780 914 935 993 obtinens,
959 914 1152 993 prebendam
1176 914 1260 976 dicte
1281 915 1415 977 ecclesie
1440 933 1476 977 ac
1493 915 1693 996 dignitatern,

184 1021 391 1096 personatum
415 1033 472 1078 seu
495 1014 631 1079 officium
651 1035 721 1080 curn
737 1035 813 1080 cura
828 1016 878 1079 vel
896 1017 964 1080 sine
981 1035 1057 1080 cura
1073 1018 1113 1080 ad
1129 1016 1332 1081 collationem
1352 1070 1358 1080 .
1379 1069 1384 1079 .
1406 1069 1412 1080 .
1432 1064 1438 1078 .
1464 1019 1694 1100 archiepiscopi

183 1119 356 1200 Pragensis
386 1125 420 1183 et
443 1121 495 1184 dd.
518 1119 545 1183 ff
573 1121 792 1202 ..prepositi
825 1172 859 1184 ..
886 1122 997 1184 decani
1029 1128 1063 1185 61
1086 1121 1219 1201 capituli
1251 1121 1393 1201 predicte
1417 1121 1564 1202 ecclesie,
1592 1123 1694 1186 eriam

185 1226 214 1288 si
237 1225 270 1287 in
294 1225 431 1289 ecclesia
454 1225 524 1306 ipsa
545 1225 673 1306 existet,
696 1226 909 1305 pertinentem
933 1244 990 1288 seu
1006 1223 1170 1306 pertinens
1194 1226 1401 1289 communiter
1417 1226 1467 1288 vel
1484 1226 1617 1303 divisim,
1642 1245 1694 1290 ex-

184 1330 349 1410 pectabat,
374 1330 562 1393 decanatum
578 1329 714 1393 ecclesie
738 1347 763 1392 s.
780 1330 886 1411 Egidii
903 1329 1083 1409 pragensis,
1108 1330 1160 1410 qui
1178 1330 1318 1411 dignitas
1334 1330 1366 1392 in
1383 1330 1519 1393 ecclesia
1543 1349 1566 1393 s.
1587 1332 1694 1411 Epidii

183 1433 313 1514 prelata.
335 1434 454 1512 existit,
477 1441 511 1497 61
533 1451 625 1514 quem
649 1434 805 1512 quondam
829 1433 1071 1497 Bartholomeus
1088 1433 1215 1497 Gerlaci
1239 1433 1369 1497 ultimus
1393 1434 1536 1497 eiusdem
1559 1435 1695 1498 ecclesie

184 1557 211 1601 s.
236 1537 344 1618 Egidii
367 1538 505 1602 decanus
529 1538 702 1616 obtinebat,
734 1555 791 1617 per
815 1536 915 1616 ipsius
939 1537 1155 1601 bartholomei
1179 1538 1307 1615 obitum,
1331 1537 1384 1616 qui
1408 1544 1499 1600 extra
1522 1538 1695 1601 Romanam

181 1642 307 1704 curiam
338 1641 421 1704 diem
445 1641 560 1704 clausit
582 1648 766 1721 extremum,
797 1648 971 1718 vacantem,
1006 1647 1039 1703 61
1063 1642 1101 1704 ad
1126 1641 1330 1705 collationem
1364 1642 1440 1706 dicti
1464 1642 1697 1722 archiepiscopi

185 1746 403 1826 pertinentem
434 1746 554 1824 tibique
586 1745 664 1809 alias
688 1745 828 1808 debitum
859 1743 942 1807 infra
964 1753 1090 1825 tempus
1114 1745 1290 1823 legitimum
1322 1748 1497 1826 acceptasti
1521 1746 1617 1808 etde
1641 1744 1697 1810 illo

184 1851 247 1913 tibi
270 1850 430 1931 provideri
452 1849 557 1912 fecisti
581 1850 740 1925 canonice,
771 1849 832 1912 uisi
856 1848 962 1912 forsan
987 1849 1160 1928 apostolice
1184 1850 1422 1913 reservationes
1446 1852 1627 1931 obstarent3
1665 1855 1699 1913 ct

187 1954 264 2018 licet
298 1955 406 2034 vigore
441 1952 672 2034 acceptationis
706 1959 739 2016 et
780 1952 970 2033 provisionis
1014 1952 1194 2016 huiusmodi
1225 1954 1413 2016 decanatum
1444 1954 1547 2034 ipsum
1581 1959 1698 2017 extunc

186 2058 382 2139 possederis,
404 2063 499 2138 prout
521 2057 623 2120 adbuc
646 2056 790 2137 possides
815 2054 943 2135 pacifice
967 2063 1000 2119 et
1023 2057 1141 2135 quiete,
1167 2057 1293 2120 dubitas
1317 2066 1432 2134 tamen,
1463 2058 1581 2121 dictum
1606 2059 1699 2121 deca-

184 2169 298 2225 natum
321 2161 421 2224 fuisse
445 2168 588 2242 tempore
612 2161 844 2242 acceptationis
874 2166 909 2223 et
931 2160 1120 2240 provisionis
1151 2162 1365 2241 predictarum
1390 2162 1596 2242 disposicioni
1625 2180 1699 2241 apo·

187 2266 302 2330 stolite
326 2272 533 2346 reservatum,
563 2272 597 2328 et
620 2271 790 2345 propterea
820 2270 852 2327 tc
876 2283 970 2345 posse
1002 2283 1099 2346 super
1128 2283 1166 2328 eo
1197 2266 1403 2345 imposterum
1437 2266 1610 2344 molestari,
1642 2284 1700 2330 nos

186 2370 288 2451 igitur
312 2370 516 2433 attendentes
533 2376 575 2449 tc,
600 2374 636 2431 ut
651 2369 777 2447 asseris,
801 2369 957 2432 carissimi
980 2369 1013 2431 in
1030 2368 1156 2432 Obristo
1171 2368 1226 2431 lilii
1243 2370 1344 2432 nostri
1362 2368 1466 2432 Caroli
1484 2370 1697 2433 Romanorum

187 2474 393 2556 imperatoris
424 2492 549 2555 semper
580 2473 706 2554 augusti
730 2473 938 2554 capellanum,
969 2473 1194 2553 premissorum
1218 2474 1401 2535 vncritorum
1433 2479 1559 2537 tuorum
1582 2474 1701 2536 intuitu

189 2579 299 2642 favore
323 2578 472 2659 prosequi
495 2578 646 2658 gratioso,
669 2577 733 2640 tuis
756 2578 790 2640 in
813 2578 872 2642 hac
896 2583 987 2658 parte
1013 2577 1301 2658 supplicationibus
1319 2576 1472 2658 inclinati,
1498 2579 1642 2641 volumus
1666 2584 1700 2641 61

192 2683 369 2764 apostolica
391 2681 448 2746 tibi
477 2718 509 2726 -
536 2681 568 2743 in
591 2680 847 2763 Wissegradensi
872 2699 969 2763 prope
992 2682 1125 2761 Pragam
1149 2701 1217 2744 6616
1242 2682 1404 2762 prebenda
1428 2688 1462 2745 61
1492 2682 1699 2762 prestimonio

193 2789 272 2852 alias
303 2787 489 2852 obediencia
518 2791 699 2865 nuncupato
729 2792 763 2849 61
792 2786 825 2849 16
856 2786 1000 2866 predicta
1029 2786 1182 2865 Pragensi
1213 2784 1359 2848 ecclesiis
1392 2788 1449 2848 sub
1474 2785 1701 2866 expectatione

193 2893 356 2974 prebende
388 2891 591 2955 canonicatus
621 2898 655 2953 61
686 2891 842 2970 quandam
872 2896 1060 2970 perpetuam
1083 2889 1232 2952 vicariam
1256 2890 1412 2952 obtinenti
1445 2926 1478 2933 -
1509 2890 1701 2953 auctoritate

192 2997 404 3071 concedimus
428 2995 511 3076 quod
535 2995 715 3075 acceptatio
731 3001 765 3057 et
780 2994 917 3074 provisio
933 2994 1077 3074 predicte
1101 2994 1140 3058 de
1158 2994 1226 3074 ipso
1243 2994 1408 3069 decanatu,
1433 3000 1469 3056 ut
1485 2993 1696 3073 premittitur,

192 3103 250 3167 tibi
273 3101 359 3166 facte
383 3106 416 3164 61
439 3100 502 3162 6116
524 3100 598 3163 inde
622 3106 732 3162 secuta
755 3098 887 3178 perinde
911 3116 930 3160 a
953 3097 1028 3160 data
1051 3098 1250 3178 presencium
1280 3097 1408 3161 valeant
1434 3104 1468 3161 el
1490 3098 1617 3179 plenam
1641 3099 1701 3160 ob·

194 3209 319 3271 tineent
341 3205 462 3270 roboris
486 3203 675 3279 firmitatem,
700 3221 736 3265 at
759 3203 786 3266 si
810 3203 849 3265 de
873 3202 1029 3265 decanatu
1053 3201 1175 3282 prefato
1192 3221 1249 3282 per
1265 3201 1373 3265 sedem
1390 3202 1596 3282 apostolicam
1616 3201 1704 3263 nulla

195 3310 375 3377 reservatio
398 3308 482 3373 facta
504 3307 596 3372 foret.
628 3355 714 3374 ....
751 3306 788 3369 D.
814 3307 897 3385 apud
921 3304 1150 3368 Villamnouam
1176 3306 1399 3369 Aniniouensis
1424 3306 1502 3368 dioc.
1528 3325 1599 3369 nun.
1626 3304 1704 3386 Sep-

198 3417 329 3483 tembris
353 3436 380 3515 a.
405 3419 529 3495 quarto.

327 3606 360 3657 R.
381 3607 430 3656 Av.
451 3600 654 3655 1331613111Ι
676 3629 708 3638 -
730 3600 748 3665 ¹)
767 3596 844 3651 Cous.
864 3613 903 3648 nr.
925 3603 984 3648 110.

879 3753 1050 3761 -.,.--.ι-

194 3940 286 4004 480.
312 3937 467 4018 Episcopo
493 3933 698 3996 Potncniensi
720 3928 903 4010 mundatur,
926 3932 1080 4006 66616666
1103 3926 1246 3993 1616661
1270 3926 1401 4009 06616911
1423 3928 1569 3990 canonico
1601 3927 1705 3990 11611-

197 4043 348 4108 claviensi
369 4042 404 4104 16
424 4043 493 4104 turc
505 4040 654 4102 canonico
664 4035 804 4100 studenti
815 4034 858 4098 661
869 4032 1130 4115 supplicationem
1152 4033 1315 4096 Kuctmirt'
1338 4032 1488 4095 Pctonc'ot
1510 4032 1592 4110 repis
1612 4053 1707 4113 pruc-

183 4148 374 4228 posituram
401 4136 990 4221 66616616666116916166[6661616666
1015 4134 1203 4200 Gncznensls
1233 4135 1311 4202 drot.
1343 4140 1417 4199 1666
1439 4140 1603 4199 tutantem
1633 4154 1703 4200 con·

183 4257 296 4331 jtrot,
319 4251 563 4323 66661616616,
596 4246 678 4328 qnod
696 4248 826 4326 praeter
849 4241 930 4304 otios
951 4242 986 4304 tn
1016 4239 1258 4303 116611616616666ι
1281 4242 1409 4303 ccclesia
1434 4260 1504 4302 cnrn
1523 4239 1708 4320 praebendo

203 4359 423 4422 cunonitatnm
452 4353 576 4417 obtirttt.
623 4351 787 4430 „Dipnnm
824 4345 1042 4410 arbitramur“
1082 4344 1257 4425 „Aniniont
1295 4341 1361 4404 XV
1388 4343 1451 4407 ltut.
1496 4341 1637 4404 Octobris
1674 4363 1706 4404 6.

883 4454 1027 4528 666616.ιι

268 4566 337 4672 ἑ.
370 4606 371 4610 =
1103 4585 1264 4663 Atinione,
1288 4587 1374 4648 13:36
1398 4583 1589 4665 Septentbris
1616 4587 1666 4647 17.

330 4790 362 4844 R.
383 4791 432 4841 dv.
452 4791 501 4839 132
520 4784 566 4837 fol.
585 4788 644 4836 266.
658 4781 766 4849 -ch.
786 4780 860 4847 apud
872 4779 999 4842 Theiner,
1018 4777 1092 4829 bion.
1114 4776 1171 4826 Pol.
1192 4775 1280 4842 lpug.
1295 4779 1353 4826 5811.

852 4917 1060 4929 ———

202 5076 444 5164 48161666
466 5090 625 5158 Johonnt's
647 5090 811 5166 confertur
834 5084 877 5146 661
899 5081 1159 5165 supplicationem
1185 5079 1341 5143 Katimiri
1372 5077 1523 5141 Potoniut
1552 5076 1637 5156 repis
1661 5095 1711 5138 cu·

207 5201 367 5265 6661661666
389 5185 1018 5279 616666166616666166166(1666666616,
1053 5204 1129 5265 qnos
1152 5183 1318 5246 Arnoldns
1341 5182 1378 5245 616
1401 5181 1624 5258 1666661661
1658 5177 1712 5258 pai

204 5303 284 5367 61166
306 5300 525 5367 canonicatum
547 5302 577 5361 61
596 5294 809 5379 praebendum
833 5291 969 5355 eiusdem
999 5288 1145 5353 ecclcsiae
1167 5290 1331 5350 assecutas
1355 5290 1409 5358 cst,
1434 5284 1621 5362 obtinuerat,
1653 5301 1715 5344 666
