3944 6060
604 397 669 483 retr
689 427 807 496 amau
826 433 856 482 rr
877 455 910 468 -
928 428 1047 497 samsai
1064 416 1106 482 ssi
1545 428 1610 493 499

103 639 314 719 incurrerunt,
349 637 440 701 iuxta
472 635 604 703 formam
627 636 775 716 ecclesie,
811 637 838 701 si
861 637 920 703 hoc
943 636 1119 703 humiliter
1139 638 1381 721 postulaverint,
1406 643 1442 702 et
1465 635 1612 719 predicta

106 741 245 806 raritate
279 741 431 820 nitantur,
467 761 503 805 ac
525 741 708 825 imponendi
742 741 790 806 eis
824 741 1006 824 superbiis
1028 742 1241 825 penitenciam
1273 742 1447 807 salutarem
1478 745 1513 805 et
1535 740 1607 814 alia,

104 862 164 926 que
189 845 230 909 de
252 845 322 909 inre
346 844 466 910 inerint
487 846 693 928 iniungenda,
712 897 720 913 .
741 895 747 909 .
766 893 775 910 .
795 897 802 911 .
826 845 1022 911 fraternitati
1045 851 1099 911 tue
1122 847 1249 929 plenam
1272 853 1306 911 et
1327 846 1461 912 liberam
1498 849 1609 911 tenore

103 949 301 1031 presencium
325 950 526 1014 concedimus
557 949 752 1014 facultatem.
798 948 951 1014 Volumus
982 955 1098 1032 autem,
1132 951 1216 1032 quad
1240 951 1302 1017 duo
1326 968 1365 1014 ex
1389 949 1544 1032 predictis
1567 949 1607 1014 ci·

103 1053 193 1118 vibus
215 1053 298 1118 infra
321 1058 392 1119 octo
416 1054 573 1119 mensium
596 1054 736 1136 spacium
761 1053 872 1119 adata
894 1054 1094 1137 presencium
1118 1056 1351 1136 conputaudum
1376 1073 1410 1119 sa
1435 1054 1608 1137 apostolico

103 1157 286 1240 conspectui
308 1162 544 1239 representem,
568 1163 602 1222 et
625 1157 652 1221 si
676 1158 753 1223 dicti
776 1157 839 1222 duo
862 1157 949 1222 cives
964 1158 1047 1224 infra
1070 1158 1248 1241 predictum
1272 1164 1398 1241 tempus
1422 1177 1457 1223 se
1481 1164 1606 1240 aposto·

103 1261 164 1327 lico
187 1262 372 1344 conspectui
410 1281 472 1327 nou
507 1261 811 1345 representaveriut,
845 1269 881 1327 ut
904 1262 1074 1346 prefertur,
1109 1279 1218 1327 omues
1240 1262 1376 1344 predicti
1400 1262 1551 1327 Nicolaus
1573 1266 1608 1326 et

102 1365 187 1430 airas
211 1365 332 1448 etalii,
366 1383 445 1447 qnos
476 1371 607 1448 propter
629 1366 785 1448 premissa
807 1367 936 1432 duxeris
967 1366 1185 1445 absolvendos,
1216 1367 1249 1431 iu
1273 1367 1426 1450 pristinas
1450 1383 1549 1449 penas
1573 1371 1607 1431 et

102 1469 285 1534 sentencias
308 1468 501 1535 relabantur.
527 1471 564 1534 D.
590 1469 747 1535 huinioue
771 1470 820 1535 Ill
843 1470 885 1535 id.
909 1470 1046 1553 Augusti
1069 1490 1097 1536 a.
1121 1488 1213 1535 nono.

222 1655 254 1709 lt.
274 1659 324 1709 Ar.
347 1660 394 1708 tto
413 1655 460 1711 fal.
481 1663 548 1710 431⁶.

101 1988 220 2056 1250.
256 1985 414 2066 obligatio
443 1985 674 2070 archiepiscopi
708 1987 987 2070 Mapdebargen'ss's
1015 2012 1075 2072 per
1108 1990 1289 2056 Ganradma
1321 1990 1477 2055 vicariam
1505 2011 1603 2073 prae·

95 2090 262 2173 positurae
298 2091 445 2156 ecelesiae
482 2090 665 2175 Pragenas‘s,
705 2095 1085 2283 Ἑοέιὲνᾶοἱῗζινῖαυηι.
1140 2092 1241 2180 [,Ds‘a
1280 2095 1361 2159 XXI
1395 2093 1533 2175 Augusti
1570 2115 1624 2207 a.-

1235 2321 1320 2383 1361
1344 2318 1483 2404 Augusti
1504 2324 1554 2389 21.

228 2505 288 2560 Obl.
308 2513 336 2559 et
353 2505 407 2560 Sol.
427 2510 461 2559 ³5
479 2506 526 2560 iol.
545 2512 569 2560 l.
589 2535 621 2546 -
642 2509 667 2574 ι)
686 2505 849 2576 suppletum
868 2508 988 2563 exuatis
1006 2508 1034 2562 in
1053 2507 1146 2563 codice
1165 2507 1401 2577 praecedentibus.

99 2891 214 2957 1251.
240 2887 371 2954 Carolus
397 2891 611 2953 Rornanorum
632 2887 806 2972 imperator
820 2893 850 2954 et
868 2887 1036 2956 Babams‘ae
1057 2910 1115 2956 rea
1128 2891 1299 2974 supplicat,
1315 2895 1470 2976 quatcma
1492 2893 1597 2972 iufra·

430 2992 560 3076 scriptis
579 2994 725 3075 personis
746 2994 890 3060 diversae
909 2994 1036 3093 gratim
1057 2995 1277 3061 concedantur.

1053 3134 1214 3214 Aethione,
1237 3136 1322 3199 1361
1346 3136 1483 3220 Augusti
1503 3139 1560 3203 22,

225 3321 390 3405 Supplicat
412 3321 453 3387 Sl
478 3321 529 3385 V¹⁰
547 3322 681 3389 devotus
704 3322 787 3387 tilius
819 3329 927 3388 vester
958 3324 1094 3389 Karalus
1126 3326 1335 3390 Romanorum
1366 3325 1540 3407 imperator
1562 3346 1599 3390 ac

96 3425 247 3491 Bohemie
269 3445 335 3510 rex,
366 3433 522 3507 quatenus
545 3427 605 3491 sibi
629 3425 661 3492 in
685 3445 851 3509 personam
883 3428 992 3492 dilecti
1022 3429 1179 3511 capellani
1211 3428 1432 3493 commensalis
1463 3428 1512 3493 sui
1536 3429 1598 3493 Ha·

95 3529 184 3594 bardi
208 3531 395 3613 presbyteri,
418 3531 485 3595 nati
508 3531 623 3596 nobilis
646 3530 784 3595 Conradi
807 3530 846 3595 de
862 3530 1065 3614 Telezowicz,
1090 3532 1261 3615 specialem
1277 3532 1417 3614 graciam
1431 3532 1596 3616 iacientes,

95 3633 134 3697 de
157 3633 414 3700 archidiaconatu
445 3635 580 3699 ecclesie
610 3635 789 3717 Pragausis,
820 3640 953 3700 vacante
977 3636 1018 3699 ad
1040 3653 1173 3718 presens
1199 3656 1256 3718 per
1287 3636 1405 3701 obitum
1438 3637 1595 3718 quondam

95 3738 236 3803 Durandi
248 3739 390 3803 eiusdem
403 3739 676 3804 archidiaconatus
689 3738 912 3822 archidiaconi,
926 3739 981 3820 qui
996 3757 1098 3822 nuper
1113 3740 1145 3803 in
1163 3740 1251 3804 curia
1266 3740 1349 3804 diem
1366 3757 1456 3805 suum
1479 3741 1595 3806 clausit
1657 3739 1662 3745 ’

94 3849 277 3921 extremum,
301 3842 404 3906 eidem
427 3842 575 3907 Hahardo
600 3842 772 3925 dignamini
787 3842 1035 3908 misericorditer
1049 3844 1225 3926 providere,
1241 3862 1304 3910 non
1327 3845 1485 3924 obstante,
1509 3846 1592 3926 qrrad

94 3947 310 4012 canonicatum
333 3946 469 4010 ecclesie
491 3946 660 4029 Pragausis
683 3964 740 4027 per
762 3946 954 4012 eleccionem
977 3947 1108 4029 capituli
1131 3947 1275 4012 eiusdem
1290 3948 1426 4013 ecclesie
1441 3953 1476 4014 et
1491 3947 1593 4013 altare

94 4057 272 4117 sauctomm
296 4050 407 4116 Cosme
431 4057 465 4114 et
487 4050 633 4115 Damiaui
655 4051 689 4115 iu
710 4051 781 4133 ipsa
796 4051 949 4134 Pragensi
972 4051 1108 4116 ecclesia
1123 4058 1157 4116 et
1172 4052 1400 4135 parrochialem
1425 4052 1593 4117 ecclesiam

93 4155 125 4220 in
148 4155 297 4220 Wrrwicz
319 4155 462 4220 noscitur
483 4155 663 4235 obtinere¹l
694 4154 839 4236 quodque
866 4172 962 4237 super
992 4157 1178 4221 canonicatu
1201 4162 1236 4222 et
1265 4157 1428 4239 prebenda
1458 4157 1594 4222 ecclesie

94 4278 117 4324 s.
134 4259 262 4341 Georgii
275 4258 307 4322 in
324 4264 428 4323 castro
442 4258 592 4340 Pragausi
604 4259 638 4323 in
650 4259 794 4341 partibus
809 4259 936 4342 litigare
952 4266 1109 4343 nascatur,
1122 4279 1215 4342 quam
1231 4260 1397 4325 ecclesiam
1413 4278 1484 4324 cnm
1500 4260 1594 4325 altari

94 4370 223 4444 paratus
246 4368 297 4428 est
319 4363 490 4448 dimittere,
522 4364 595 4427 dnm
620 4380 752 4446 presens
775 4366 882 4446 gracia
904 4382 994 4429 suum
1018 4365 1132 4430 sortita
1154 4364 1251 4429 luerit
1274 4364 1437 4447 effectum,
1467 4370 1592 4429 etcum

92 4467 208 4532 ceteris
231 4468 513 4533 nonobstantibus
536 4477 570 4532 et
592 4468 742 4532 clausulis
765 4468 930 4550 oportunis
953 4488 990 4534 ac
1012 4469 1236 4534 executoribus
1259 4473 1295 4533 ut
1315 4469 1349 4532 in
1371 4468 1516 4547 forma.⁸)

219 4694 299 4758 Item
323 4700 479 4774 quatenus
502 4694 618 4759 dilecto
642 4693 702 4758 sibi
727 4692 881 4758 Czadcoui
897 4693 973 4758 olim
988 4694 1103 4759 nabilis
1119 4694 1178 4758 viri
1195 4693 1351 4759 Dominici
1367 4694 1407 4758 de
1423 4693 1589 4759 Passaner

91 4796 205 4863 clerico
229 4798 397 4880 Pragausis
420 4798 499 4864 dioc.
524 4797 694 4880 specialem
710 4799 847 4879 graciam
870 4795 1034 4879 iacientes,
1057 4798 1096 4863 de
1120 4798 1244 4880 capella
1266 4815 1290 4862 s.
1308 4797 1415 4880 Egidii
1434 4797 1586 4879 Pragausi

92 4901 159 4965 sine
182 4920 267 4985 cura,
286 4908 419 4967 vacante
442 4919 501 4983 per
526 4902 645 4967 obitum
669 4901 825 4981 quondam
854 4901 1009 4967 lobannis
1032 4902 1071 4965 de
1095 4901 1266 4984 Haranicz,
1297 4901 1400 4966 ultimi
1432 4901 1590 4984 capellani

91 5005 242 5088 eiusdem,
267 5005 320 5086 qui
343 5023 444 5088 nuper
466 5006 499 5070 in
523 5006 610 5071 curia
639 5005 723 5070 diem
746 5005 861 5070 clausit
890 5010 1075 5088 extremum,
1105 5005 1209 5070 eidem
1233 5005 1390 5071 Czadconi
1414 5005 1586 5087 dignemini

91 5109 338 5175 misericorditer
361 5110 537 5191 providere,
561 5129 630 5174 aum
654 5110 771 5175 ceteris
795 5110 945 5175 clausulis
969 5129 1065 5192 supra
1087 5110 1266 5193 descriptis.

218 5213 290 5277 Fiat
313 5213 387 5291 G.⁸)

217 5317 298 5381 ltem
321 5324 477 5398 quatenus
499 5319 616 5384 dilecto
640 5338 697 5384 suo
720 5318 877 5384 Ozencoui
894 5319 968 5384 olim
984 5319 1099 5383 nobilis
1117 5319 1174 5383 viri
1193 5320 1348 5385 Dominici
1364 5320 1404 5384 de
1420 5320 1583 5385 Passoner
