3944 6060
779 466 845 513 1101
865 458 958 513 Mami
979 465 991 511 1
1012 490 1044 499 -
1063 459 1156 513 Martii
1176 464 1216 513 rr.
1688 464 1751 528 229

246 677 300 733 auu
324 669 508 749 cuicumque
531 668 600 734 loco
624 669 673 731 vel
697 668 842 749 religioni
866 667 1018 731 factarum
1041 668 1196 732 hactenus
1228 674 1261 733 et
1284 673 1400 732 extunc
1422 668 1647 747 faciendarum,
1682 690 1752 735 curn

246 792 303 855 per
326 790 451 837 cessum
471 772 521 837 vel
537 772 701 836 decessum
718 771 852 853 illorum,
875 772 928 853 qui
945 771 1099 837 beneficia
1113 771 1203 836 unita
1218 771 1397 836 huiusmodi
1414 772 1605 855 obtinerent,
1630 774 1751 840 eisdem

245 876 400 955 ecclesiis,
431 875 640 956 monasteriis,
667 875 884 958 dignitatibus,
904 877 1133 957 personatibus,
1157 874 1278 955 officiis,
1301 876 1481 956 prebendis,
1505 876 1666 941 beneficiis
1694 884 1749 942 aut

246 980 314 1044 loco
345 981 397 1044 vel
419 980 566 1062 religioni
596 979 745 1043 devenire
777 980 984 1061 contingeret,
1015 980 1235 1061 percipiendos
1245 987 1270 1056 e)
1302 976 1435 1060 modiss)
1458 979 1670 1062 infrascriptis
1693 1001 1751 1063 pro

247 1084 368 1149 eisdem
388 1083 635 1148 necessitatibus
658 1083 769 1147 utilius
792 1083 972 1147 relevandis
981 1085 1010 1165 ⁸)
1034 1084 1223 1148 auctoritate
1239 1084 1413 1166 apostolica
1436 1085 1591 1164 usquead
1608 1090 1751 1149 nostrum

248 1188 484 1269 beneplacitum
508 1188 655 1251 duximus
678 1187 887 1252 reservandos
911 1192 945 1250 et
968 1187 1173 1269 applicandos
1202 1206 1325 1252 camere
1350 1187 1506 1270 antefate;
1540 1208 1600 1253 non
1625 1190 1749 1253 obstan·

247 1291 332 1355 tibus
352 1291 590 1371 quibuscunque
614 1291 744 1355 statutis
759 1298 793 1355 et
815 1290 1096 1355 consuetudinibus
1119 1290 1335 1371 ecclesiarum,
1360 1291 1623 1356 monasteriorum
1650 1298 1683 1356 et
1706 1292 1749 1356 lo·

247 1414 363 1476 corum,
393 1394 563 1476 inquibus
594 1395 773 1460 huiusmodi
805 1395 987 1477 dignitates,
1017 1399 1216 1475 personatus,
1248 1394 1551 1476 administrationes,
1582 1397 1751 1479 prioratus,

247 1498 351 1563 officia
373 1505 408 1562 et
430 1498 584 1563 beneficia
606 1497 719 1576 forent,
744 1499 920 1580 contrariis,
943 1499 1131 1580 iuramento,
1155 1497 1395 1563 confirmacione
1413 1499 1586 1580 apostoliea
1603 1501 1653 1563 vel
1677 1519 1751 1580 qua·

247 1621 370 1682 cunque
393 1601 542 1667 finnitate
567 1602 630 1666 alia
651 1604 817 1683 roboratis,
841 1608 897 1666 aut
920 1601 947 1666 si
969 1602 1099 1683 fructus,
1123 1602 1266 1665 redditus
1290 1607 1324 1665 et
1339 1609 1510 1683 proventus
1533 1602 1714 1667 huiusmodi
1724 1601 1751 1679 h)

248 1705 339 1786 primi
364 1705 438 1768 anni
461 1722 499 1768 ex
524 1705 700 1786 privilegiis
724 1707 808 1770 dicte
832 1706 918 1770 sedis
941 1707 992 1769 vel
1016 1705 1095 1770 alias
1118 1707 1158 1770 de
1181 1707 1251 1771 iure
1279 1724 1335 1769 seu
1359 1707 1588 1770 consuetudine
1612 1708 1663 1769 vel
1687 1713 1751 1771 sta-

247 1815 315 1874 tuto
339 1810 438 1875 alicui
460 1810 510 1873 vel
534 1809 692 1889 aliquibus
715 1810 917 1885 deberentur,
942 1809 1009 1872 sive
1026 1810 1065 1872 ad
1082 1809 1231 1873 fabricam
1248 1810 1465 1891 ecclesiarum,
1488 1810 1751 1876 monasteriorum

248 1930 304 1977 seu
326 1915 466 1979 locorum
497 1914 710 1994 quorumlibet
740 1931 797 1994 per
819 1930 1031 1992 quoscumque
1063 1915 1204 1978 concessi
1227 1913 1365 1978 fuissent
1395 1934 1451 1979 seu
1475 1916 1575 1979 eciam
1599 1915 1754 1997 deputati,

249 2017 297 2080 vel
320 2019 521 2098 contingeret
550 2017 654 2082 medio
684 2023 826 2098 ternpore
857 2018 985 2082 concedi
1017 2034 1074 2081 seu
1105 2019 1204 2082 eciam
1235 2017 1392 2099 deputari,
1423 2025 1478 2082 aaut
1512 2019 1539 2082 si
1562 2018 1753 2083 fuissentin

249 2138 322 2184 usus
345 2121 426 2186 alios
450 2121 665 2186 convertendi.
694 2118 888 2191 Voluimusil
912 2128 1027 2203 autem,
1051 2122 1144 2202 quod,
1169 2122 1195 2185 si
1218 2123 1303 2186 idem
1327 2121 1515 2187 beneficium
1537 2124 1587 2187 bis
1610 2124 1661 2186 vel
1684 2123 1753 2204 plu·

248 2226 310 2290 ries
334 2225 446 2290 eodem
478 2244 559 2289 anno
590 2232 726 2302 vacaret,
762 2245 822 2290 non
854 2226 914 2290 nisi
947 2226 1045 2290 semel
1068 2225 1197 2307 fructus,
1232 2225 1376 2290 redditus
1407 2234 1441 2290 et
1467 2233 1639 2308 proventus
1663 2227 1753 2290 iuxta

250 2329 447 2393 taxacionem
471 2329 592 2394 decime
616 2330 836 2410 reciperentur
858 2329 953 2411 illius,
977 2336 1012 2393 ut
1035 2329 1159 2394 scilicet
1174 2348 1336 2410 summam,
1359 2350 1415 2412 pro
1431 2350 1493 2412 qua
1508 2331 1753 2411 unumquodque

248 2432 474 2497 beneficiorum
496 2433 636 2514 ipsorum
659 2433 692 2496 in
716 2433 816 2514 ipsius
840 2433 961 2498 decime
984 2433 1145 2497 solucione
1168 2439 1305 2515 taxatur,
1337 2453 1463 2498 carnera
1485 2433 1630 2516 predicta
1652 2435 1752 2516 perci·

245 2542 347 2619 peret,
372 2537 589 2602 obtinentibus
612 2537 668 2600 illa
691 2537 783 2601 totali
807 2538 934 2601 residuo
957 2537 1136 2601 huiusmodi
1160 2537 1351 2618 reddituum,
1381 2537 1538 2602 fructuum
1562 2545 1596 2602 et
1619 2557 1752 2619 proven·

244 2644 345 2722 tuum,
376 2659 417 2705 ex
440 2660 501 2721 quo
524 2642 742 2706 incumbentia
765 2642 813 2705 eis
836 2649 1024 2723 supportare
1048 2648 1235 2706 tenerentur
1265 2660 1370 2719 oraora,
1403 2648 1598 2721 remanente,
1645 2661 1753 2706 eorum

243 2751 352 2809 autem
377 2742 611 2819 beneficiorum,
635 2764 696 2825 que
721 2752 829 2809 taxata
851 2764 914 2809 non
936 2744 1041 2810 forent
1066 2747 1106 2809 ad
1130 2746 1292 2822 decimam,
1324 2745 1490 2826 fructuum,
1514 2746 1695 2809 reddituum
1720 2752 1754 2809 et

239 2854 457 2930 proventuum
491 2849 697 2912 medietatem
722 2850 761 2913 ad
784 2849 940 2930 prefatam
964 2867 1129 2930 cameram,
1165 2849 1258 2913 aliam
1281 2868 1356 2914 vero
1380 2849 1586 2915 medietatem
1609 2850 1649 2913 ad
1673 2850 1752 2914 obti-

238 2959 361 3016 nentes
384 2952 441 3016 illa
464 2953 619 3017 voluimus
643 2955 814 3035 pertinere,
838 2954 885 3017 ita
907 2958 1023 3034 tamen,
1046 2954 1129 3035 quod
1153 2953 1333 3017 obtinentes
1356 2953 1419 3034 ipsi
1442 2953 1481 3017 de
1498 2960 1682 3017 remanente
1706 2954 1754 3017 eis

236 3056 421 3120 medietate
453 3056 633 3121 huiusmodi
663 3058 880 3122 incumbenaia
909 3056 973 3120 illis
1007 3065 1194 3121 tenerentur
1227 3075 1324 3121 onera
1358 3062 1557 3139 supportare.
1605 3056 1754 3121 Ceterum

238 3160 406 3225 voluimus
437 3166 471 3223 et
500 3162 692 3225 auctoritate
722 3161 902 3225 litterarum
924 3167 1103 3225 nostrarum
1136 3157 1373 3242 declaramus,1')
1410 3162 1493 3240 quod
1516 3162 1696 3225 reservacio
1720 3165 1754 3224 et

234 3264 423 3346 applicacio
446 3264 626 3329 huiusmodi
649 3266 688 3328 ad
713 3266 892 3330 abbaciales
915 3272 1086 3346 regulares
1110 3284 1170 3344 que
1194 3270 1300 3328 tamen
1317 3266 1543 3328 conventuales
1567 3265 1753 3344 existerent,

234 3375 301 3431 aut
324 3368 366 3431 ad
389 3367 551 3450 beneficia,
577 3388 708 3450 qnorum
723 3369 854 3451 fructus,
877 3370 1031 3451 redditus,
1056 3373 1229 3450 proventus
1245 3369 1341 3432 aurrui
1357 3387 1466 3432 verum
1483 3370 1620 3433 valorem
1645 3370 1754 3432 decern

232 3470 399 3536 librarum
423 3472 651 3538 Turonensium
675 3492 843 3556 parvorum
866 3493 929 3538 uon
945 3475 1145 3554 excederent,
1169 3492 1225 3537 seu
1250 3474 1289 3537 ad
1309 3474 1444 3537 vicarias
1468 3479 1524 3536 aut
1547 3472 1626 3555 adl)
1651 3474 1754 3553 capel-

232 3574 351 3640 lanias
375 3578 603 3659 utplurimum
627 3597 645 3642 a
668 3578 896 3642 decedentibus
920 3578 1091 3640 secundum
1115 3595 1233 3640 morem
1257 3577 1453 3640 diversarum
1477 3577 1682 3639 ecclesiarum
1706 3576 1753 3639 in-

234 3683 380 3744 stitutas
401 3682 440 3746 ad
457 3683 571 3748 missas
593 3701 650 3764 pro
666 3682 746 3763 ipsis
770 3682 998 3746 decedentibus
1022 3681 1227 3746 celebrandas
1251 3682 1347 3743 certis
1371 3680 1554 3744 constitutis
1577 3679 1755 3742 redditibus

234 3787 445 3867 presbyteris
468 3786 547 3850 inibi
570 3786 805 3851 celebrantibus
829 3787 878 3850 vel
903 3786 992 3868 aliae,
1017 3792 1053 3848 ut
1075 3785 1196 3848 diurnis
1213 3782 1275 3866 et¹)
1299 3784 1462 3848 nocturnis
1485 3783 1571 3847 horis
1595 3782 1755 3846 canonicis

235 3886 277 3951 iu
302 3888 450 3952 eeclesiis
474 3890 668 3954 interessent
691 3890 820 3971 eisdem,
844 3890 1010 3953 dummodo
1033 3890 1146 3970 viginti
1168 3888 1319 3952 librarum
1334 3888 1563 3953 Turonensium
1587 3905 1755 3968 parvorum

238 3993 389 4057 valorem
414 4011 550 4057 annuum
574 4012 636 4057 non
659 3994 862 4071 excederent,
894 3993 960 4057 sive
984 3993 1160 4057 cotidianas
1191 3993 1437 4057 distribuciones
1469 3990 1681 4071 quarumlibet
1705 4010 1754 4054 ec·

238 4096 421 4160 elesiarum
443 4114 500 4160 seu
524 4098 741 4161 anniversaria
770 4097 820 4160 vel
852 4096 1072 4177 obvencioues,
1102 4115 1164 4178 que
1195 4097 1234 4160 ad
1257 4104 1377 4161 certum
1409 4095 1484 4175 quid
1513 4095 1665 4176 deputate
1689 4095 1754 4158 exi-

239 4205 383 4280 sterent,
408 4200 468 4264 nisi
492 4201 532 4265 ad
548 4200 604 4263 illa
619 4201 670 4265 vel
685 4202 768 4283 illas,
776 4206 812 4281 ¹⁰)
836 4218 896 4282 que
919 4201 994 4282 illis,
1017 4201 1195 4282 quiessent
1216 4201 1395 4265 incivitate
1413 4200 1462 4262 vel
1486 4199 1554 4263 loco
1578 4205 1755 4280 presentes,

239 4304 500 4386 consuevissent,
531 4306 672 4385 quamvis
696 4306 782 4370 horis
806 4325 867 4369 non
891 4306 1085 4370 interessent
1107 4304 1296 4387 huiusmodi,
1320 4302 1459 4383 elargiri,
1491 4301 1674 4367 nullatenus
1699 4320 1752 4365 ex-

242 4407 471 4490 tenderentur,
500 4408 546 4471 1111
572 4427 654 4486 vero,
679 4410 793 4490 quibus
816 4409 946 4492 t'ructuS,
971 4409 1151 4490 redditusll
1175 4416 1209 4472 et
1231 4413 1403 4489 proventus
1426 4405 1519 4486 primi
1544 4405 1617 4468 anni
1645 4406 1754 4469 huius-

235 4511 334 4576 modi
359 4511 583 4577 benefiaiarum
613 4514 751 4594 ipsorum
776 4514 969 4578 deberentur
991 4513 1030 4577 de
1054 4514 1132 4593 iure,
1163 4511 1338 4593 privilegio,
1363 4508 1591 4573 consuetudine
1615 4508 1666 4570 vel
1690 4514 1754 4572 sta·

238 4619 329 4698 tuto,
354 4634 436 4680 anrro
460 4617 606 4696 sequenti
630 4635 685 4681 eos
709 4618 919 4699 perciperent,
951 4617 1033 4679 sicut
1055 4615 1156 4696 primo
1180 4633 1261 4678 auno
1284 4613 1429 4689 luissent,
1454 4613 1480 4674 si
1504 4630 1565 4675 non
1589 4614 1755 4676 obstarent

239 4720 428 4785 reservacio
452 4726 486 4784 et
509 4722 682 4803 applicacio
717 4727 824 4786 nostre
854 4720 1044 4801 huiusmodi,
1075 4718 1265 4800 percepturi.
1304 4716 1467 4781 Voluinrus
1498 4715 1638 4796 insuper,
1671 4716 1755 4795 quod

239 4823 380 4908 stactus,
405 4825 550 4890 redditus
574 4832 607 4890 et
630 4831 801 4908 proventus
825 4827 1029 4907 prioratuum,
1060 4823 1259 4905 dignitatum,
1292 4825 1527 4902 personatuum,
1552 4818 1753 4882 administra-

244 4930 384 5010 oionum,
407 4927 590 5011 officiorum,
615 4931 855 4995 canonicatuum
878 4935 912 4994 et
935 4929 1166 5011 prebendarum
1190 4946 1225 4991 ac
1248 4927 1380 4990 aliorum
1398 4923 1621 4989 beneficiorum
1644 4923 1754 4987 huius-

245 5033 344 5115 modi,
368 5033 421 5113 qui
445 5038 510 5097 1011
533 5040 694 5099 exnostra
717 5054 809 5115 quam
833 5034 936 5098 felicis
959 5032 1190 5097 recordacionis
1214 5030 1386 5095 Olernentis
1410 5048 1491 5110 pape
1508 5027 1561 5104 VI,
1585 5028 1753 5108 predeces-

249 5136 331 5200 soris
347 5137 460 5220 uostri,
475 5139 695 5203 reservacione
709 5157 744 5202 ac
758 5138 972 5220 applicacione
989 5155 1087 5217 usque
1105 5138 1144 5200 ad
1157 5137 1240 5199 diem
1254 5135 1327 5198 date
1344 5134 1522 5197 litterarum
1538 5137 1716 5194 nostrarum
1726 5134 1753 5209 ⁰)

252 5237 391 5321 ipsarum
414 5259 537 5306 camere
560 5242 685 5324 prefate
709 5243 942 5322 debebantur)
965 5244 1003 5306 ab
1027 5242 1084 5323 eis,
1115 5259 1173 5322 per
1195 5257 1273 5319 quos
1296 5238 1498 5317 deberentur,
1530 5253 1600 5298 curn
1623 5234 1753 5315 integri·

254 5348 318 5408 tate
341 5345 515 5410 solvantur.
543 5344 697 5422 Quocirca
719 5345 906 5412 discrecioni
916 5347 944 5427 l)
968 5351 1022 5409 tue
1046 5362 1103 5426 per
1126 5341 1300 5424 apostolica
1322 5341 1440 5421 scripta
1463 5338 1656 5419 mandamus,
1679 5354 1753 5417 qua·
