3944 6060
716 388 781 442 lace
799 380 966 457 Septembris
985 391 1019 442 30
1037 416 1069 426 -
1090 378 1215 442 Octobris
1234 392 1258 440 l.
1682 377 1742 456 155

231 599 325 664 380.
351 596 485 662 Nicoluo
500 596 536 660 de
554 595 782 660 standardum
793 602 820 666 ⁸)
836 597 1083 663 rae-canonicam
1098 597 1246 662 ecclesiae
1270 599 1462 665 Vurmiensis
1473 599 1503 686 b)
1526 597 1582 666 sub
1599 602 1744 680 cepena-

232 704 316 766 tione
333 699 535 784 praebendae
554 701 744 782 providetur.
774 702 864 780 ,Vite
888 723 925 766 ac
947 703 1087 765 irrorum“
1119 702 1233 784 „Apud
1263 704 1493 771 Villamuouum
1516 704 1744 770 Auiniouensis

233 807 308 870 dioc.
344 807 382 871 ll
405 805 468 870 lral.
502 806 643 877 Octobris
673 828 703 870 a.
734 806 859 870 tercio“.
883 843 925 853 -
947 807 986 870 ln
1016 828 1039 870 e.
1070 827 1111 873 rn.
1143 807 1286 890 episcopo
1311 805 1470 875 Ciolmensi
1498 813 1528 874 ct
1556 806 1740 891 praeposito

505 911 755 974 Pomcsanieusis
778 912 802 990 c)
827 931 864 975 ao
885 910 1040 976 sacristae
1064 910 1283 977 Aninioncusis
1306 912 1518 978 ecclesiarum.
1549 931 1552 938 ’

264 1106 272 1121 .
306 997 375 1186 ὲ
718 1116 719 1119 ,
937 1049 1033 1133 Apud
1066 1048 1300 1134 Villamnocam,
1324 1054 1410 1117 1355
1434 1050 1624 1135 Septembris
1646 1051 1697 1112 30.

366 1237 397 1292 R
418 1239 468 1297 Aa,
489 1244 535 1291 131
557 1237 602 1291 fol.
622 1241 681 1304 380,
700 1237 731 1291 li.
750 1239 813 1293 Vnt.
831 1243 882 1292 229
902 1237 948 1291 fol.
967 1243 1008 1292 29.
1024 1268 1057 1277 -
1076 1238 1141 1306 Reg.
1160 1230 1235 1308 apud
1253 1239 1381 1303 Theiuer,
1400 1239 1474 1295 Mon.
1494 1240 1554 1295 Pol.
1573 1241 1585 1294 l
1603 1257 1664 1310 pag.
1684 1245 1742 1294 565.

237 1355 269 1364 —
291 1327 316 1390 ⁸)
335 1324 549 1387 ‚Frankinhaim‘
569 1325 619 1378 Aa.
645 1326 671 1390 b)
688 1324 887 1389 ,iVarmiensis‘
906 1325 955 1379 Aa.
979 1328 1000 1393 c)
1020 1325 1259 1393 ,Pomezsniensis‘
1278 1335 1338 1382 etc.-

236 1604 327 1671 381.
351 1598 516 1670 Arnaldus
539 1602 576 1668 cle
599 1605 822 1685 Lacauciua³)
845 1605 879 1668 in
901 1606 1006 1687 repnis
1031 1604 1181 1671 Polouiac
1203 1612 1231 1670 ct
1261 1607 1421 1690 Unpariae
1444 1606 1636 1689 apostolicae
1660 1605 1743 1671 sedis

238 1697 369 1773 nuncius
392 1707 562 1792 supplicat,
586 1712 738 1791 quotenus
760 1708 822 1773 sibi
845 1709 882 1773 de
897 1709 1083 1775 canonicatu
1105 1714 1134 1775 et
1151 1711 1336 1793 praebenda
1353 1710 1501 1776 ecclesiae
1520 1711 1710 1776 (lucanensis
1718 1709 1744 1792 b)

238 1813 421 1878 racardibus
439 1835 500 1896 per
519 1816 744 1897 promotionem
766 1813 925 1881 Jolrannis
950 1814 1088 1897 episcopi
1111 1815 1335 1879 Pannoniensis
1362 1815 1581 1899 provideatur,
1612 1835 1673 1879 non
1695 1815 1745 1880 ob*

237 1921 349 1998 stante,
381 1917 462 2000 quod
488 1918 522 1981 iu
553 1917 751 1983 Croconieusi
777 1940 846 1983 cerm
868 1918 1068 2001 scholastria,
1092 1906 1130 1982 iri
1154 1919 1374 1999 cocornensis
1407 1919 1658 1998 Vrotislooieusi‚
1696 1921 1746 1984 Ti·

237 2020 401 2101 rutensid)
432 2043 470 2086 ac
493 2021 732 2105 Sapadenses)
759 2021 962 2102 Colocensiss)
986 2043 1023 2087 ac
1045 2022 1270 2104 Striponiensis
1286 2023 1363 2089 dioc.
1380 2025 1583 2089 canonicatus
1599 2028 1628 2089 et
1645 2046 1745 2107 proe-

238 2125 353 2191 bernlas
376 2125 501 2190 obtinet.
543 2163 579 2174 —
623 2126 717 2208 ,Fiat
743 2127 781 2192 O.
806 2127 880 2191 Sine
903 2126 971 2191 alia
996 2125 1135 2193 leccione.
1161 2128 1240 2191 Fiat
1265 2126 1303 2192 G.
1328 2130 1369 2193 D.
1394 2129 1481 2215 opud
1513 2113 1743 2193 Villunnrouum

568 2231 791 2296 Aninioneusis
814 2231 892 2297 dioc.
911 2233 960 2312 ll.
984 2230 1047 2294 lcal.
1075 2229 1217 2295 Octobris
1240 2254 1269 2296 a.
1294 2234 1419 2297 tercio“.

935 2371 1029 2455 Apud
1060 2369 1298 2450 Villumnouam,
1325 2372 1407 2436 1355
1430 2372 1622 2457 Septembris
1644 2375 1697 2436 30.

364 2560 396 2614 R.
415 2559 510 2630 Suppl,
529 2565 562 2613 26
582 2559 628 2615 iol.
648 2555 716 2614 222⁴.
728 2592 759 2600 —
774 2568 797 2626 ἃ)
815 2561 952 2629 ,Cauciua‘
971 2560 1064 2630 Suppl.
1087 2560 1112 2627 b)
1131 2559 1353 2621 ,Gueueznensis‘
1372 2559 1466 2630 Suppl.
1488 2563 1512 2629 c)
1531 2561 1742 2625 ,Guencznensi‘

237 2644 328 2715 Suppl.
353 2647 378 2716 d)
397 2647 549 2713 ,Titulensi‘
568 2647 663 2716 Suppl.
688 2651 711 2716 θ)
731 2648 907 2719 ,Scepsicnsi‘
924 2648 1018 2717 Suppl.
1045 2647 1065 2714 f)
1084 2647 1254 2736 ,Coliceusis‘
1273 2647 1368 2717 Suppl.

239 2929 327 2994 382.
361 2928 513 2995 Nicoluus
531 2929 740 3012 provincialis
770 2930 891 2995 ordinis
915 2929 1174 3011 praedicatorum
1196 2927 1367 2993 Bobemiac
1389 2930 1557 3012 supplicat,
1589 2933 1745 3012 quatenus

289 3030 402 3100 Oarolo
431 3033 562 3100 Velislai
583 3034 622 3098 de
643 3033 736 3117 Spole
759 3034 796 3099 de
818 3036 1005 3099 canonicatu
1027 3033 1177 3100 ecclesiae
1208 3033 1460 3114 Vissepradensis
1480 3032 1693 3117 provideatur.

1204 3174 1368 3256 Acinione,
1391 3176 1477 3238 1355
1503 3175 1647 3240 Octobris
1669 3177 1700 3240 4.

369 3364 534 3449 Supplicat
556 3364 594 3431 8¹¹
627 3365 679 3431 pre
705 3366 929 3432 devotissimus
960 3373 1066 3433 orator
1089 3375 1197 3433 vester
1226 3366 1325 3431 irater
1347 3363 1519 3431 Nicholans
1543 3366 1745 3448 provincialis
1837 3444 1841 3451 ,

243 3470 370 3536 Boemie
393 3471 512 3536 ordinis
536 3473 777 3555 predicatorum,
807 3472 956 3552 quatinus
987 3473 1046 3537 sibi
1074 3473 1106 3536 in
1131 3491 1297 3555 personam
1321 3469 1430 3535 dilecti
1460 3470 1586 3551 nepotis
1610 3470 1659 3534 sui
1682 3470 1744 3534 lia-

242 3574 299 3639 roli
322 3575 467 3641 Welislai
491 3577 529 3642 dc
553 3576 649 3660 Zpole
672 3577 852 3659 presbyteri
875 3577 1044 3659 Pragensis
1071 3577 1215 3658 diocesis
1240 3574 1362 3639 nullum
1384 3573 1572 3638 beneficium
1595 3573 1742 3637 ecclesia·

243 3680 352 3744 sticum
376 3681 558 3765 obtinentis,
582 3681 753 3764 specialem
776 3682 912 3764 graciam
936 3680 1101 3758 iacientes
1133 3682 1171 3744 dc
1196 3679 1382 3744 canonicatu
1406 3678 1540 3743 ecclesie
1565 3677 1743 3758 Wissegra·

243 3783 348 3849 densis
370 3803 468 3867 prope
491 3786 624 3869 Pragcnr
648 3786 821 3868 dignemini
843 3785 1020 3868 previdere,
1050 3786 1243 3867 prebendam
1267 3801 1352 3862 vcro,
1376 3783 1403 3847 si
1427 3801 1489 3862 qua
1511 3786 1603 3844 vacat
1625 3780 1743 3845 ibidem

243 3888 279 3951 ad
303 3906 435 3970 presens
466 3890 515 3954 vel
546 3910 615 3955 cnm
647 3891 816 3970 vacaverit,
852 3890 954 3953 eidem
979 3889 1091 3953 Garolo
1122 3889 1345 3954 coniercmlam
1377 3885 1541 3951 donaciani
1571 3884 1744 3966 apostolice

242 3991 412 4073 ‹lignemiui
435 4013 607 4078 reservare,
631 4015 699 4059 curn
723 3996 953 4078 acceptamus,
976 3994 1177 4071 iuhibicione‚
1206 3995 1334 4058 ‹lecrctn
1358 3999 1392 4056 et
1415 3990 1558 4055 clausula
1581 3988 1744 4070 anteferri,

243 4113 309 4159 cum
332 4097 404 4161 aliis
428 4117 488 4163 non
512 4099 711 4163 olrstmrtibus
735 4105 768 4163 ct
791 4099 942 4163 clausulis
966 4100 1152 4181 opportunis
1176 4104 1209 4162 ct
1233 4097 1466 4161 exsecutoribus.

369 4201 442 4267 Fiat
466 4203 503 4267 G.
527 4204 569 4267 Et
592 4205 675 4284 quod
699 4211 842 4269 transeat
866 4204 934 4266 siue
959 4204 1022 4267 alia
1045 4204 1196 4267 leccionc.
1220 4203 1292 4266 Fiat
1316 4204 1351 4264 ll.

371 4307 408 4370 b.
434 4308 588 4373 nuiuione
613 4309 676 4372 llll
699 4328 771 4375 non.
796 4309 943 4373 Octobris
968 4329 995 4372 a.
1020 4309 1128 4373 tercio.

373 4495 405 4548 R.
424 4495 510 4564 Suppl
539 4503 571 4550 td
591 4497 637 4551 iol.
658 4504 717 4552 225.

891 4660 1097 4668 ,ψ’-..-

244 4779 333 4846 383.
361 4775 475 4843 Oarolo
498 4732 626 4843 lselislai
648 4777 685 4842 dc
702 4778 795 4862 Spole
804 4787 828 4856 ⁸)
849 4779 1034 4864 providetur
1051 4778 1089 4841 dc
1104 4777 1292 4842 canonicatu
1314 4774 1463 4841 ecclesiae
1493 4773 1745 4855 Vissepradensis

243 4884 296 4946 sub
317 4884 532 4965 expectatione
550 4883 760 4966 praebendae.
807 4884 997 4966 ,l'robitatr's
1020 4887 1049 4947 et
1071 4882 1240 4946 uirtutum“
1271 4880 1385 4964 ,Apud
1415 4880 1644 4945 Villonrnouanr
1667 4871 1745 4941 Aui-

583 4988 742 5054 nioneusis
766 4988 842 5054 dioc.
867 4990 943 5054 llll
961 5009 1031 5054 nan.
1058 4986 1199 5052 Octobris
1222 5008 1253 5052 a.
1277 4986 1402 5050 tercio‘.

324 5074 379 5192 lss
1009 5126 1104 5210 Apud
1135 5125 1372 5202 Villamncoam,
1400 5125 1481 5186 1355
1508 5122 1647 5186 Octobris
1669 5124 1699 5186 4.

290 5220 339 5269 .X
347 5220 376 5270 X
387 5259 392 5269 .

372 5322 471 5394 Ιῌν.
495 5327 541 5374 129
561 5320 607 5374 sol.
627 5324 694 5386 ³54¹,
712 5319 743 5372 R.
766 5320 825 5372 Vct.
844 5324 895 5372 230
915 5316 960 5369 iol.
983 5322 1037 5370 llb.
1060 5346 1091 5354 -
1115 5321 1139 5383 a)
1158 5315 1261 5384 ,Zpole‘
1280 5318 1329 5367 Au.
