3944 6060
237 468 304 532 23ss
848 464 919 514 Acta
936 459 1088 514 Innocentii
1105 458 1148 513 Vl.

237 675 332 742 589.
356 671 620 738 Bartholomaeus
641 670 756 738 Jacoli
777 671 816 736 de
832 669 953 763 ¹Pilsno
975 669 1145 752 supplicat,
1169 671 1323 748 quatenus
1344 666 1406 731 sili
1427 667 1466 732 de
1487 665 1633 749 beneficio
1654 663 1756 731 eccle·

350 777 480 842 siastico
503 776 546 840 ad
568 775 764 840 collationem
786 774 972 840 nronasterii
996 771 1199 837 Donanensis
1217 772 1395 854 pertinente
1415 770 1630 853 provideatur.

999 911 1096 991 Apud
1119 910 1249 974 Pontem
1271 909 1411 991 Sorpice,
1439 908 1522 974 1357
1543 907 1631 974 Maii
1651 910 1703 974 10.

370 1104 535 1186 Supplicat
564 1101 604 1168 Si
631 1103 685 1167 V¹⁰
715 1101 958 1167 Bartholomeus
988 1099 1145 1181 quondam
1168 1099 1279 1165 Jacobi
1306 1100 1346 1164 de
1369 1100 1480 1165 Pilzna
1512 1097 1649 1164 clericus
1672 1098 1748 1164 Pra-

240 1209 349 1291 gensis
372 1209 464 1290 dioc,
487 1214 646 1288 quatenus
670 1207 730 1273 sibi
754 1205 925 1288 specialem
949 1202 1088 1285 maciem
1111 1201 1276 1286 iacientes,
1299 1205 1339 1268 de
1356 1202 1510 1270 beneficio
1526 1202 1750 1297 ecclesiastico

238 1331 309 1376 cum
332 1330 408 1377 cura
431 1312 482 1375 vel
506 1311 575 1374 sine
598 1329 683 1384 cura,
714 1314 880 1391 spectante
903 1306 1111 1372 communiter
1145 1307 1195 1371 vel
1219 1306 1345 1371 divisim
1368 1307 1409 1371 ad
1432 1307 1638 1372 collacionem
1657 1355 1666 1373 .
1686 1358 1692 1370 .
1712 1357 1749 1374 ..

237 1415 393 1499 prepositi
416 1422 451 1479 et
474 1421 649 1479 conventus
672 1412 856 1479 monasterii
879 1411 1166 1477 sanctimonialium
1189 1412 1221 1475 in
1238 1413 1369 1477 Doxano
1390 1413 1510 1478 ordinis
1527 1412 1747 1477 Premonstra·

238 1519 339 1584 tensis
363 1517 447 1582 dicte
472 1518 563 1598 dioc,
595 1518 623 1581 si
653 1517 736 1597 quod
758 1522 851 1580 vacat
873 1516 913 1579 ad
944 1533 1077 1597 presens
1101 1516 1151 1580 vel
1181 1516 1409 1597 quamprimum
1439 1515 1611 1590 vacaverit,
1642 1515 1749 1581 eidam

237 1621 411 1704 dignemini
434 1621 684 1686 misericorditer
706 1619 884 1702 providere,
919 1639 989 1684 curn
1013 1619 1246 1701 acceptatione,
1282 1620 1481 1702 inbibicione,
1515 1620 1750 1702 reservacione,

238 1727 367 1790 decreto
392 1731 425 1789 et
448 1725 591 1789 clausula
614 1722 767 1788 anteferri
790 1729 823 1787 et
846 1741 916 1787 cuin
940 1723 1083 1786 omnibus
1107 1740 1169 1787 non
1193 1724 1395 1789 obstantibus
1421 1729 1456 1788 et
1478 1722 1631 1788 clausulis
1655 1742 1747 1806 opor·

238 1830 326 1894 tunis
349 1835 383 1894 et
406 1828 629 1893 executoribus
653 1837 689 1891 ut
710 1826 744 1890 in
766 1825 875 1890 forma.

369 1933 441 1996 Fiat
464 1934 501 1995 G.
537 1933 580 1996 Et
610 1932 693 2012 quod
725 1936 869 1995 transeat
891 1930 960 1993 sine
992 1929 1056 1993 alia
1086 1929 1237 1993 leccione.
1273 1930 1346 1995 Fiat
1369 1931 1404 1995 G.
1441 1931 1479 1995 l).
1505 1931 1590 2012 apud
1613 1930 1748 1995 Pontem

238 2036 348 2118 Sorgie
373 2035 597 2100 Auinionensis
621 2036 699 2099 dioc.
727 2033 770 2097 VI
793 2033 835 2098 id.
861 2034 939 2097 blnii
963 2052 991 2097 a.
1015 2033 1136 2113 quinto.

365 2225 398 2278 R.
418 2225 493 2293 Snpl.
513 2230 544 2277 ni
565 2224 612 2276 fol.
634 2230 700 2277 lll‘.

234 2554 326 2621 590.
350 2553 594 2618 Bartholomaeo
616 2553 730 2621 Jacobi
751 2553 790 2617 de
813 2551 927 2617 Pilsna
949 2558 1130 2618 reservatur
1151 2551 1330 2632 beneficium
1345 2551 1590 2618 ecclesiasticum
1612 2558 1747 2622 cumaei

233 2659 302 2723 aine
325 2678 412 2740 cura,
446 2663 624 2723 corisuetnm
654 2658 693 2722 ab
724 2657 799 2722 olim
830 2655 952 2722 clericis
981 2656 1200 2722 saecularibus
1232 2656 1405 2740 assipuari,
1439 2657 1528 2721 cuites
1544 2663 1679 2738 fruetus
1700 2662 1744 2726 25

233 2782 314 2843 resp.
338 2763 381 2825 18
404 2781 588 2825 marcarum
617 2762 742 2843 arpenti
763 2761 934 2825 secundum
963 2761 1157 2824 taxationem
1186 2760 1323 2825 decimae
1344 2759 1481 2824 calorem
1517 2782 1660 2827 annuum
1682 2783 1745 2830 non

233 2866 394 2942 excedant,
429 2865 472 2928 acl
495 2864 692 2931 colationem
717 2864 896 2946 praepositi
924 2868 954 2927 et
976 2869 1141 2928 concentus
1170 2865 1354 2928 monasterii
1382 2866 1675 2933 sanctimonialium
1709 2871 1746 2934 iu

235 2974 392 3047 Ducam),
411 2990 470 3051 per
488 2969 707 3051 praepositum
729 2968 816 3032 soliti
842 2968 1024 3050 puberuari,
1043 2969 1216 3050 pertinens,
1240 2969 1269 3032 si
1290 2973 1385 3033 cacat
1405 2967 1453 3032 vel
1480 2989 1549 3033 cum
1573 2973 1743 3038 occurerit.

238 3072 433 3152 ,lrobitatis
456 3077 484 3136 et
508 3072 677 3136 virtutunt‘
714 3071 829 3154 ,Apud
854 3073 981 3136 Pontem
998 3072 1107 3154 Serpie
1135 3068 1359 3136 Auinioneusis
1381 3072 1457 3137 dioc.
1483 3074 1531 3138 VI.
1557 3074 1591 3138 id
1613 3075 1700 3140 Maii
1723 3096 1745 3140 a

233 3177 371 3258 quinto.“
405 3214 447 3223 —
476 3177 516 3239 In
545 3198 567 3240 e.
598 3197 640 3241 m.
664 3175 772 3240 abbati
799 3175 984 3240 monasterii
1013 3175 1247 3240 btraltooiensis
1275 3180 1305 3239 et
1328 3176 1511 3259 praeposito
1538 3176 1745 3245 dielnicensis

407 3281 578 3360 Propensis
599 3280 678 3344 dioc.
702 3301 741 3344 ac
763 3280 881 3344 rlecarm
903 3299 929 3342 s.
954 3278 1095 3358 Apricoli
1117 3279 1336 3343 Aoirrioneusis
1360 3279 1573 3345 ecclesiarum.

280 3417 402 3482 Gratis.
990 3414 1087 3497 Apud
1112 3418 1242 3481 Pontem
1266 3418 1409 3499 Scrpioe,
1432 3419 1518 3482 1357
1542 3421 1627 3485 Maii
1648 3423 1702 3487 10.

364 3606 394 3658 lt.
414 3608 464 3660 Av.
486 3610 533 3657 135
555 3605 602 3658 sol.
625 3610 688 3656 lob‘.
711 3636 737 3643 —
755 3616 779 3672 a)
797 3606 945 3671 ‚Docxnno‘
963 3607 1012 3656 As.

903 3769 1090 3777 .-fi..--.

239 3917 330 3984 591.
354 3918 517 3984 Jolrannes
539 3918 698 3985 Jolrcnnis
722 3920 760 3983 de
781 3923 917 3985 Beeneca
940 3919 1082 4002 (Bisenc)
1105 3919 1276 4002 supplicat,
1300 3923 1455 4000 quotenus
1469 3919 1532 3984 sibi
1545 3920 1583 3984 de
1598 3920 1751 4005 beneficio

305 4021 513 4085 eeclesiastico
537 4023 580 4085 ad
602 4022 797 4087 collationem
820 4024 1005 4087 rnoncsterii
1033 4022 1228 4087 llebecensis
1250 4024 1424 4105 pertinente
1442 4023 1665 4106 provideatur.

995 4159 1091 4240 Apud
1114 4161 1243 4224 Pontem
1266 4160 1407 4244 Sorpioe,
1433 4163 1517 4227 1357
1538 4164 1624 4228 broit
1648 4167 1700 4231 10.

365 4347 530 4430 Supplioat
553 4346 592 4412 Sl
621 4347 674 4411 Vre
697 4349 859 4414 lohannes
875 4349 1032 4429 quondam
1053 4349 1211 4414 lobannis
1228 4350 1268 4414 de
1284 4353 1419 4416 Binencn
1454 4353 1589 4418 clericus
1612 4354 1747 4422 Olomu·

234 4452 338 4517 censis
362 4453 453 4532 dioc,
478 4460 636 4535 quatenus
659 4454 720 4518 sibi
743 4454 880 4535 graciam
904 4453 1075 4534 specialem
1099 4453 1264 4536 facientes,
1288 4455 1327 4520 de
1344 4454 1497 4522 beneficio
1521 4458 1748 4526 ecclesiastico

233 4575 303 4620 curn
327 4575 402 4620 cura
424 4559 475 4622 vel
500 4560 569 4622 sine
593 4576 677 4640 cura,
702 4562 868 4639 spectante
877 4564 904 4633 ⁸)
938 4557 978 4620 ad
1002 4557 1206 4622 collationem
1231 4559 1355 4624 abbatis
1381 4565 1415 4624 et
1437 4566 1613 4626 conventus
1635 4582 1745 4630 mona·

230 4659 322 4724 sterii
344 4661 377 4723 in
400 4662 537 4726 Trebecz
562 4662 681 4728 ordinis
712 4680 737 4725 s.
761 4660 928 4727 Benedicti
956 4661 1040 4724 dicte
1072 4662 1163 4741 dioc,
1188 4663 1214 4725 si
1238 4663 1322 4742 qnod
1345 4668 1437 4727 vacat
1467 4664 1508 4728 ad
1530 4682 1667 4746 presens
1690 4667 1745 4732 val

233 4765 463 4846 quamprimum
493 4768 662 4849 vacaverit,
694 4768 798 4832 eidem
829 4765 1002 4847 dignemini
1026 4765 1275 4830 misericorditer·
1298 4767 1476 4850 providere,
1499 4786 1569 4832 cum
1594 4776 1743 4853 accepta·

239 4866 340 4944 sione,
365 4868 567 4951 inhibicione,
590 4872 820 4949 reservacione,
845 4871 974 4935 decreto
991 4877 1024 4934 et
1039 4890 1108 4934 cnm
1132 4870 1275 4934 ornnibus
1291 4891 1352 4936 non
1375 4872 1576 4939 obstantibus
1598 4878 1633 4937 et
1656 4875 1741 4938 clau·

231 4971 310 5035 sulis
334 4973 509 5055 oportunis
534 4980 569 5037 ut
592 4975 625 5038 in
648 4975 757 5039 lorma.

361 5076 435 5140 Fiat
457 5077 495 5142 G.
529 5080 573 5143 Et
596 5080 679 5159 quod
710 5085 854 5144 transeat
883 5079 952 5143 sine
983 5080 1046 5144 alin
1076 5079 1225 5144 leccione.
1262 5080 1334 5144 Fiat
1357 5084 1393 5144 ll.
1431 5081 1468 5144 D.
1493 5082 1577 5163 apud
1606 5082 1742 5149 Pontem

232 5178 343 5261 Sorgie
366 5181 592 5245 Aninionensis
616 5182 696 5246 dioc.
719 5183 763 5246 VI
786 5183 828 5246 id.
854 5183 931 5246 binii
956 5202 982 5245 a.
1008 5182 1127 5262 quinto.

359 5367 392 5421 R.
411 5368 506 5439 Snppl.
525 5376 558 5423 ui
578 5369 624 5424 lol.
645 5375 702 5424 113.
722 5401 754 5408 -
775 5376 800 5435 α>
818 5375 964 5438 ,spectans‘
982 5369 1078 5438 Snppl.
