3944 6060
228 441 293 508 454
830 436 901 488 Acta
919 430 1071 487 Innocentli
1089 430 1133 486 Vl.

230 651 347 715 1132.
381 646 513 712 Woltero
524 641 682 709 Joironnis
697 643 842 710 Ossaaai
852 642 1036 723 conceditur,
1052 642 1396 726 repraesentationes
1411 639 1456 707 cci
1470 639 1575 706 citare
1589 639 1744 707 Ornoium

522 749 713 815 Sanctorum
736 749 771 813 ia
792 747 920 813 amaia
943 766 969 810 c.
988 746 1148 811 Leonardi
1169 746 1326 830 Praqeosi
1346 743 1463 812 ocieot.

275 892 396 958 Gratis.
1185 884 1349 965 naimone,
1374 886 1460 951 1360
1480 880 1620 969 Aupruti
1641 885 1697 949 24.

359 1078 396 1141 D.
414 1075 433 1141 f.
453 1075 615 1142 Walthero
631 1083 706 1143 nato
722 1077 880 1158 quondam
901 1075 1056 1141 Iohannis
1079 1074 1217 1140 Ossanni
1240 1077 1428 1159 presbytero
1453 1074 1628 1140 Misnensis
1652 1074 1744 1140 dloc.

231 1181 367 1244 salntem
401 1186 461 1244 etc.
507 1180 680 1247 Probitatis
715 1188 748 1246 et
771 1181 924 1245 virtutum
943 1230 950 1244 .
970 1233 977 1244 .
997 1228 1029 1243 ..
1075 1179 1225 1244 Exhibita
1249 1179 1404 1261 siquidem
1428 1179 1518 1245 nobis
1541 1197 1647 1262 nuper
1678 1196 1739 1261 pro

231 1292 323 1366 parte
347 1290 402 1347 tua
424 1284 543 1366 peticio
567 1285 762 1368 continebat,
786 1285 869 1365 quod
893 1283 1011 1349 dudum
1034 1283 1128 1348 altari
1142 1284 1288 1349 Omnium
1313 1284 1501 1350 Sanctorum
1525 1284 1588 1349 sito
1610 1284 1645 1349 in
1670 1301 1744 1365 pnr-

232 1388 365 1453 rochiali
389 1389 522 1454 ecclesia
548 1407 571 1452 s.
596 1388 930 1471 Leonardil'ragensi,
954 1388 1208 1470 quodquondam
1232 1388 1382 1452 Nicolaus
1395 1378 1596 1452 Husemanni
1606 1387 1742 1452 ultimus

231 1492 373 1557 eiusdem
397 1493 508 1556 altaris
532 1498 646 1571 rector,
681 1495 754 1557 dum
788 1493 921 1571 viveret,
957 1492 1132 1572 obtinebat,
1166 1509 1224 1573 per
1257 1491 1359 1573 ipsius
1382 1491 1507 1556 Nicolai
1530 1492 1662 1574 obitum,
1685 1491 1743 1573 qui

231 1603 323 1660 extra
346 1597 518 1661 Romanam
542 1597 661 1661 curiam
685 1598 768 1662 dlem
792 1597 907 1661 clausit
919 1601 1106 1674 extremum,
1131 1601 1273 1676 vacante,
1297 1596 1326 1659 d.
1343 1594 1364 1659 l.
1381 1594 1507 1659 Vlricus
1523 1602 1631 1663 rector
1653 1595 1742 1660 dicte

231 1699 440 1781 parrochialis
465 1701 601 1765 ecclesie
625 1701 665 1765 ad
690 1701 963 1783 presentacionem
987 1700 1017 1764 cl.
1041 1700 1061 1763 f.
1084 1699 1168 1763 Luce
1192 1697 1274 1782 laici,
1296 1705 1364 1763 natr
1389 1699 1546 1779 quondam
1570 1698 1736 1764 Francisci

232 1804 309 1870 dicti
334 1805 474 1887 Guppolt
497 1811 556 1870 et.
577 1856 583 1869 .
604 1855 638 1870 ..
674 1806 763 1870 Mare
786 1805 897 1870 matris
928 1806 1007 1882 eius,
1043 1804 1138 1868 vidue
1173 1803 1352 1887 PragensIS,
1386 1804 1463 1869 dicti
1486 1803 1599 1870 altaris
1634 1810 1743 1887 petro

232 1927 352 1988 norum,
387 1915 419 1973 te
444 1910 476 1973 in
500 1909 610 1974 altaris
633 1909 771 1992 predicti
801 1914 958 1974 rectorem
991 1908 1133 1973 instituit
1156 1907 1316 1990 canonice,
1347 1909 1409 1973 nisi
1433 1909 1608 1991 apostolice
1632 1924 1743 1973 reser-

232 2013 380 2077 vaciones
404 2015 579 2096 obstarent,
603 2019 702 2094 tuque
725 2015 834 2096 vigore
850 2013 1103 2096 presentacionis
1126 2019 1160 2077 et
1176 2012 1391 2078 institucionis
1413 2012 1593 2078 huiusmodi
1617 2013 1740 2078 dictum

234 2117 336 2180 altare
359 2134 416 2197 per
439 2135 554 2180 anirum
580 2135 650 2181 cum
675 2117 805 2183 dimidio
829 2118 962 2182 tenuisti
985 2122 1019 2181 et
1041 2116 1224 2199 possedisti,
1259 2121 1353 2199 prout
1376 2116 1480 2182 adhuc
1503 2122 1595 2182 tenes
1619 2123 1655 2182 et
1669 2136 1743 2200 pos-

232 2221 328 2302 sides,
360 2219 491 2301 pacifice
522 2227 556 2285 et
579 2221 697 2301 quiete.
723 2221 801 2287 Cum
825 2227 942 2305 autem,
974 2221 1057 2285 sicut
1087 2221 1198 2284 eadem
1222 2220 1340 2303 peticio
1363 2219 1586 2304 subiungebat,
1624 2227 1661 2286 tu
1684 2221 1742 2286 du·

234 2325 318 2389 bites
343 2326 444 2389 altare
468 2326 646 2406 predictum
669 2333 813 2408 tempore
847 2325 1101 2408 presentationis
1135 2330 1169 2390 et
1191 2324 1408 2389 institucionis
1446 2324 1663 2407 predictarum
1685 2325 1742 2392 do·

233 2429 359 2493 nacioni
383 2429 558 2511 apostolice
581 2438 779 2496 reservatum
801 2430 855 2494 vel
877 2429 947 2494 eIus
970 2428 1175 2494 collacionem
1208 2428 1249 2492 ad
1273 2429 1381 2493 sedem
1414 2428 1621 2510 apostolicam
1645 2429 1740 2494 devo·

233 2533 332 2597 lutam
356 2532 467 2617 tuisse,
491 2539 586 2614 teque
609 2552 705 2616 posse
728 2540 900 2616 propterea
923 2551 1020 2615 super
1042 2550 1081 2597 eo
1096 2532 1302 2614 imposterum
1326 2531 1499 2614 molestari,
1522 2550 1579 2599 nos
1595 2533 1744 2598 volentes

234 2643 266 2701 te
289 2637 516 2719 premissorum
541 2638 724 2704 meritorum
749 2646 874 2704 tuorum
908 2637 1028 2702 iutuitu
1058 2635 1165 2702 lavore
1189 2638 1339 2719 prosequi
1361 2636 1515 2720 graoi0so,
1537 2637 1604 2702 tuis
1625 2637 1660 2702 in
1683 2635 1745 2701 hac

234 2748 326 2824 parte
350 2742 637 2824 supplicacionibus
661 2742 815 2826 Inclinati,
838 2743 982 2808 volumus
999 2747 1033 2806 et
1048 2741 1225 2824 apostolica
1241 2740 1300 2805 tibi
1317 2740 1510 2806 auctoritate
1526 2741 1743 2823 concedimus,

234 2847 317 2926 quod
341 2848 542 2928 presentacio
565 2854 599 2912 et
621 2848 786 2913 institucio
808 2846 962 2931 predicte,
977 2851 1023 2909 ut
1044 2845 1250 2927 premittitur,
1281 2842 1365 2908 facte
1388 2849 1423 2909 et
1445 2862 1632 2925 quecunque
1666 2845 1743 2909 inde

235 2957 346 3015 secuta
380 2952 511 3032 perinde
550 2954 667 3016 adata
689 2951 888 3034 presencium
1029 2948 1157 3013 valeant
1190 2953 1224 3013 et
1260 2948 1386 3029 plenam
1421 2948 1588 3014 obtineant
1618 2948 1743 3014 roboris

238 3053 472 3119 firmitatem..
495 3105 500 3115 .
522 3105 527 3118 .
553 3056 590 3119 ll.
615 3055 772 3120 haimone
796 3054 891 3119 VIIII
922 3052 983 3117 kal.
1007 3051 1204 3134 Septembris
1228 3072 1256 3117 a.
1281 3056 1402 3117 octavo.

366 3243 397 3297 R.
416 3244 466 3295 Ar.
488 3248 538 3295 144
557 3242 604 3297 iol.
624 3248 683 3296 oto.
704 3273 736 3282 -
754 3243 795 3296 De
814 3241 1019 3297 confirmatione
1038 3241 1178 3312 praedicta
1196 3241 1279 3296 etism
1297 3241 1326 3295 iu
1345 3240 1377 3295 R.
1396 3239 1744 3310 Suppl.aelol.1rs†e⁴

236 3331 327 3386 brevis
346 3337 412 3383 nota
429 3329 575 3398 reperitur.

221 3666 356 3757 1133.
390 3660 578 3744 Compositio
613 3659 724 3725 honis
755 3660 926 3723 Dresoicer
954 3680 1049 3743 ercper
1078 3660 1209 3725 canatis
1240 3660 1278 3725 de
1303 3658 1488 3742 parochiali
1524 3658 1655 3725 aedesio
1688 3661 1743 3725 Tc·

928 3763 1044 3847 pleoni.

1374 3886 1458 3951 raco
1480 3886 1620 3970 Aqua
1641 3888 1696 3951 ao.

370 4079 418 4141 lle
442 4077 632 4159 parrochiali
666 4078 803 4142 ecclesia
836 4078 869 4142 in
892 4077 992 4159 Tepla
1024 4076 1194 4153 PregensiS
1217 4076 1297 4141 dioc.
1332 4076 1393 4141 fuit
1425 4074 1511 4141 iacta
1542 4075 1744 4143 confirmacio

239 4181 338 4246 Leoni
362 4181 569 4262 hrosvitae)
594 4181 658 4244 llll
681 4182 743 4245 hal.
766 4181 910 4246 Ianuarii
934 4201 959 4245 a.
984 4187 1083 4246 sexto.
1119 4180 1304 4262 Composuit
1326 4198 1384 4262 per
1405 4187 1645 4261 procuratorem
1670 4199 1744 4247 con·

240 4286 387 4350 stitutum
411 4284 609 4351 sufficienter
631 4286 781 4350 videlicet
803 4285 967 4351 Hulricum
990 4284 1157 4350 Michaelis
1177 4284 1345 4365 plebanum
1369 4284 1401 4348 in
1426 4284 1575 4367 Krzywcz
1597 4285 1745 4368 predicte

240 4390 320 4454 dioc.
345 4389 397 4452 die
421 4389 508 4454 XXV
531 4390 650 4455 mensis
684 4389 819 4471 Augusti
843 4409 870 4454 a.
896 4388 1066 4454 MCCCLX
1100 4390 1140 4452 ad
1163 4388 1271 4453 XXIII
1295 4387 1361 4453 flor.
1385 4388 1536 4470 ponderis
1559 4407 1687 4455 camere
1712 4395 1745 4455 et

240 4496 280 4559 ad
303 4496 383 4576 plus,
408 4495 436 4560 si
459 4494 531 4577 plus
554 4495 662 4559 valeat
701 4495 848 4570 annuale,
883 4494 1053 4559 solvendos
1077 4511 1095 4556 a
1116 4491 1200 4557 festo
1235 4492 1373 4557 omnium
1397 4499 1577 4559 sanctorum
1599 4494 1745 4576 proxime

240 4605 373 4664 venturo
397 4598 436 4661 ad
460 4618 576 4663 aurnum
608 4601 666 4663 sub
701 4599 791 4681 penIs
821 4604 855 4664 et
877 4598 1049 4662 sentenciis
1083 4597 1245 4662 consuetis
1268 4615 1394 4662 camere
1425 4598 1600 4685 apostolice
1623 4598 1658 4663 in
1682 4599 1746 4664 Ro·

240 4722 333 4766 mana
356 4702 455 4780 curia,
479 4703 682 4784 presentibus
717 4703 880 4767 Bernardo
910 4703 995 4767 dicto
1018 4702 1211 4784 Rinsgstede
1245 4711 1279 4767 et
1302 4701 1440 4768 Hemico
1472 4703 1606 4767 Werner
1628 4703 1746 4768 Zweri·

241 4809 350 4870 nensis
374 4806 454 4869 dloc.
481 4844 517 4852 -
543 4808 703 4871 Arnaldus
725 4807 890 4872 Iohannis.

371 4994 440 5048 Goll.
460 4995 548 5046 Alam.
569 4995 686 5048 191101.
706 5001 746 5048 37.
767 5025 799 5035 -
819 4995 869 5049 Ed.
889 4993 961 5064 apud
981 4994 1089 5058 IIirsch
1109 4997 1237 5048 Annnten
1255 4995 1268 5047 l
1288 5010 1348 5063 pag.
1367 5000 1419 5049 300
1444 5012 1484 5049 nr.
1507 5002 1563 5050 190.
1585 5024 1612 5034 -
1636 4998 1662 5060 ⁸)
1682 4995 1749 5050 Cor-

241 5083 313 5148 rige:
333 5080 504 5143 ,Ilresnicer‘.
524 5112 557 5120 —
576 5081 666 5134 Etiam
686 5083 713 5134 in
734 5082 801 5135 Call.
821 5084 910 5135 Alam.
929 5088 945 5133 4
965 5081 1037 5134 1018
1057 5087 1084 5134 et
1103 5081 1170 5135 coll.
1190 5081 1278 5135 Alam.
1297 5087 1349 5134 290
1367 5081 1415 5137 iol.
1433 5086 1467 5135 bt
1486 5080 1519 5135 de
1538 5081 1749 5148 confirmatione

243 5166 400 5235 praedictae
419 5167 551 5220 ecclesiae
570 5167 676 5234 prelato
696 5167 783 5220 Leoni
802 5168 896 5222 breves
915 5176 997 5222 notae
1015 5168 1196 5237 reperiuntur.
1217 5197 1249 5205 -
1268 5167 1346 5223 Geni,
1363 5185 1404 5222 nr.
1423 5173 1482 5222 ete.
