3944 6060
229 432 293 502 326
827 427 896 487 Acte
914 432 1067 488 Innocentii
1087 425 1135 487 Vl.

242 645 331 710 825.
356 642 499 709 Jolmnni
521 643 559 706 dc
582 640 778 720 Ncc'emice·)
801 643 881 706 laico
905 644 1076 723 Propensis
1107 643 1184 707 dioc.
1210 642 1398 723 indulcetur,
1430 647 1466 705 nt
1487 647 1652 722 confessor
1673 640 1738 704 eius

233 749 267 811 iu
289 748 399 812 mortis
431 747 565 812 articulo
589 746 720 831 plenam
751 747 890 810 oninium
915 752 1116 829 peccatorum
1146 748 1357 811 remissionem
1386 746 1414 811 ei
1438 747 1603 810 concutere
1621 746 1737 829 possit.

238 853 426 931 „Provenit“
463 849 577 934 „Apud
606 849 839 916 Villomuouam
862 851 1086 953 Aninionensis
1109 852 1185 915 dioc.
1219 852 1280 915 VII
1297 850 1361 915 lrot.
1396 848 1532 931 Aupueti
1562 872 1592 930 o.
1616 850 1734 914 secta*

1037 989 1134 1072 Apud
1165 990 1402 1068 Villamnooam‚
1428 990 1511 1052 1358
1533 988 1619 1058 Julii
1642 989 1695 1052 26.

362 1183 392 1234 R.
413 1184 461 1235 Av.
483 1187 532 1234 138
551 1181 596 1234 fol.
616 1186 674 1246 24⁷,
703 1181 734 1233 R.
755 1180 815 1232 Vnt.
834 1185 885 1232 233
904 1178 950 1232 m.
971 1185 1030 1232 διὸ.
1061 1209 1092 1218 -—
1114 1186 1138 1237 ι)
1157 1179 1350 1249 ,Neomemicz‘
1374 1182 1422 1232 Av.

880 1339 1083 1349 —-—-—-

232 1480 322 1546 826.
347 1478 503 1543 Nicolaus
527 1477 683 1559 quondam
708 1475 837 1540 Gerlaci
859 1476 896 1540 de
920 1430 1006 1539 Iloua
1020 1478 1098 1540 Foro
1120 1476 1249 1540 clerium
1281 1475 1537 1539 Vrotislooiensis
1561 1475 1640 1539 dioc.
1663 1495 1741 1557 sup·

228 1584 340 1666 plicat,
364 1587 519 1666 quatenus
540 1581 603 1646 sibi
625 1581 662 1644 de
684 1580 829 1662 beneficio
851 1579 1069 1660 ecclesiastico,
1094 1581 1137 1644 ad
1159 1580 1356 1645 collationem
1378 1579 1502 1644 obbatis
1523 1583 1552 1643 et
1568 1583 1741 1644 concentus

230 1687 414 1751 monasterii
442 1705 467 1749 s.
493 1683 612 1749 Clarae
634 1686 668 1749 in
698 1684 926 1764 Vratislacio·)
955 1686 1137 1765 pertinente,
1158 1684 1372 1765 provideatur.
1404 1722 1446 1731 —
1471 1683 1566 1768 „mae
1591 1684 1632 1748 G.
1664 1683 1743 1748 Sine

233 1790 300 1853 alia
322 1790 463 1855 lecciane.
488 1790 564 1853 Fiat
588 1790 627 1855 G.
641 1790 682 1852 D.
707 1789 795 1873 apud
826 1789 1055 1853 Villamuouam
1079 1787 1302 1853 Aninioneusis
1324 1788 1403 1853 dioc.
1434 1789 1513 1852 VIII
1528 1787 1577 1877 id.¹
1598 1785 1741 1869 Aupusti

506 1941 510 1947 ·
898 1915 928 1956 a.
953 1896 1069 1956 scoto‘⁸

1005 2031 1099 2113 Apud
1131 2031 1365 2105 Villamnaooru‚
1393 2033 1479 2095 1358
1501 2029 1642 2110 Anausti
1664 2032 1697 2094 6.

373 2220 404 2273 R.
424 2220 519 2289 Suppl.
539 2226 571 2273 29
591 2218 636 2271 sol.
655 2225 713 2273 ⁸23⁹,
737 2249 762 2257 -
788 2224 812 2280 Ι)
831 2219 1034 2280 ,Wretiesnuia‘
1053 2219 1148 2290 Suppl.

235 2518 325 2584 827.
348 2516 483 2580 Nicolao
506 2521 581 2580 nato
603 2516 760 2596 quondam
777 2515 907 2581 Gerloci
929 2517 966 2581 de
990 2517 1076 2580 Nora
1099 2520 1178 2581 Foro
1202 2522 1381 2582 reservatur
1392 2516 1572 2598 beneficium
1594 2517 1745 2584 ecclesia·

233 2622 347 2686 sticum
362 2620 494 2684 camuel
516 2622 584 2684 sine
605 2641 692 2701 cura,
715 2622 895 2683 consuetum
918 2619 1042 2684 clericis
1064 2623 1280 2686 saecularibus
1304 2622 1475 2702 assipnori
1498 2623 1586 2685 cuius
1604 2624 1742 2699 fructus

234 2724 276 2786 25
290 2745 371 2806 resp.
396 2725 438 2789 18
461 2745 643 2790 marcorum
665 2727 791 2806 arpenti
806 2724 942 2787 valorem
965 2746 1106 2788 aunuum
1122 2746 1183 2789 uon
1198 2726 1359 2800 excedant,
1376 2726 1419 2789 ad
1432 2724 1626 2790 collationem
1645 2724 1744 2790 aboa-

235 2829 331 2892 tissac
354 2834 382 2892 ct
405 2834 570 2892 conuentus
591 2829 776 2892 monosterii
797 2846 822 2895 s.
840 2823 956 2894 Clarae
982 2831 1234 2895 I'rutislarieusis
1248 2832 1421 2913 pertinens,
1444 2832 1474 2894 si
1495 2835 1590 2894 cocat
1604 2830 1654 2894 vel
1670 2850 1745 2895 cum

234 2935 403 2997 vacaverit.
443 2932 637 3012 „Probitatr's
659 2937 688 2996 et
709 2933 878 2995 virtutum‘*
908 2931 1023 3015 „Apud
1056 2934 1283 2999 Villomuouam
1306 2934 1529 3000 Auinioncusis
1552 2935 1630 2998 dioc.
1668 2935 1747 3000 VIII

236 3038 278 3100 id.
303 3037 439 3118 Arrpusti
463 3057 492 3099 a.
516 3040 630 3100 scuto¹⁸
658 3038 754 3099 —In
776 3058 801 3100 e.
825 3057 863 3099 m.
885 3038 1067 3119 praeposito
1093 3039 1280 3104 Lnlmcensis
1310 3045 1339 3103 ct
1369 3041 1492 3103 cantori
1517 3037 1744 3119 Glopooiensis

558 3160 595 3202 ac
618 3138 733 3202 decano
755 3159 779 3201 s.
804 3138 947 3220 Apricoli
969 3141 1188 3208 ostudunensis
1212 3145 1424 3209 ecclesiarum.

286 3335 291 3345 .
312 3297 369 3347 XX
391 3336 395 3344 .
1006 3281 1102 3362 Apud
1134 3282 1371 3362 Villamuooam,
1396 3284 1480 3347 1358
1504 3282 1644 3363 Aupusti
1667 3284 1700 3348 6.

374 3466 405 3519 R.
425 3469 473 3518 Av.
494 3472 543 3520 1⁸9
563 3465 609 3519 sol.
628 3465 737 3524 431113.
758 3467 816 3517 Vct.
836 3473 886 3520 ’233
905 3468 950 3521 fol.
971 3474 1038 3522 309¹.

887 3629 1092 3638 -—--—

239 3764 328 3829 828.
355 3763 446 3824 Petro
469 3763 507 3826 de
527 3761 707 3827 Boleslooia
730 3764 881 3827 monacho
905 3766 1087 3829 monasterii
1117 3768 1143 3832 l).
1168 3770 1296 3833 Mariae
1318 3769 1355 3832 de
1380 3769 1500 3834 Lulcns
1524 3768 1745 3834 &isterciensis

239 3866 360 3928 ordinis
393 3865 647 3932 Vratislaoiensis
670 3867 748 3931 dioc.
772 3867 961 3948 indulcetur,
992 3874 1028 3931 ut
1058 3875 1218 3951 consessor
1241 3874 1306 3936 eius
1329 3873 1363 3936 iu
1385 3875 1495 3938 mortis
1517 3874 1655 3938 articulo
1674 3875 1746 3956 ple-

239 3989 314 4030 nam
337 3971 474 4031 omnium
494 3975 693 4051 peccatorum
714 3973 930 4036 remissionem
960 3974 989 4036 ei
1011 3975 1174 4039 concedere
1193 3976 1302 4056 possit.
1354 3979 1537 4058 „Proocuit“
1564 3979 1748 4061 „Aniniane

713 4076 780 4137 XII
798 4076 861 4140 lral.
887 4076 1077 4157 Septembris
1100 4102 1128 4143 a.
1152 4085 1267 4145 scat0.“

1194 4218 1354 4297 Aetnam,
1378 4221 1462 4283 1358
1484 4219 1624 4304 Aupusti
1646 4224 1700 4286 21.

372 4399 402 4451 R.
422 4402 471 4452 ov.
495 4407 541 4455 me
560 4401 606 4453 sol.
631 4408 690 4468 mr,
714 4403 745 4455 R.
775 4403 835 4457 vat.
860 4411 910 4459 ssi
935 4405 980 4458 fol.
1006 4411 1064 4459 om.

889 4584 1092 4591 ——.-›.<..—-...

242 4713 330 4778 829.
356 4712 498 4777 Conrado
524 4713 644 4779 Codicis
668 4716 817 4779 monoclm
840 4720 1023 4783 manasterii
1046 4741 1070 4782 s.
1095 4723 1223 4784 Mariae
1246 4722 1284 4784 de
1307 4722 1430 4786 Ludens
1454 4721 1671 4790 Gistcrciensis
1696 4747 1748 4790 or-

242 4817 326 4879 dinis
359 4813 613 4882 l'ratislooiensis
636 4821 713 4884 dioc.
738 4822 927 4902 iridulpetur,
950 4829 985 4886 ut
1007 4830 1168 4904 confessor
1191 4826 1257 4889 eius
1281 4826 1314 4889 in
1336 4827 1446 4890 mortis
1461 4829 1596 4892 articulo
1615 4830 1748 4912 plenam

242 4921 378 4983 omnium
397 4925 597 5002 peccatorum
620 4925 831 4988 remissionem
861 4929 889 4988 ei
919 4928 1081 4992 concedere
1105 4931 1217 5011 possit.
1268 4932 1451 5012 „Provenit“
1481 4933 1657 5010 „Aniniouc
1681 4937 1755 5002 XII

760 5028 823 5092 lul.
849 5031 1037 5112 Septembris
1061 5054 1088 5096 a.
1106 5037 1219 5098 secto.“

1193 5171 1354 5253 Ariniouc,
1381 5175 1465 5238 1358
1487 5173 1625 5258 Ammo·
1646 5180 1701 5246 21.

373 5352 402 5404 R.
422 5356 471 5406 AV.
493 5360 541 5407 138
560 5354 607 5406 sol.
626 5361 684 5416 ⁶247,
706 5357 733 5408 R.
756 5356 814 5408 vat.
834 5363 884 5410 233
904 5358 949 5410 sol.
969 5364 1026 5409 515.
