3944 6060
231 427 295 492 134
827 424 897 479 Arta
915 422 1070 478 morentii
1090 423 1135 478 vl.

361 630 532 697 Carissimo
566 631 599 695 in
623 630 750 695 Christo
784 629 848 695 filio
873 628 985 696 Garolo
1020 630 1086 712 regi
1112 632 1321 695 Romanorum
1344 632 1462 696 illustri
1497 635 1640 699 salutem
1673 641 1740 701 eta.

231 736 307 800 Veu.
332 736 371 800 fr.
394 744 503 801 noster
536 734 751 799 Theudoricus
774 736 942 817 episcopus
979 735 1164 816 lliudensis,
1199 736 1334 800 nuncius
1368 741 1451 818 tuus,
1485 735 1570 802 lator
1604 756 1736 820 presen-

230 841 317 918 tium,
363 859 455 921 quem
498 860 554 922 pro
596 840 660 903 tuis
696 840 835 922 negociis
877 840 917 903 ad
951 841 1060 904 sedem
1098 839 1303 920 apostolicruu
1342 840 1523 922 destinasti,
1571 848 1606 906 et
1645 861 1737 924 quem

230 945 347 1008 iutuitu
378 952 433 1009 tuo
464 950 499 1009 et
521 944 622 1026 ipsius
645 944 776 1025 insuper
799 943 951 1008 bonitatis
974 944 1106 1007 obtentu
1138 949 1227 1025 grate
1251 946 1438 1026 recepimus,
1473 945 1658 1011 huiusmodi
1681 964 1735 1011 ne·

230 1049 319 1130 gocia
352 1055 408 1114 tua
431 1049 605 1130 prudenter
628 1055 661 1112 et
684 1048 815 1127 provide
839 1067 875 1112 ac
898 1047 1072 1129 diligenter
1094 1054 1128 1111 et
1151 1048 1276 1111 solicite
1300 1055 1488 1130 prosecutus
1511 1055 1572 1131 est,
1608 1056 1643 1114 et
1666 1049 1737 1116 feli·

231 1152 311 1217 citer
334 1153 502 1235 expeditus
527 1153 568 1217 ad
591 1152 839 1233 magnitudinem
863 1158 948 1217 tunm
985 1151 1072 1216 ducit
1096 1171 1130 1217 se
1154 1153 1394 1234 presentialiter
1416 1154 1631 1218 referendum.
1679 1154 1738 1220 Cui

231 1275 301 1320 cum
336 1275 432 1338 super
456 1256 613 1337 aliquibus
636 1255 812 1320 referendis
846 1273 903 1336 per
933 1273 1005 1318 eum
1040 1256 1097 1319 tibi
1128 1274 1185 1338 pro
1211 1263 1302 1339 parte
1325 1262 1435 1320 nostra
1458 1263 1612 1321 oretenus
1636 1257 1736 1325 locuti

232 1360 393 1439 fuerimus,
428 1361 459 1422 iu
491 1360 688 1440 exponendis
718 1359 839 1440 poteris
869 1359 945 1422 dare
980 1359 1082 1422 tidem.
1130 1362 1166 1424 D.
1198 1361 1354 1426 duinione
1385 1362 1417 1425 11
1448 1362 1491 1425 id.
1517 1362 1686 1428 Februarii
1710 1384 1738 1429 a.

231 1468 341 1530 tercio.

361 1654 393 1707 R.
412 1654 474 1707 Vat.
494 1660 545 1707 237
564 1654 609 1706 fol.
633 1648 681 1706 19⁴.
702 1683 734 1691 -
753 1651 818 1719 Reg.
838 1649 912 1718 apud
933 1649 1095 1721 Werunsky,
1127 1651 1264 1720 Excerptu
1283 1669 1322 1704 nr.
1342 1658 1392 1707 324
1411 1659 1439 1705 et
1456 1653 1559 1720 Huber,
1581 1655 1648 1725 Reg.
1669 1655 1737 1724 Imp.

234 1742 300 1794 VIII
319 1756 381 1811 pag.
401 1746 451 1794 783
469 1757 509 1793 nr.
529 1746 587 1793 264.

231 2067 1741 2156 329.MarquardoepiscopoAugusteum,consiliariob'aroliRornanorunretBoberniuerepis,

233 2179 276 2242 ud
296 2178 555 2260 supplicationem
577 2176 680 2258 ipsius
702 2175 786 2253 repis
804 2174 1014 2256 permittitur,
1048 2177 1082 2236 ut
1113 2175 1152 2238 ab
1183 2174 1324 2238 omnibus
1343 2174 1489 2254 personis
1513 2177 1740 2244 acclamatus

232 2302 310 2346 suae
332 2281 408 2345 dioc.
432 2278 650 2344 saecularibus
673 2285 702 2341 et
724 2278 932 2360 reputaribus,
956 2277 1104 2360 beneficia
1126 2277 1337 2342 ecelesiastica
1351 2277 1569 2359 obtinentibus,
1593 2284 1741 2349 euridi-

232 2407 305 2450 uum
318 2385 494 2452 salnaium
514 2385 652 2464 recipere
669 2382 781 2464 possit.
808 2383 937 2464 ,Eripit
959 2387 1010 2444 tue
1033 2381 1225 2446 teredonis
1255 2380 1432 2462 ,Aninione
1446 2383 1490 2447 id.
1515 2385 1689 2452 Februarii
1711 2409 1741 2454 a.

931 2488 1058 2550 tereio“.

304 2580 414 2732 ᾖ
1155 2622 1315 2702 Arinione,
1339 2626 1620 2736 13551Febrwrt't‘
1644 2632 1697 2696 13·

364 2816 395 2870 R.
415 2814 476 2868 Vat.
499 2821 545 2867 129
564 2815 611 2868 fol.
631 2815 701 2881 522',
719 2814 749 2866 R.
769 2813 830 2867 Vat.
849 2818 898 2868 231
919 2813 965 2866 fol.
985 2816 1053 2868 253⁹.

234 3185 324 3248 330.
351 3181 512 3263 Peleprino
545 3181 583 3244 de
606 3179 778 3244 Meloleone
802 3178 911 3243 elerico
938 3176 1098 3240 Olorensis
1133 3178 1211 3242 dioc.
1236 3186 1416 3244 reseruntur
1439 3181 1622 3262 beneficium
1646 3184 1744 3249 ecele-

235 3288 402 3351 siasticam
424 3305 492 3348 cum
515 3284 562 3348 uel
584 3287 654 3348 sine
676 3305 763 3357 curu,
800 3284 843 3347 ad
866 3282 1060 3345 collationem
1083 3285 1223 3365 episcopi
1251 3282 1409 3366 Aquensis
1427 3287 1615 3367 prouinciae
1638 3286 1743 3352 Auxi-

235 3395 331 3454 tanae
351 3391 521 3472 pertinens.
566 3387 758 3461 ,Probitatis
782 3392 811 3449 et
833 3388 1003 3449 rr'rtutum“
1033 3385 1210 3465 „Aninione
1233 3388 1279 3450 XI
1307 3386 1370 3452 nal.
1402 3391 1524 3454 nterea·
1552 3412 1582 3454 a.
1611 3394 1743 3456 tereio“.

236 3532 277 3540 -
300 3496 339 3558 In
362 3515 386 3558 e.
410 3514 450 3556 m.
475 3492 699 3557 archidiacono
723 3492 897 3571 Praperrsis
919 3495 948 3553 et
973 3487 1129 3552 Guilelmo
1154 3488 1312 3571 buynde⁸l
1337 3494 1485 3556 canonico
1504 3492 1745 3560 Claramanten-

659 3597 705 3659 sis
727 3593 930 3660 ueiesiaruur
953 3611 991 3657 ae
1013 3592 1151 3674 officiali
1172 3595 1324 3678 Aquensi.

1143 3728 1302 3812 Aninione,
1335 3736 1418 3799 1355
1444 3733 1621 3798 Februarii
1643 3738 1698 3801 19.

381 3687 385 3739 l

300 3720 422 3841 la.

366 3925 398 3978 R„
418 3926 466 3978 Aa.
487 3930 532 3978 131
554 3921 601 3975 fol.
621 3923 689 3989 448',
708 3922 739 3974 R.
759 3921 819 3975 Vat.
838 3926 889 3973 229
908 3921 955 3974 fol.
975 3928 1017 3975 85.
1038 3951 1070 3959 -
1092 3926 1117 3988 ιι)
1136 3922 1263 3992 ,Caynde‘
1284 3926 1332 3976 Ar.

234 4257 325 4322 331.
353 4252 485 4319 Carolus
512 4255 722 4317 Romanorum
757 4272 813 4315 reu
842 4256 981 4335 ropatur,
1016 4256 1170 4336 quatenus
1200 4255 1353 4337 naapistro
1386 4257 1416 4316 et
1446 4251 1603 4335 hospitali
1634 4276 1661 4320 s.
1685 4259 1742 4323 Jo-

234 4359 349 4424 bannis
386 4359 646 4423 Jerosolirnitani
681 4359 715 4420 in
753 4357 935 4421 extruendis
967 4357 1173 4440 pensionibus
1211 4378 1249 4421 ue
1286 4357 1363 4420 aliis
1400 4357 1535 4422 devertis
1578 4357 1744 4426 auxilinm

907 4465 1060 4544 praestet.

1231 4599 1393 4674 Auinione,
1418 4601 1501 4664 1355
1525 4601 1647 4665 Martii
1668 4606 1700 4668 1.

369 4790 538 4856 Carissimo
573 4791 605 4853 in
636 4788 762 4854 Christo
794 4789 858 4854 tilio
890 4789 1003 4854 Carolo
1034 4793 1102 4873 regi
1133 4791 1343 4854 Romanorum
1376 4790 1494 4854 illustri
1518 4790 1660 4854 salutem
1685 4798 1745 4858 eta.

241 4896 399 4959 Gerentes
422 4895 454 4957 in
478 4892 599 4956 intimis
623 4894 727 4957 cordis
750 4893 851 4956 nostri
875 4893 913 4955 ad
938 4893 988 4956 dd.
1013 4892 1047 4956 ff.
1072 4894 1255 4975 magistrum
1272 4899 1305 4956 et
1323 4892 1438 4956 fratres
1454 4892 1624 4975 hospitalis
1647 4912 1673 4958 s.
1688 4895 1742 4962 Jo-

241 4998 354 5064 hannis
381 4996 647 5079 Jerusalimitani,
681 4998 733 5076 qui
765 5016 821 5079 pro
845 4997 1029 5061 ‹lef'ensione
1055 4998 1208 5061 catholice
1232 4997 1304 5059 filei
1329 4997 1489 5076 Teneone
1513 5002 1622 5061 sancte
1645 5000 1748 5065 subsi-

241 5101 293 5166 dio
316 5108 479 5183 exponunt
500 5099 685 5164 indefessis
709 5101 868 5163 laboribus
891 5100 1009 5181 iugiter
1032 5119 1066 5164 se
1093 5107 1127 5163 et
1143 5117 1207 5180 sua,
1231 5106 1362 5181 paterne
1381 5100 1564 5164 dileccionis
1580 5099 1743 5185 affectum,

242 5207 281 5269 ad
305 5222 344 5268 ea
367 5207 573 5268 serenitatem
605 5205 725 5286 regiam
758 5205 875 5268 nostris
906 5204 1024 5268 litteris
1054 5204 1209 5269 libencius
1233 5205 1417 5286 excitamus,
1439 5223 1497 5285 per
1520 5221 1580 5283 que
1603 5205 1746 5287 ipsorum

242 5309 427 5374 consulatur
448 5307 644 5391 profectibus
667 5314 701 5371 et
724 5308 1034 5373 incommoditatibus
1058 5308 1212 5373 obvietur.
1251 5307 1334 5373 Sane
1357 5326 1459 5389 nuper
1482 5307 1656 5373 ecuundem
1679 5329 1745 5376 ma·
