3944 6060
859 433 923 481 laer
944 429 1048 498 Aprilis
1068 435 1108 484 eo.
1671 435 1737 499 483

232 638 348 703 1202.
375 635 520 718 Officioli
546 638 700 719 Propensi
721 635 906 714 accindatur,
938 641 1093 721 quotenus
1116 638 1248 703 Nicolco
1271 639 1308 703 dc
1340 638 1499 719 Veledam)
1519 639 1737 722 parochialem

232 743 394 807 ecclesiam
416 741 451 804 in
482 739 622 822 Vrelnobv
652 745 819 805 occuclem
845 742 1044 824 parabilem
1070 744 1214 823 Gregorii
1244 745 1281 808 dc
1309 744 1449 808 lludnica
1472 748 1626 824 corfaut,
1656 745 1736 826 „Di-

489 865 586 929 pnum
609 844 824 910 arbitramur⁸⁸
863 844 1038 924 „Aniciana
1062 847 1097 911 ΙΙ
1118 846 1181 912 bal.
1206 849 1291 912 diois?
1313 870 1341 911 α.
1368 850 1476 912 aono.“

1195 988 1467 1062 Aciuicne,.13b'l
1495 987 1617 1069 Aprilis
1639 990 1691 1055 30.

363 1173 393 1226 R.
413 1178 462 1226 Ar.
484 1178 533 1228 145
552 1174 598 1227 fol.
621 1181 686 1229 lol‘.
712 1206 735 1214 -
749 1180 774 1238 ε)
793 1176 953 1242 ,Valeczovr‘
972 1179 1021 1229 Av.
1037 1177 1060 1242 b)
1081 1177 1283 1245 ,Votelne‘per
1302 1193 1420 1231 errorem
1439 1178 1514 1231 loco:
1535 1177 1663 1242 ,Wtelna‘
1687 1179 1735 1232 Av.

881 1381 1086 1390 ——-

237 1559 352 1624 1203.
378 1555 508 1624 Carolus
531 1561 745 1623 aomanorum
767 1560 941 1642 irreperclor
955 1565 984 1625 cl
999 1559 1170 1624 Bolremiuc
1192 1580 1250 1623 rea
1266 1559 1432 1643 supplicat,
1451 1564 1605 1640 quolenus
1628 1562 1733 1640 infra·

483 1664 613 1744 scriptis
632 1666 777 1744 personis
799 1669 829 1727 cl
851 1664 926 1730 locis
950 1663 1094 1752 diversae
1116 1665 1242 1748 pruliue
1265 1665 1483 1731 corrccduntur.

1199 1804 1361 1875 Aricinae,
1387 1807 1467 1868 ldb'l
1494 1803 1618 1881 Aprilis
1640 1807 1691 1868 30.

363 1991 526 2074 Supplicat
550 1994 589 2057 Sti
615 1995 667 2058 Vre
699 1995 832 2059 devotus
864 1996 947 2059 lilius
972 2001 1078 2060 vester
1108 1994 1240 2059 Carolus
1265 1996 1475 2058 Romanorum
1499 1995 1672 2077 imperator
1697 2014 1731 2060 ac

235 2096 363 2161 Boemie
388 2117 452 2171 rex,
477 2106 633 2178 [quatenus
650 2100 823 2163 venerabili
841 2103 977 2165 Arnesto
1000 2100 1239 2180 archiepiscopo
1256 2099 1406 2180 Pragensi
1439 2107 1472 2162 et
1500 2100 1734 2165 successoribus

235 2200 300 2264 suis
323 2201 363 2264 de
387 2202 517 2283 speciali
540 2204 648 2283 gracia
670 2204 835 2285 indulgere
860 2205 1042 2286 dignemini,
1072 2211 1108 2268 ut
1131 2203 1282 2284 quociens
1305 2209 1339 2266 et
1361 2204 1550 2283 ubicumque
1574 2221 1629 2268 eos
1654 2204 1736 2268 inira

234 2321 307 2368 suas
331 2305 493 2369 civitatem
524 2315 557 2371 et
580 2308 729 2372 diocesim
754 2327 808 2373 seu
835 2310 1026 2391 provinciam
1058 2309 1089 2372 in
1113 2306 1347 2390 pontificalibus
1370 2307 1531 2371 celebrare
1556 2307 1734 2389 contigerit,

234 2409 358 2491 possint
381 2416 453 2490 post
475 2411 705 2477 confessionem
723 2420 757 2477 et
780 2414 1012 2501 absolucionem
1030 2421 1105 2477 tunc
1122 2413 1294 2476 secundum
1318 2412 1577 2475 consuetudinem
1595 2411 1734 2474 Romane

234 2513 320 2577 curie
343 2513 505 2580 faciendas
529 2517 673 2580 omnibus
696 2518 813 2582 ibidem
837 2519 1039 2599 presentibus
1064 2523 1189 2581 centum
1206 2516 1329 2580 dierum
1346 2515 1579 2597 indulgenciam
1596 2516 1733 2598 elargiri.

363 2618 443 2682 Item
466 2626 623 2700 quatenus
647 2622 820 2686 concedere
844 2622 1016 2703 dignemini
1041 2622 1158 2686 dilecto
1183 2640 1239 2686 siro
1255 2621 1391 2685 iohanni
1410 2621 1495 2684 dicto
1513 2620 1734 2702 llolesckow,·)

233 2723 396 2804 preposito
419 2725 605 2789 monasterii
630 2726 914 2790 sanctimonialium
939 2726 971 2790 in
995 2725 1288 2807 Cbotyessouoycz,
1312 2742 1369 2806 per
1392 2725 1588 2806 prepositum
1605 2724 1731 2805 etprio·

233 2825 344 2890 rissam
379 2828 466 2891 soliti
500 2830 678 2910 gubernari,
715 2831 1017 2894 Prernonstratensis
1053 2831 1173 2895 ordinis
1207 2829 1375 2910 Pragensie
1410 2828 1501 2906 dioc,
1532 2829 1733 2909 virentique

234 2947 415 3009 magnarum
439 2932 589 2996 virtutum
612 2940 646 2998 et
669 2933 801 2999 honeste
825 2935 1076 3000 conversacionis
1093 2940 1126 2999 et
1142 2934 1216 3014 vite,
1241 2933 1371 3013 eiusque
1396 2930 1639 3011 successoribus,
1662 2950 1733 3012 pre·

234 3033 346 3115 positis
369 3035 446 3099 dicti
470 3038 664 3115 monasterii,
689 3039 741 3118 qui
766 3046 860 3103 erunt
882 3058 939 3119 pro
963 3044 1114 3121 tempore,
1149 3038 1231 3119 quod
1255 3037 1478 3101 inmissurum
1502 3034 1678 3100 sollemniis
1701 3040 1735 3098 et

235 3136 305 3202 aliis
328 3140 474 3220 congruis
509 3141 587 3206 locis
611 3149 645 3206 et
668 3144 862 3224 ternporibus
898 3144 943 3208 uti
967 3144 1092 3226 possint
1115 3144 1235 3218 baculo,
1271 3160 1341 3204 cum
1364 3139 1516 3204 clausulis
1539 3145 1573 3203 et
1595 3159 1657 3205 nou
1681 3141 1734 3204 ob·

234 3240 426 3324 stantibusb)
451 3247 627 3327 oportunis,
652 3248 821 3328 presertim
857 3267 925 3311 cunr
949 3248 1052 3329 ipsum
1076 3247 1312 3327 monasterium,
1337 3247 1377 3309 ad
1401 3244 1483 3325 quod
1508 3244 1612 3309 dictus
1635 3245 1732 3327 impe-

234 3352 320 3411 rator
341 3367 487 3430 magnum
512 3351 595 3431 gerit
617 3350 799 3415 devocionis
823 3351 985 3431 allectum,
1009 3352 1088 3416 satis
1113 3351 1253 3415 solemne
1277 3357 1310 3413 et
1333 3350 1364 3412 in
1388 3349 1456 3411 loco
1480 3348 1612 3411 multum
1637 3368 1733 3430 popu-

234 3450 301 3515 loso
325 3452 488 3533 consistat,
512 3454 659 3532 idemque
683 3472 760 3518 usus
783 3472 930 3519 cessurus
954 3455 997 3519 sit
1020 3455 1058 3517 ad
1084 3472 1227 3535 magnam
1244 3453 1495 3517 corisolacionem
1511 3452 1612 3532 ipsius
1635 3453 1732 3533 impe·

234 3555 349 3619 tatoris
373 3561 406 3619 et
430 3556 561 3621 aliorum
586 3558 725 3621 fidelium
741 3559 955 3639 plurrimorum.

363 3765 444 3828 ltem
468 3767 635 3849 supplicat,
659 3774 816 3847 quatenus
840 3768 1043 3831 collationem
1058 3774 1091 3830 et
1106 3767 1342 3829 institucionem
1360 3765 1551 3828 auctoritate
1574 3763 1735 3827 ordinaria

235 3866 349 3932 factam
374 3867 524 3935 Heinrico
559 3871 599 3934 de
623 3872 782 3936 Wessalia
814 3872 938 3937 notario
970 3877 1004 3935 et
1026 3871 1199 3936 secretario
1231 3888 1287 3934 suo
1311 3870 1350 3932 de
1374 3868 1576 3950 prepositura
1599 3866 1735 3931 ecclesie

236 3971 399 4037 Cortensis
424 3974 621 4039 Coloniensis
658 3977 737 4040 dioc.
762 3982 796 4040 et
820 3977 924 4041 omnia
946 3976 1020 4039 inde
1045 3981 1163 4054 secuta,
1198 3974 1299 4037 eciam
1323 3973 1350 4036 si
1374 3973 1513 4054 dignitas
1537 3978 1647 4036 cirrata
1671 3972 1734 4035 exi·

234 4082 300 4141 etat
321 4083 356 4141 et
378 4078 507 4143 eciamsi
530 4098 588 4161 per
611 4081 872 4145 constitucionem
905 4079 1123 4155 ,Execrabilis
1149 4085 1204 4142 aut
1227 4078 1307 4141 alias
1330 4082 1493 4141 reservata
1516 4076 1567 4157 sit,
1590 4074 1641 4140 vel
1664 4075 1733 4139 eius

234 4181 364 4247 collacio
388 4183 428 4246 ad
459 4183 567 4248 sedem
602 4185 807 4266 apostolicam
842 4185 1001 4261 devoluta,
1034 4183 1207 4265 dignemini
1242 4181 1425 4245 confirmare
1461 4180 1510 4242 rel
1544 4179 1606 4261 ipsi
1629 4178 1669 4244 H.
1694 4179 1733 4242 de

234 4286 303 4367 ipsa
325 4286 365 4350 de
389 4305 469 4351 novo
503 4288 680 4370 providere,
714 4291 959 4370 nonobstante,
995 4288 1077 4368 quod
1101 4287 1135 4350 in
1158 4305 1181 4350 s.
1206 4286 1325 4351 lllorini
1350 4285 1389 4348 de
1422 4281 1621 4348 Confluentis
1643 4302 1679 4346 ac
1703 4282 1734 4345 iu

234 4407 258 4453 s.
282 4391 383 4455 blarie
409 4390 621 4457 Vetslarieusi
644 4411 712 4457 cum
737 4393 907 4474 prebendis
930 4393 1019 4456 etin
1043 4411 1067 4460 s.
1093 4390 1202 4456 Seueri
1235 4392 1274 4455 de
1297 4388 1489 4454 monasterio
1523 4389 1555 4451 in
1579 4385 1735 4469 bleynlelt

233 4493 440 4559 Treuerensis
475 4496 554 4562 dioc.
579 4497 668 4561 etin
691 4496 835 4579 Spirensi
872 4499 929 4560 sub
961 4496 1186 4579 expectacione
1217 4495 1449 4576 prebendarum
1472 4491 1676 4556 canonicatus
1700 4496 1734 4553 et

233 4597 265 4661 in
288 4599 400 4663 eadem
424 4599 565 4681 Spirensi
589 4601 734 4666 ecclesiis
757 4601 949 4682 prebendam
966 4600 1195 4664 sacerdotalem
1220 4598 1361 4662 noscitur
1377 4597 1531 4672 obtinere,
1556 4612 1625 4658 cum
1649 4594 1731 4657 clau·

234 4702 312 4766 solis
336 4705 546 4785 opor·tunis.⁰)

362 4809 443 4872 Item
477 4828 546 4871 cum
571 4809 715 4873 redditus
738 4809 882 4873 custodie
917 4807 1053 4871 ecclesie
1086 4804 1336 4870 Boleslauiensis
1371 4804 1541 4885 l'ragensis
1565 4803 1644 4866 dioc.
1669 4802 1735 4865 sint

236 4911 315 4976 adeo
339 4919 463 4988 tenues,
488 4914 571 4992 quod
594 4921 701 4977 custos
735 4914 837 4994 ipsius
860 4911 996 4977 ecclesie
1019 4911 1136 4976 exinde
1171 4929 1232 4974 non
1256 4915 1364 4990 potest
1386 4927 1524 4989 congrue
1548 4905 1738 4983 sustentari,

234 5015 380 5096 dictaque
415 5017 560 5080 custodia
593 5017 736 5096 requirat
759 5017 969 5081 residenciarn
992 5015 1200 5099 personalem,
1224 5015 1372 5095 dignetur
1403 5011 1464 5076 8ωε
1492 5010 1546 5074 Vra
1575 5028 1670 5073 unam
1693 5009 1734 5073 de

234 5120 404 5200 prebendis
427 5120 528 5201 ipsius
551 5121 696 5203 ecclesie,
720 5123 746 5185 si
771 5129 863 5186 vacat
886 5122 937 5185 vel
960 5120 1189 5202 quamprimum
1206 5117 1339 5197 vacabit,
1356 5117 1446 5180 unire
1470 5120 1626 5197 perpetuo
1649 5112 1733 5178 dicte

234 5224 383 5311 custodie
400 5243 469 5288 cum
492 5225 712 5290 reservacione
736 5232 769 5290 et
793 5227 865 5291 aliis
889 5225 1040 5289 clausulis
1063 5223 1229 5306 oportunis
1253 5227 1287 5286 et
1311 5223 1447 5301 insuper,
1468 5238 1537 5284 cum
1562 5217 1733 5299 archiepis·

233 5345 330 5409 copus
365 5327 533 5410 Pragensis
567 5348 739 5412 persuum
773 5335 928 5394 statutum
962 5329 1183 5410 declaraverit,
1217 5328 1334 5391 dictam
1369 5324 1544 5389 custodiam
1575 5340 1637 5386 non
1661 5338 1733 5384 esse
1782 5406 1784 5411 ,

1578 5458 1629 5511 ³1·
