3944 6060
232 419 296 485 396
834 412 905 471 Acta
923 416 1076 471 Innocentii
1095 416 1141 472 Vl.

237 627 326 693 995.
358 629 559 691 Innocentius
590 628 633 690 VI
661 626 772 694 Corolo
803 629 1017 692 Rornanorum
1051 628 1237 710 imperatori
1271 634 1299 692 et
1328 625 1501 692 Bolemioe
1529 627 1597 709 rapi
1619 623 1744 703 scribit,

232 753 265 794 se
285 751 345 794 non
364 732 508 813 potuisse
529 732 608 794 cotis
632 732 709 814 eins,
729 754 794 814 per
812 732 981 796 Nicolaum
1008 731 1149 795 Fridlini
1172 735 1355 798 canonicum
1366 735 1568 813 Propensm
1592 732 1747 794 nunciam

234 836 311 914 eins,
336 835 503 916 expressis,
538 841 572 897 nt
606 836 666 898 elno
689 835 863 899 decretalia
888 835 1057 900 Clementis
1093 838 1127 913 1⁷,
1151 838 1321 900 Henricnm
1351 839 1378 899 V
1404 839 1621 901 Romanorum
1644 835 1745 918 impe-

231 946 368 1004 ratorem
405 942 568 1022 tarrpentio
592 940 785 1019 aboleantur,
824 944 853 1003 et
876 940 952 1004 aliis
988 941 1068 1004 cotis
1091 941 1158 1004 eins
1197 941 1281 1005 circo
1298 941 1526 1025 promotionem
1556 936 1747 1004 Theoderici

732 1046 869 1129 episcopi
893 1044 1071 1109 Mindensis
1095 1067 1243 1110 annuere.

1034 1222 1130 1304 Apud
1161 1221 1400 1300 l'illornnooorn,
1423 1219 1510 1284 1359
1532 1217 1619 1288 Jnlii
1641 1221 1697 1284 23.

364 1481 535 1545 Carissimo
559 1483 591 1545 in
616 1482 742 1546 Christo
767 1482 830 1548 tilio
856 1483 970 1547 Carolo
993 1485 1204 1549 Rornanorum
1228 1483 1412 1565 imperatori
1446 1499 1573 1562 semper
1597 1486 1740 1562 angusto

233 1605 269 1649 ac
293 1587 422 1651 lloernie
446 1588 513 1668 regi
538 1588 656 1675 illustri
681 1588 816 1652 salutern
840 1594 900 1652 etc.
925 1586 1035 1670 Nuper
1058 1592 1148 1653 nobis
1172 1596 1228 1652 tna
1251 1587 1428 1651 sublimitas
1444 1593 1508 1650 tam
1532 1605 1590 1668 per·
1615 1586 1744 1649 litteras

233 1691 360 1771 propria
382 1710 475 1754 mann
499 1690 634 1772 scriptas
660 1711 753 1772 quam
777 1710 835 1773 per·
859 1693 930 1755 vive
957 1694 1043 1757 vocis
1067 1694 1227 1757 oraculum
1252 1694 1281 1755 d.
1305 1693 1324 1754 f.
1341 1691 1463 1755 Nicolai
1487 1689 1622 1754 Fridlini
1647 1705 1740 1752 cauo·

233 1794 296 1856 nici
320 1794 498 1874 ProgensiS,
523 1796 631 1859 nuncii
643 1795 701 1874 tui,
717 1796 829 1859 latoris
853 1797 1062 1878 presencium,
1088 1798 1188 1860 multa
1211 1815 1338 1878 precum
1362 1795 1518 1859 instancia
1538 1792 1742 1874 supplicavit,

233 1903 276 1980 ut,
288 1916 357 1961 eum
374 1899 406 1961 in
420 1899 541 1963 drrabus
555 1900 768 1965 decretalibus
791 1900 864 1964 olim
878 1918 952 1982 per.
966 1948 971 1960 .
984 1952 989 1964 .
1004 1951 1009 1963 .
1032 1901 1229 1965 Clementem
1242 1919 1354 1982 papam
1368 1901 1521 1980 quintum,
1534 1898 1741 1980 predecesso-

234 2021 300 2065 rem
313 2009 470 2084 nostrum,
494 2003 600 2085 editis,
625 2022 754 2084 quarum
769 2023 830 2067 una
842 2004 967 2085 incipit:
996 2005 1147 2083 ‚Romani
1162 2004 1322 2086 principes
1334 2004 1373 2066 de
1389 2003 1459 2066 inre
1475 2001 1627 2066 iurando“
1647 2005 1683 2063 et
1699 1998 1743 2062 al·

234 2112 318 2169 tera:
345 2107 537 2185 „Pastoralis
561 2109 600 2171 de
625 2108 788 2173 sentencia
807 2115 841 2172 et
864 2126 898 2171 re
922 2109 1091 2188 indicated,
1117 2128 1178 2172 non
1202 2127 1311 2189 parum
1327 2107 1392 2171 ledi
1416 2108 1564 2170 mdeatnr
1586 2102 1741 2168 memoria

234 2211 389 2289 qrrondanr
413 2211 542 2275 Henrici
566 2213 777 2276 Rornanorum
801 2212 1011 2293 imperatoris,
1046 2213 1096 2275 avi
1121 2213 1177 2292 tni,
1212 2217 1246 2275 et
1268 2217 1467 2293 posterorum
1503 2229 1633 2274 snorum
1656 2208 1739 2272 farne

233 2334 293 2378 non
319 2316 474 2379 modicum
499 2317 656 2398 derogari,
681 2317 848 2399 providere
872 2335 969 2398 super
992 2317 1113 2380 eisdenr
1130 2317 1343 2381 decretalibus
1367 2317 1406 2380 arl
1430 2313 1740 2396 redintegracionern

233 2419 412 2485 huiusmodi
435 2422 585 2486 memorie
610 2427 644 2484 ot
674 2421 756 2485 tarne
779 2421 900 2503 pariter
934 2421 1113 2485 claritatem
1148 2421 1321 2502 apostolice
1354 2420 1562 2502 benignitatis
1597 2417 1741 2483 remedio

234 2525 444 2604 dignaremur.
478 2526 645 2607 Equidem,
681 2526 725 2589 tili
750 2526 922 2603 carissime,
957 2527 1030 2589 dnm
1054 2526 1139 2588 clara
1173 2525 1400 2607 pinguitudinis
1435 2531 1489 2588 tue
1513 2525 1638 2602 merita,
1663 2522 1738 2586 dnm

234 2629 436 2693 ‹levireiorrem
461 2636 557 2710 trram,
593 2649 684 2710 quam
721 2632 760 2694 ad
785 2632 955 2694 Romanam
991 2631 1075 2712 geris
1114 2631 1290 2703 ecclesiam,
1326 2637 1434 2694 nostre
1470 2626 1740 2693 considerationis

233 2734 382 2815 indagine
418 2742 685 2817 perscrnptamnr,
731 2736 803 2798 dum
836 2736 1083 2811 eorrsidorarnnS,
1120 2741 1238 2815 quanta
1273 2735 1487 2798 sacerdocium
1512 2739 1546 2797 et
1569 2730 1738 2813 imperinm

233 2839 311 2903 deus
334 2839 419 2901 inter·
442 2857 476 2903 se
500 2857 571 2903 esse
598 2838 698 2903 voluit
732 2839 867 2902 caritate
892 2840 1070 2919 coniuncta,
1106 2839 1310 2920 proponimus
1334 2838 1463 2919 iubila,
1488 2855 1548 2917 que
1573 2854 1643 2899 cunr
1669 2834 1738 2896 lieo

233 2961 409 3024 possumus,
438 2943 502 3006 tuis
525 2944 608 3008 rotis
632 2963 782 3023 annuere,
813 2961 998 3007 corrourrere
1035 2943 1244 3024 beneplacitis
1268 2949 1302 3006 et
1325 2942 1494 3007 desideriis
1528 2938 1738 3020 complacere.

234 3046 350 3110 Verum
373 3065 452 3128 curn,
487 3048 570 3111 sicut
592 3048 782 3112 eccellencie
806 3053 860 3110 tue
895 3046 962 3111 fore
998 3047 1155 3111 credimus
1191 3067 1252 3110 non
1277 3047 1428 3128 ignotum,
1463 3044 1644 3110 decretales
1681 3060 1738 3106 seu

234 3152 480 3216 constituciones
504 3152 628 3232 pretate
652 3170 720 3215 cunr
744 3152 853 3215 multis
876 3151 996 3215 fuerint
1019 3151 1297 3232 solempnitatibus
1321 3152 1557 3233 edite,1nagna
1580 3147 1739 3211 delibera-

234 3256 323 3319 cione
349 3256 491 3319 discrrsse
515 3262 549 3319 et
585 3256 617 3318 in
651 3255 793 3337 garrerali
824 3255 955 3319 concilio
979 3255 1153 3319 Viennensi
1186 3255 1285 3319 rrrulto
1319 3275 1501 3338 magnorum
1536 3251 1742 3317 consiliorum

234 3360 400 3423 libramine
424 3360 599 3440 ponderate
624 3378 660 3423 ac
684 3359 798 3423 deinde
816 3360 1098 3424 corrstitncionibus
1122 3360 1238 3423 ceteris
1255 3360 1439 3441 apostolicis
1462 3366 1496 3423 et
1512 3357 1637 3439 corpori
1660 3355 1741 3420 iuris

234 3464 354 3527 inserte
378 3470 412 3526 et
434 3464 553 3544 passim
578 3471 641 3527 tarn
665 3482 723 3543 per·
756 3463 919 3545 generalia
951 3464 1056 3527 studia
1088 3482 1179 3542 quarn
1215 3483 1273 3545 per
1295 3464 1413 3527 irnlicia
1435 3462 1575 3527 fidelium
1600 3460 1741 3543 promul-

234 3575 317 3649 gate,
340 3588 400 3630 non
426 3569 571 3640 aldionas,
595 3588 656 3648 quo
680 3568 772 3631 modo
795 3587 853 3650 per
875 3586 932 3632 nos
958 3568 1088 3649 aboleri,
1125 3568 1244 3631 irritari
1276 3574 1331 3632 aut
1362 3568 1546 3648 aliqualiter
1568 3564 1742 3643 imnnrtari,

235 3679 361 3736 seruata
384 3673 513 3736 iusticia
537 3679 571 3736 et
596 3672 795 3754 apostolatus
819 3673 920 3736 nostri
953 3673 1114 3747 decencia,
1139 3678 1256 3753 posset,
1281 3674 1363 3753 qnod
1386 3678 1477 3736 tanta
1497 3672 1559 3735 tuit
1582 3669 1741 3734 delibera·

235 3778 324 3841 cione
348 3783 382 3841 et
405 3777 578 3857 diligencia
601 3777 804 3841 celebratum.
840 3776 1071 3841 Nicbilominus
1107 3785 1212 3840 tamen
1243 3777 1357 3841 nuncio
1381 3778 1485 3841 eidem
1510 3774 1685 3840 obtulimus
1708 3774 1741 3837 iu

235 3880 421 3945 corrsistorio
445 3899 622 3962 preponere
646 3882 719 3959 isia,
747 3881 774 3943 si
798 3881 905 3964 vellet,
935 3899 1038 3944 corum
1063 3882 1297 3946 venerabilibus
1328 3881 1480 3946 iratribus
1513 3880 1632 3945 nostris
1679 3879 1741 3943 llo·

234 4003 325 4047 mane
363 3985 497 4048 ecclesie
534 3985 747 4048 cardinalibus
783 3991 816 4049 ct
850 4004 917 4048 rern
952 3986 1052 4066 ipsam
1088 3986 1120 4047 in
1143 3986 1280 4049 rinadium
1316 3987 1474 4050 derlucere
1511 4004 1547 4049 ac
1570 3990 1683 4048 nostro
1707 3989 1742 4047 et

236 4089 390 4151 «lictorum
414 4088 546 4152 fratrum
571 4089 686 4152 irnlirio
711 4090 877 4170 verrtilare,
913 4091 969 4152 sed
993 4091 1062 4170 ipse
1088 4089 1134 4151 rei
1166 4089 1266 4171 ipsius
1301 4091 1484 4153 eurulicione
1516 4095 1581 4154 tarn
1606 4088 1740 4170 provide

235 4213 326 4272 qnnnr
351 4194 521 4273 diligenter·
545 4199 666 4256 attenta
691 4212 730 4255 ea
753 4200 909 4274 ternptare
933 4214 994 4257 non
1018 4193 1098 4256 vidit
1121 4195 1303 4274 expediere,
1332 4212 1392 4273 qne
1417 4194 1555 4257 votivum
1579 4211 1642 4255 non
1667 4210 1739 4274 spe-

235 4299 327 4359 rabat
350 4297 469 4360 exitum
494 4297 657 4379 lrabitnra;
682 4303 774 4360 tanta
807 4314 952 4377 narnque,
989 4303 1082 4377 prout
1105 4297 1187 4359 idem
1213 4298 1345 4359 nuncius
1370 4297 1501 4360 anobis
1525 4296 1661 4377 accepit,
1686 4315 1739 4359 ve⁴

235 4403 318 4464 niret
342 4403 373 4465 in
399 4402 575 4465 huiusmodi
601 4403 732 4483 negocio
756 4402 913 4464 seruanda
936 4402 1145 4477 scillcrnnitas,
1170 4409 1286 4479 qrranta
1311 4402 1342 4462 in
1368 4401 1505 4481 ipsarum
1530 4385 1741 4463 decretalium

235 4506 330 4569 tuerit
364 4506 594 4570 constitucione
633 4511 769 4583 servata,
806 4506 889 4585 quod
913 4507 1022 4585 quanti
1058 4515 1146 4568 esset
1168 4505 1284 4586 operis,
1316 4504 1517 4567 celsitudinis
1541 4508 1596 4566 tue
1620 4503 1741 4567 iudicio

235 4611 440 4688 relinquimus
464 4611 689 4674 estimandum.
715 4609 746 4673 Si
762 4610 868 4688 itaque
892 4609 1015 4690 prefate
1041 4616 1094 4673 tue
1117 4609 1268 4688 peticioni
1289 4608 1435 4672 audictis
1458 4626 1515 4672 nos
1538 4608 1741 4672 moventibus

235 4715 339 4777 causis
363 4734 424 4778 non
449 4715 595 4777 (luximus
620 4714 830 4795 annuendum,
853 4713 1027 4794 imperialis
1051 4721 1106 4775 tua
1120 4713 1297 4794 benignitas
1321 4713 1455 4777 moleste
1479 4731 1540 4775 non
1564 4711 1660 4790 ierat,
1684 4712 1741 4776 sed

235 4819 354 4900 pocius,
380 4819 484 4883 causis
507 4820 586 4900 ipsis
611 4820 745 4901 benigne
771 4837 806 4881 ac
830 4825 953 4881 mature
977 4819 1130 4899 pensatis,
1147 4818 1303 4898 rescripta
1326 4824 1436 4880 nostra
1451 4815 1632 4880 huiusmodi
1649 4821 1741 4912 gnta

236 4923 389 5004 suscipiat
412 4929 446 4987 et
469 4929 608 5004 accepta.
646 4923 794 4987 Ceterum
818 4923 895 4986 licet
918 4940 1014 5004 snper
1043 4923 1242 5004 prornocione
1267 4941 1337 4987 ven.
1363 4921 1400 4985 ir.
1425 4921 1526 4985 nostri
1550 4919 1743 4985 Theodoricl

236 5028 377 5110 episcopi
400 5027 588 5106 biirrdensis,
624 5047 716 5109 qnenr
750 5035 806 5092 tua
828 5029 918 5092 nobis
943 5028 1100 5092 serenitas
1135 5029 1208 5094 olim
1231 5027 1372 5092 reddidit
1403 5033 1436 5091 et
1458 5026 1565 5091 reddit
1589 5027 1741 5092 continuo

234 5133 455 5217 multipliciter
477 5133 708 5214 emendatum,
744 5134 900 5200 dictorum
935 5138 1010 5198 tune
1043 5132 1177 5199 fratrum
1211 5152 1274 5199 non
1308 5132 1545 5199 interveniente
1581 5150 1740 5199 consensu

234 5238 467 5322 nequiverimus
491 5238 633 5306 eiusdem
657 5239 844 5306 serenitatis
867 5238 950 5307 votis
974 5257 1124 5324 annuere,
1147 5239 1342 5306 intendimus
1358 5246 1474 5324 tamen,
1497 5256 1592 5321 quam
1616 5239 1681 5306 cito
1704 5256 1737 5304 se

234 5344 370 5413 honesta
391 5343 525 5415 inemtas
549 5345 709 5439 obtulerit,
732 5350 787 5411 tue
812 5344 1068 5413 consideracione
1084 5345 1283 5413 celsitudinis
1299 5346 1434 5415 eandem
1458 5347 1542 5413 circa
1565 5345 1616 5415 sui
1632 5352 1735 5417 status
