3944 6060
777 352 843 399 rseo
862 345 930 399 Jurii
949 352 964 400 c
985 377 1016 387 --
1035 346 1104 400 ruhi
1126 353 1165 401 ra.
1663 351 1723 414 187

214 557 304 621 dicto
327 556 564 638 predecessore,
599 556 682 620 sicut
704 557 830 622 domino
853 557 982 640 placuit,
1017 558 1112 621 rebus
1135 557 1280 620 humanis
1304 564 1462 638 exculpto,
1497 559 1550 639 pie
1574 559 1724 623 memorie

214 658 368 724 Clemens
392 677 475 741 papa
489 658 543 739 VI,
568 660 776 740 predecessor
798 667 917 743 noster,
952 661 1094 725 eiusdem
1126 661 1292 724 Benedicti
1323 661 1528 725 immediatus
1552 681 1726 743 successor,

215 764 258 828 ad
284 764 406 845 apicem
428 763 541 827 summi
564 765 761 845 apostolatus
785 772 975 847 assumptae,
998 783 1107 828 omnes
1130 764 1346 846 parrochiales
1369 766 1523 830 ecclesias
1548 773 1720 847 ceteraque

213 865 374 931 beneficia
389 867 617 949 ecclesiastica,
641 886 702 947 que
725 869 861 949 promoti
873 887 931 951 per
954 869 1072 933 dictum
1097 869 1316 951 Benedicturn,
1341 870 1600 951 predecessorem
1623 888 1727 952 suum,

214 973 259 1035 ad
282 989 539 1052 ‹puerumcuuque
562 971 792 1035 cathedralium
816 973 1022 1038 ecclesiarum
1038 973 1194 1054 regimina
1217 978 1359 1055 tempore
1383 974 1593 1053 promocionis
1618 974 1726 1039 huius·

212 1075 304 1139 modi
328 1076 524 1151 obtinebant,
559 1080 633 1138 tunc
656 1077 805 1139 vacancia
835 1076 999 1142 collationi
1031 1082 1064 1141 et
1087 1076 1292 1157 disposicioni
1319 1095 1375 1139 sue
1399 1096 1469 1139 cum
1493 1076 1606 1141 similis
1629 1078 1726 1141 inter-

213 1181 383 1262 posicione
408 1180 528 1244 decreti
551 1180 651 1243 eciam
674 1182 861 1246 reservavit.
885 1181 963 1245 Cum
986 1181 1104 1262 itaque,
1127 1180 1212 1244 sicut
1235 1181 1425 1261 accepimus,
1450 1181 1594 1261 predicta
1616 1200 1728 1262 porro-

213 1284 334 1348 chialis
357 1284 504 1364 ecclesia,
529 1285 568 1348 de
591 1303 654 1364 qua
675 1285 771 1348 iidem
795 1285 1039 1366 predecessores
1071 1303 1133 1348 nou
1157 1284 1353 1364 ordinarunt,
1378 1283 1480 1346 adhuc
1512 1291 1547 1348 ut
1569 1284 1729 1363 prefertur

213 1394 322 1464 vacet,
347 1406 414 1464 nos,
439 1388 491 1467 qui
507 1389 540 1450 in
553 1389 653 1452 nostri
670 1388 867 1469 apostolatus
884 1389 1063 1470 primordiis
1080 1406 1188 1451 omnes
1205 1388 1420 1469 parrochiales
1436 1389 1590 1451 ecclesias
1607 1393 1727 1451 cetera-

212 1510 281 1572 que
306 1489 461 1555 heneticia
483 1492 711 1574 ecelesiastica,
747 1510 807 1572 que
830 1493 966 1573 promoti
989 1491 1179 1556 auctoritate
1211 1492 1386 1572 apostolica
1409 1492 1449 1554 ad
1473 1510 1729 1572 quarumcunque

213 1596 429 1661 ecclesiarum
460 1595 689 1669 cathedralium
721 1596 874 1677 regimina
908 1602 1050 1677 tempore
1085 1595 1296 1676 promocionis
1319 1594 1499 1660 huiusmodi
1533 1596 1729 1671 obtinebant,

212 1707 296 1763 tunc
321 1699 471 1762 var-‚ancia
494 1700 659 1763 collacioni
683 1705 717 1763 et
740 1699 946 1780 disposicioni
975 1706 1085 1763 nostre
1109 1718 1179 1761 curn
1203 1699 1316 1762 similis
1339 1699 1585 1780 interposicione
1609 1700 1731 1792 decreti

214 1804 466 1874 reservavimus,
492 1803 638 1868 volentes
662 1804 796 1866 eundem
822 1803 1015 1867 Willelmum
1036 1855 1042 1866 .
1062 1854 1068 1865 .
1088 1855 1093 1866 .
1115 1853 1120 1865 .
1146 1803 1253 1867 favore
1273 1804 1423 1884 prosequi
1436 1804 1588 1884 gracioso,
1613 1804 1730 1870 discre-

213 1906 305 1970 cioni
330 1913 436 1970 vestre
457 1959 462 1969 .
484 1959 489 1970 .
510 1957 517 1970 .
538 1959 544 1970 .
569 1907 763 1984 mandamus,
799 1913 955 1986 quatenus
979 1925 1034 1970 vos
1054 1957 1061 1969 .
1081 1961 1087 1973 .
1108 1957 1141 1971 ..
1177 1906 1351 1988 predictam
1375 1906 1605 1989 parrochialem
1629 1904 1729 1972 eccle·

214 2011 312 2087 siam,
338 2011 377 2087 si,
401 2017 436 2075 ut
459 2011 663 2093 premittitur,
699 2017 791 2075 vacat
821 2017 855 2074 et
878 2019 1020 2093 tempore
1044 2011 1118 2074 date
1143 2010 1341 2092 presencium
1366 2029 1427 2075 non
1450 2011 1494 2074 sit
1517 2012 1548 2073 in
1572 2029 1612 2073 ea
1634 2011 1730 2076 alicui

215 2114 408 2195 specialiter
430 2114 479 2177 ius
496 2115 654 2195 quesitum
657 2163 769 2189 .....
793 2114 896 2178 eidem
920 2114 1080 2179 Willelmo
1097 2114 1288 2179 auctoritate
1312 2121 1422 2179 nostra
1438 2113 1581 2178 conferre
1599 2122 1632 2179 et
1649 2116 1729 2178 assi·

215 2237 321 2300 gnare
335 2219 454 2282 curetis
473 2269 479 2281 .
501 2269 507 2281 .
527 2269 534 2282 .
555 2270 561 2282 .
587 2219 624 2282 h.
639 2219 722 2300 apud
743 2218 974 2283 Villamnouam
987 2219 1212 2284 Aniniouensis
1236 2219 1316 2284 dioc.
1343 2218 1385 2282 Vl
1409 2220 1450 2283 id.
1475 2217 1553 2282 Julii
1568 2238 1594 2282 a.
1609 2223 1731 2298 quarto.

358 2405 386 2456 li.
407 2408 455 2457 Ar.
478 2412 526 2458 1:34
545 2405 590 2459 sol.
609 2413 669 2459 410.

213 2738 316 2803 455.
346 2737 439 2799 Petro
462 2735 614 2818 Morphot
628 2737 835 2817 conferantur
849 2736 1046 2819 parochialis
1068 2737 1198 2802 ecclesio
1221 2758 1246 2801 s.
1267 2738 1352 2800 Petri
1371 2738 1529 2817 „Dando“
1550 2736 1733 2803 Claromoa-

215 2842 323 2904 tensis
347 2840 426 2903 dioc.
451 2861 488 2904 oo
505 2847 662 2922 perpetuo
684 2842 807 2905 vicario
829 2843 863 2903 in
886 2842 1015 2906 ecclesio
1041 2842 1190 2905 lineriaco?
1212 2842 1351 2905 eiusdem
1374 2843 1463 2925 dioc,
1488 2863 1569 2925 qaas
1587 2866 1648 2926 pro
1670 2843 1735 2908 olio

216 2944 372 3022 beneficio
395 2944 602 3009 ecclesiastico
619 2945 824 3028 permatotr'i.
850 2946 1047 3028 „Apostolice
1068 2946 1170 3010 sedis“
1209 2946 1322 3027 „Apud
1353 2947 1583 3012 Villamnouam
1604 2948 1735 3011 Aulaio-

220 3051 332 3112 masis
357 3048 435 3113 dioc.
462 3050 533 3112 IIII
553 3049 596 3114 id.
619 3049 704 3115 Jutii
726 3071 755 3113 a.
780 3054 925 3130 quarto“.
949 3088 991 3096 —
1014 3051 1052 3113 ln
1075 3072 1100 3113 e.
1124 3071 1164 3111 nr.
1183 3050 1291 3114 attari
1306 3054 1425 3116 Montis
1442 3073 1467 3116 s.
1486 3050 1625 3127 liliati-r
1643 3058 1734 3118 extro

291 3172 400 3216 moros
426 3152 696 3218 Claronrontenses
718 3158 747 3216 et
770 3153 993 3218 archidiacono
1016 3154 1172 3235 Propensr'
1195 3175 1232 3219 oo
1254 3155 1389 3237 officiali
1414 3156 1674 3221 Claromoateasi.

292 3279 407 3379 {i}
1042 3311 1138 3392 Apio
1164 3311 1403 3389 rraamnovam,
1426 3314 1512 3374 1356
1534 3311 1619 3378 rura
1644 3312 1692 3376 12.

361 3500 391 3552 ll.
411 3502 460 3551 Ar.
483 3505 530 3552 132
552 3498 598 3551 iol.
619 3504 680 3551 291.
700 3529 731 3538 -
748 3510 771 3560 ι)
792 3498 905 3563 ,l'llidii‘
925 3501 974 3551 riv.

214 3885 319 3950 456.
347 3882 481 3945 Nicoloo
503 3882 633 3945 Nicoloi
655 3883 692 3945 de
716 3882 818 3945 Liticr
840 3879 1026 3961 conceditur,
1060 3884 1096 3942 ot
1112 3880 1254 3963 provisio
1276 3881 1305 3942 ei
1328 3880 1364 3944 de
1387 3880 1576 3944 canonicatu
1597 3886 1625 3942 ct
1646 3901 1739 3962 prae·

182 3987 186 3992 ’
335 3986 435 4049 hendo
459 3985 607 4050 ecclesiae
630 4007 655 4050 s.
672 3986 780 4066 Epidii
803 3986 977 4069 Praqeasis
992 3987 1091 4062 facto
1114 3988 1144 4047 ei
1166 3985 1339 4064 acceptatio
1361 4005 1468 4048 eoram
1492 3983 1629 4049 caleant.

316 4111 351 4119 ..-

294 4144 366 4194 .Χ.
1042 4121 1138 4205 Apud
1168 4122 1405 4200 cellamnovam,
1429 4123 1515 4186 1356
1537 4122 1622 4188 Jolr'i
1646 4126 1695 4186 12.

363 4299 401 4366 Ι).
425 4298 445 4362 f.
472 4299 601 4363 Nicolao
625 4304 699 4363 nato
724 4298 880 4378 quondam
904 4296 1027 4360 Nicolai
1051 4296 1090 4358 de
1107 4295 1258 4373 Lutien·)
1282 4296 1431 4359 canonico
1444 4296 1578 4359 ecclesie
1592 4314 1616 4358 s,
1634 4296 1741 4375 Epidii

212 4400 403 4485 I‘ragensis
416 4403 551 4466 salutem
564 4409 624 4466 etc.
640 4402 813 4467 Probitatis
826 4407 860 4465 et
871 4401 1023 4463 virtutum
1042 4450 1048 4462 .
1068 4449 1074 4461 .
1095 4451 1101 4462 .
1123 4452 1127 4462 .
1147 4399 1296 4462 llxhihita
1309 4399 1464 4478 siquidem
1477 4399 1567 4462 nohis
1580 4418 1636 4479 pro
1649 4405 1740 4479 parte

213 4511 287 4574 tua
309 4507 429 4590 peticio
453 4507 645 4586 continehat,
669 4508 752 4586 quod
775 4525 877 4587 nuper
899 4510 933 4568 tu
950 4504 1167 4567 canonicatum
1184 4510 1218 4566 et
1234 4503 1425 4583 prehendam
1444 4502 1579 4564 ecclesie
1596 4520 1619 4565 s
1635 4502 1742 4582 Egidii

215 4607 404 4693 Progensis
427 4630 485 4692 per
508 4612 627 4675 obitum
652 4610 809 4690 quondam
833 4607 1008 4672 Sdenconis
1033 4607 1071 4670 de
1096 4604 1245 4669 Stankon
1269 4607 1411 4669 eiusdem
1428 4605 1564 4668 ecclesie
1589 4607 1742 4687 canonici,

216 4718 284 4797 qui
308 4721 403 4779 extra
426 4716 597 4778 Ronlanum
633 4715 752 4778 curiam
776 4713 858 4776 diem
883 4711 998 4775 clausit
1022 4717 1206 4791 extremum,
1242 4717 1391 4773 vocantes
1414 4709 1522 4790 rigore
1546 4710 1742 4789 quarundam

218 4815 398 4886 literarum
422 4826 600 4883 nostrarum
625 4820 657 4881 in
682 4838 721 4883 ea
743 4816 852 4897 forma,
875 4816 1047 4878 secundum
1071 4831 1162 4893 quam
1187 4814 1304 4877 dudum
1328 4832 1384 4895 pro
1410 4815 1602 4895 pauperihus
1618 4813 1743 4877 clericis

222 4921 461 4989 beneficiandis
486 4923 678 5003 scripsinmS,
712 4922 770 4984 tihi
795 4937 1022 4996 concessarum,
1046 4923 1140 4998 prout
1167 4935 1206 4979 ex
1230 4936 1338 4981 earum
1362 4916 1462 4981 forma
1485 4924 1624 4997 poteraS,
1650 4936 1744 4981 cano·

230 5027 316 5110 nice,
340 5026 404 5090 nisi
427 5033 537 5090 nostra
561 5027 705 5090 obstaret
729 5024 916 5098 reservacio,
953 5021 1128 5103 acceptasti
1158 5027 1192 5084 et
1222 5021 1281 5085 tibi
1305 5022 1344 5084 de
1369 5021 1432 5084 illis
1456 5021 1615 5100 provideri
1639 5019 1743 5084 fecisti

231 5128 372 5212 illosque
396 5136 534 5194 extunc
559 5129 702 5209 tenuisti,
726 5134 820 5209 prout
843 5126 944 5191 adhuc
968 5132 1060 5189 tenes
1083 5131 1117 5189 et
1139 5126 1285 5207 possides
1309 5124 1438 5206 pacifico
1463 5130 1496 5188 et
1519 5126 1635 5203 quiete.
1667 5123 1744 5187 Cmn

238 5241 352 5313 autem,
390 5235 474 5298 sicut
504 5236 615 5298 eadem
647 5233 765 5314 peticio
797 5231 1017 5311 subiungebat,
1051 5237 1085 5293 tu
1109 5230 1246 5312 dubitcS,
1282 5231 1364 5309 <pund
1392 5230 1596 5293 canonicatus
1619 5234 1652 5290 et
1675 5244 1744 5308 pre-
