<?xml version="1.0" encoding="UTF-8"?>
<!DOCTYPE html PUBLIC "-//W3C//DTD XHTML 1.0 Transitional//EN"
    "http://www.w3.org/TR/xhtml1/DTD/xhtml1-transitional.dtd">
<html xmlns="http://www.w3.org/1999/xhtml" xml:lang="en" lang="en">
 <head>
  <title>
</title>
<meta http-equiv="Content-Type" content="text/html;charset=utf-8" />
  <meta name='ocr-system' content='tesseract 3.04.00' />
  <meta name='ocr-capabilities' content='ocr_page ocr_carea ocr_par ocr_line ocrx_word'/>
</head>
<body>
  <div class='ocr_page' id='page_1' title='image "./monumentavatica00vatigoog_0548.png"; bbox 0 0 3944 6060; ppageno 0'>
   <div class='ocr_carea' id='block_1_1' title="bbox 874 461 1736 533">
    <p class='ocr_par' dir='ltr' id='par_1_1' title="bbox 874 461 1736 533">
     <span class='ocr_line' id='line_1_1' title="bbox 874 461 1736 533; baseline 0.001 -17"><span class='ocrx_word' id='word_1_1' title='bbox 874 467 939 516; x_wconf 76' lang='lat' dir='ltr'><strong><em>reri</em></strong></span> <span class='ocrx_word' id='word_1_2' title='bbox 958 461 1035 515; x_wconf 81' lang='lat' dir='ltr'><strong><em>sunu</em></strong></span> <span class='ocrx_word' id='word_1_3' title='bbox 1052 466 1095 515; x_wconf 79' lang='lat' dir='ltr'><strong><em>se.</em></strong></span> <span class='ocrx_word' id='word_1_4' title='bbox 1671 467 1736 533; x_wconf 78' lang='lat'><strong><em>495</em></strong></span> 
     </span>
    </p>
   </div>
   <div class='ocr_carea' id='block_1_2' title="bbox 229 666 1736 1168">
    <p class='ocr_par' dir='ltr' id='par_1_2' title="bbox 229 666 1736 1168">
     <span class='ocr_line' id='line_1_2' title="bbox 238 666 1736 757; baseline 0.003 -23"><span class='ocrx_word' id='word_1_5' title='bbox 238 669 351 735; x_wconf 76' lang='lat'><strong><em>1238.</em></strong></span> <span class='ocrx_word' id='word_1_6' title='bbox 378 668 523 750; x_wconf 75' lang='lat' dir='ltr'><strong><em>Officiali</em></strong></span> <span class='ocrx_word' id='word_1_7' title='bbox 554 669 710 752; x_wconf 78' lang='lat' dir='ltr'><strong><em>Prapensi</em></strong></span> <span class='ocrx_word' id='word_1_8' title='bbox 739 670 922 741; x_wconf 85' lang='lat' dir='ltr'><strong><em>mundatur,</em></strong></span> <span class='ocrx_word' id='word_1_9' title='bbox 952 673 1106 754; x_wconf 82' lang='lat' dir='ltr'><strong><em>quatenus</em></strong></span> <span class='ocrx_word' id='word_1_10' title='bbox 1139 672 1230 735; x_wconf 88' lang='lat' dir='ltr'><strong><em>Petro</em></strong></span> <span class='ocrx_word' id='word_1_11' title='bbox 1261 666 1401 737; x_wconf 83' lang='lat' dir='ltr'><strong><em>Conradi</em></strong></span> <span class='ocrx_word' id='word_1_12' title='bbox 1431 674 1468 737; x_wconf 88' lang='lat' dir='ltr'><strong><em>dc</em></strong></span> <span class='ocrx_word' id='word_1_13' title='bbox 1499 674 1673 757; x_wconf 79' lang='lat' dir='ltr'><strong><em>Modiicr·)</em></strong></span> <span class='ocrx_word' id='word_1_14' title='bbox 1697 673 1736 738; x_wconf 92' lang='lat' dir='ltr'><strong><em>de</em></strong></span> 
     </span>
     <span class='ocr_line' id='line_1_3' title="bbox 233 771 1735 862; baseline 0.003 -26"><span class='ocrx_word' id='word_1_15' title='bbox 233 773 425 836; x_wconf 73' lang='lat' dir='ltr'><strong><em>canonicatu</em></strong></span> <span class='ocrx_word' id='word_1_16' title='bbox 458 771 605 837; x_wconf 90' lang='lat' dir='ltr'><strong><em>ecclesiae</em></strong></span> <span class='ocrx_word' id='word_1_17' title='bbox 636 792 660 837; x_wconf 85' lang='lat' dir='ltr'><strong><em>s.</em></strong></span> <span class='ocrx_word' id='word_1_18' title='bbox 686 774 775 837; x_wconf 89' lang='lat' dir='ltr'><strong><em>Petri</em></strong></span> <span class='ocrx_word' id='word_1_19' title='bbox 806 773 842 837; x_wconf 90' lang='lat' dir='ltr'><strong><em>in</em></strong></span> <span class='ocrx_word' id='word_1_20' title='bbox 865 775 1000 839; x_wconf 87' lang='lat' dir='ltr'><strong><em>Brunna</em></strong></span> <span class='ocrx_word' id='word_1_21' title='bbox 1033 773 1090 838; x_wconf 85' lang='lat' dir='ltr'><strong><em>suh</em></strong></span> <span class='ocrx_word' id='word_1_22' title='bbox 1113 776 1328 857; x_wconf 72' lang='lat' dir='ltr'><strong><em>expectatione</em></strong></span> <span class='ocrx_word' id='word_1_23' title='bbox 1351 776 1555 859; x_wconf 79' lang='lat' dir='ltr'><strong><em>praebendae</em></strong></span> <span class='ocrx_word' id='word_1_24' title='bbox 1571 778 1735 862; x_wconf 86' lang='lat' dir='ltr'><strong><em>prouideri</em></strong></span> 
     </span>
     <span class='ocr_line' id='line_1_4' title="bbox 229 876 1734 962; baseline 0.006 -24"><span class='ocrx_word' id='word_1_25' title='bbox 229 880 388 958; x_wconf 85' lang='lat' dir='ltr'><strong><em>procuret,</em></strong></span> <span class='ocrx_word' id='word_1_26' title='bbox 421 876 710 960; x_wconf 82' lang='lat' dir='ltr'><strong><em>nonobstantibus,</em></strong></span> <span class='ocrx_word' id='word_1_27' title='bbox 746 876 828 960; x_wconf 85' lang='lat' dir='ltr'><strong><em>quad</em></strong></span> <span class='ocrx_word' id='word_1_28' title='bbox 862 879 1080 943; x_wconf 87' lang='lat' dir='ltr'><strong><em>canonicatum</em></strong></span> <span class='ocrx_word' id='word_1_29' title='bbox 1114 883 1143 941; x_wconf 88' lang='lat' dir='ltr'><strong><em>et</em></strong></span> <span class='ocrx_word' id='word_1_30' title='bbox 1160 879 1376 962; x_wconf 85' lang='lat' dir='ltr'><strong><em>praehendam</em></strong></span> <span class='ocrx_word' id='word_1_31' title='bbox 1398 879 1433 943; x_wconf 87' lang='lat' dir='ltr'><strong><em>in</em></strong></span> <span class='ocrx_word' id='word_1_32' title='bbox 1455 880 1585 946; x_wconf 86' lang='lat' dir='ltr'><strong><em>ecclesia</em></strong></span> <span class='ocrx_word' id='word_1_33' title='bbox 1609 881 1734 946; x_wconf 85' lang='lat' dir='ltr'><strong><em>Olornu</em></strong></span> 
     </span>
     <span class='ocr_line' id='line_1_5' title="bbox 234 979 1735 1068; baseline 0.005 -26"><span class='ocrx_word' id='word_1_34' title='bbox 234 979 319 1043; x_wconf 88' lang='lat' dir='ltr'><strong><em>censi</em></strong></span> <span class='ocrx_word' id='word_1_35' title='bbox 351 983 380 1042; x_wconf 90' lang='lat' dir='ltr'><strong><em>et</em></strong></span> <span class='ocrx_word' id='word_1_36' title='bbox 411 979 629 1062; x_wconf 77' lang='lat' dir='ltr'><strong><em>parochialem</em></strong></span> <span class='ocrx_word' id='word_1_37' title='bbox 661 979 823 1046; x_wconf 87' lang='lat' dir='ltr'><strong><em>ecclesiam</em></strong></span> <span class='ocrx_word' id='word_1_38' title='bbox 852 983 886 1044; x_wconf 88' lang='lat' dir='ltr'><strong><em>in</em></strong></span> <span class='ocrx_word' id='word_1_39' title='bbox 924 979 1133 1062; x_wconf 61' lang='lat' dir='ltr'><strong><em>merentur).</em></strong></span> <span class='ocrx_word' id='word_1_40' title='bbox 1159 981 1263 1047; x_wconf 88' lang='lat' dir='ltr'><strong><em>dictae</em></strong></span> <span class='ocrx_word' id='word_1_41' title='bbox 1300 982 1380 1048; x_wconf 88' lang='lat' dir='ltr'><strong><em>diac.</em></strong></span> <span class='ocrx_word' id='word_1_42' title='bbox 1403 984 1527 1050; x_wconf 83' lang='lat' dir='ltr'><strong><em>obtinet.</em></strong></span> <span class='ocrx_word' id='word_1_43' title='bbox 1576 987 1735 1068; x_wconf 79' lang='lat' dir='ltr'><strong><em>„Dipnurn</em></strong></span> 
     </span>
     <span class='ocr_line' id='line_1_6' title="bbox 388 1081 1585 1168; baseline 0.01 -27"><span class='ocrx_word' id='word_1_44' title='bbox 388 1082 603 1148; x_wconf 81' lang='lat' dir='ltr'><strong><em>arbitramur“</em></strong></span> <span class='ocrx_word' id='word_1_45' title='bbox 633 1081 805 1165; x_wconf 79' lang='lat' dir='ltr'><strong><em>„Aniniane</em></strong></span> <span class='ocrx_word' id='word_1_46' title='bbox 838 1084 877 1148; x_wconf 92' lang='lat' dir='ltr'><strong><em>Vl</em></strong></span> <span class='ocrx_word' id='word_1_47' title='bbox 890 1082 953 1149; x_wconf 88' lang='lat' dir='ltr'><strong><em>lrol.</em></strong></span> <span class='ocrx_word' id='word_1_48' title='bbox 978 1084 1062 1151; x_wconf 87' lang='lat' dir='ltr'><strong><em>Jnlr&#39;i</em></strong></span> <span class='ocrx_word' id='word_1_49' title='bbox 1081 1085 1286 1168; x_wconf 84' lang='lat' dir='ltr'><strong><em>pontificatus</em></strong></span> <span class='ocrx_word' id='word_1_50' title='bbox 1309 1087 1410 1151; x_wconf 89' lang='lat' dir='ltr'><strong><em>nostri</em></strong></span> <span class='ocrx_word' id='word_1_51' title='bbox 1432 1092 1585 1154; x_wconf 87' lang='lat' dir='ltr'><strong><em>a.nano.“</em></strong></span> 
     </span>
    </p>
   </div>
   <div class='ocr_carea' id='block_1_3' title="bbox 1229 1211 1689 1310">
    <p class='ocr_par' dir='ltr' id='par_1_3' title="bbox 1229 1211 1689 1310">
     <span class='ocr_line' id='line_1_7' title="bbox 1229 1211 1689 1310; baseline 0.017 -23"><span class='ocrx_word' id='word_1_52' title='bbox 1229 1211 1391 1310; x_wconf 68' lang='lat' dir='ltr'><strong><em>iventone,</em></strong></span> <span class='ocrx_word' id='word_1_53' title='bbox 1415 1231 1500 1292; x_wconf 82' lang='lat' dir='ltr'><strong><em>reor</em></strong></span> <span class='ocrx_word' id='word_1_54' title='bbox 1525 1227 1617 1294; x_wconf 71' lang='lat' dir='ltr'><strong><em>runs</em></strong></span> <span class='ocrx_word' id='word_1_55' title='bbox 1638 1231 1689 1295; x_wconf 80' lang='lat' dir='ltr'><strong><em>re.</em></strong></span> 
     </span>
    </p>
   </div>
   <div class='ocr_carea' id='block_1_4' title="bbox 299 1222 1284 1480">
    <p class='ocr_par' dir='ltr' id='par_1_4' title="bbox 299 1222 1284 1480">
     <span class='ocr_line' id='line_1_8' title="bbox 320 1222 349 1271; baseline 0 0"><span class='ocrx_word' id='word_1_56' title='bbox 320 1222 349 1271; x_wconf 82' lang='grc' dir='ltr'><em>Χ</em></span> 
     </span>
     <span class='ocr_line' id='line_1_9' title="bbox 299 1291 373 1342; baseline 0.014 -1"><span class='ocrx_word' id='word_1_57' title='bbox 299 1291 348 1342; x_wconf 87' lang='grc' dir='ltr'><strong><em>,Χ</em></strong></span> <span class='ocrx_word' id='word_1_58' title='bbox 368 1331 373 1342; x_wconf 95' lang='grc'><strong>.</strong></span> 
     </span>
     <span class='ocr_line' id='line_1_10' title="bbox 362 1410 1284 1480; baseline 0.002 -16"><span class='ocrx_word' id='word_1_59' title='bbox 362 1410 394 1464; x_wconf 87' lang='lat' dir='ltr'><strong><em>R.</em></strong></span> <span class='ocrx_word' id='word_1_60' title='bbox 414 1413 461 1463; x_wconf 82' lang='lat' dir='ltr'><strong><em>Ar.</em></strong></span> <span class='ocrx_word' id='word_1_61' title='bbox 483 1416 531 1463; x_wconf 81' lang='grc'><strong><em>141</em></strong></span> <span class='ocrx_word' id='word_1_62' title='bbox 550 1411 597 1465; x_wconf 88' lang='lat' dir='ltr'><strong><em>iol.</em></strong></span> <span class='ocrx_word' id='word_1_63' title='bbox 616 1418 675 1465; x_wconf 82' lang='lat'>471.</span> <span class='ocrx_word' id='word_1_64' title='bbox 695 1442 726 1451; x_wconf 95' lang='lat'>-</span> <span class='ocrx_word' id='word_1_65' title='bbox 742 1417 766 1480; x_wconf 74' lang='lat'><strong><em>1²)</em></strong></span> <span class='ocrx_word' id='word_1_66' title='bbox 786 1411 926 1477; x_wconf 82' lang='lat' dir='ltr'><strong><em>,llodricz⁴</em></strong></span> <span class='ocrx_word' id='word_1_67' title='bbox 945 1416 995 1466; x_wconf 83' lang='lat' dir='ltr'><strong><em>Ar.</em></strong></span> <span class='ocrx_word' id='word_1_68' title='bbox 1024 1412 1049 1478; x_wconf 70' lang='lat' dir='ltr'><strong><em>b)</em></strong></span> <span class='ocrx_word' id='word_1_69' title='bbox 1068 1413 1216 1478; x_wconf 87' lang='lat' dir='ltr'><strong><em>,Pustimir‘</em></strong></span> <span class='ocrx_word' id='word_1_70' title='bbox 1234 1417 1284 1467; x_wconf 87' lang='lat' dir='ltr'><strong><em>Av.</em></strong></span> 
     </span>
    </p>
   </div>
   <div class='ocr_carea' id='block_1_5' title="bbox 884 1624 1083 1634">
    <p class='ocr_par' dir='ltr' id='par_1_5' title="bbox 884 1624 1083 1634">
     <span class='ocr_line' id='line_1_11' title="bbox 884 1624 1083 1634; baseline 0.01 -2"><span class='ocrx_word' id='word_1_71' title='bbox 884 1624 1083 1634; x_wconf 76' lang='lat'><em>---—..—..-.</em></span> 
     </span>
    </p>
   </div>
   <div class='ocr_carea' id='block_1_6' title="bbox 233 1793 1735 2279">
    <p class='ocr_par' dir='ltr' id='par_1_6' title="bbox 234 1793 1735 1882">
     <span class='ocr_line' id='line_1_12' title="bbox 234 1793 1735 1882; baseline 0.003 -22"><span class='ocrx_word' id='word_1_72' title='bbox 234 1794 353 1861; x_wconf 76' lang='lat'><strong><em>1239.</em></strong></span> <span class='ocrx_word' id='word_1_73' title='bbox 380 1793 513 1860; x_wconf 78' lang='lat' dir='ltr'><strong><em>Carolus</em></strong></span> <span class='ocrx_word' id='word_1_74' title='bbox 537 1796 750 1859; x_wconf 79' lang='lat' dir='ltr'><strong><em>Romanorum</em></strong></span> <span class='ocrx_word' id='word_1_75' title='bbox 772 1797 946 1878; x_wconf 86' lang='lat' dir='ltr'><strong><em>imperator</em></strong></span> <span class='ocrx_word' id='word_1_76' title='bbox 969 1817 1007 1861; x_wconf 87' lang='lat' dir='ltr'><strong><em>ac</em></strong></span> <span class='ocrx_word' id='word_1_77' title='bbox 1029 1796 1200 1862; x_wconf 82' lang='lat' dir='ltr'><strong><em>Bohenriae</em></strong></span> <span class='ocrx_word' id='word_1_78' title='bbox 1223 1817 1279 1864; x_wconf 77' lang='lat' dir='ltr'><strong><em>rea</em></strong></span> <span class='ocrx_word' id='word_1_79' title='bbox 1293 1798 1464 1880; x_wconf 84' lang='lat' dir='ltr'><strong><em>supplicat,</em></strong></span> <span class='ocrx_word' id='word_1_80' title='bbox 1488 1806 1641 1882; x_wconf 81' lang='lat' dir='ltr'><strong><em>quatenus</em></strong></span> <span class='ocrx_word' id='word_1_81' title='bbox 1665 1803 1735 1865; x_wconf 77' lang='lat' dir='ltr'><strong><em>lli·</em></strong></span> 
     </span>
    </p>

    <p class='ocr_par' dir='ltr' id='par_1_7' title="bbox 233 1899 1732 1986">
     <span class='ocr_line' id='line_1_13' title="bbox 233 1899 1732 1986; baseline 0.003 -24"><span class='ocrx_word' id='word_1_82' title='bbox 233 1899 336 1962; x_wconf 89' lang='lat' dir='ltr'><strong><em>derica</em></strong></span> <span class='ocrx_word' id='word_1_83' title='bbox 359 1899 441 1963; x_wconf 89' lang='lat' dir='ltr'><strong><em>dicto</em></strong></span> <span class='ocrx_word' id='word_1_84' title='bbox 464 1901 634 1977; x_wconf 81' lang='lat' dir='ltr'><strong><em>Kreueer·)</em></strong></span> <span class='ocrx_word' id='word_1_85' title='bbox 665 1899 702 1964; x_wconf 86' lang='lat' dir='ltr'><strong><em>dc</em></strong></span> <span class='ocrx_word' id='word_1_86' title='bbox 727 1900 822 1984; x_wconf 89' lang='lat' dir='ltr'><strong><em>Lanf</em></strong></span> <span class='ocrx_word' id='word_1_87' title='bbox 832 1902 1014 1982; x_wconf 83' lang='lat' dir='ltr'><strong><em>presbytera</em></strong></span> <span class='ocrx_word' id='word_1_88' title='bbox 1037 1900 1281 1985; x_wconf 81' lang='lat' dir='ltr'><strong><em>Bamberpensis</em></strong></span> <span class='ocrx_word' id='word_1_89' title='bbox 1319 1903 1407 1986; x_wconf 84' lang='lat' dir='ltr'><strong><em>dioc,</em></strong></span> <span class='ocrx_word' id='word_1_90' title='bbox 1438 1902 1603 1985; x_wconf 85' lang='lat' dir='ltr'><strong><em>capellana</em></strong></span> <span class='ocrx_word' id='word_1_91' title='bbox 1626 1909 1655 1966; x_wconf 89' lang='lat' dir='ltr'><strong><em>et</em></strong></span> <span class='ocrx_word' id='word_1_92' title='bbox 1671 1908 1732 1984; x_wconf 82' lang='lat' dir='ltr'><strong><em>sa-</em></strong></span> 
     </span>
    </p>

    <p class='ocr_par' dir='ltr' id='par_1_8' title="bbox 233 2001 1733 2090">
     <span class='ocr_line' id='line_1_14' title="bbox 233 2001 1733 2090; baseline 0.005 -25"><span class='ocrx_word' id='word_1_93' title='bbox 233 2001 355 2066; x_wconf 83' lang='lat' dir='ltr'><strong><em>niliari</em></strong></span> <span class='ocrx_word' id='word_1_94' title='bbox 383 2023 439 2068; x_wconf 88' lang='lat' dir='ltr'><strong><em>sua</em></strong></span> <span class='ocrx_word' id='word_1_95' title='bbox 462 2002 581 2084; x_wconf 87' lang='lat' dir='ltr'><strong><em>dilecta,</em></strong></span> <span class='ocrx_word' id='word_1_96' title='bbox 608 2003 646 2067; x_wconf 88' lang='lat' dir='ltr'><strong><em>de</em></strong></span> <span class='ocrx_word' id='word_1_97' title='bbox 665 2002 845 2088; x_wconf 73' lang='lat' dir='ltr'><strong><em>parochiali</em></strong></span> <span class='ocrx_word' id='word_1_98' title='bbox 877 2004 1008 2070; x_wconf 86' lang='lat' dir='ltr'><strong><em>ecclesia</em></strong></span> <span class='ocrx_word' id='word_1_99' title='bbox 1043 2009 1077 2069; x_wconf 87' lang='lat' dir='ltr'><strong><em>in</em></strong></span> <span class='ocrx_word' id='word_1_100' title='bbox 1101 2005 1206 2070; x_wconf 83' lang='lat' dir='ltr'><strong><em>llusch</em></strong></span> <span class='ocrx_word' id='word_1_101' title='bbox 1236 2008 1433 2087; x_wconf 78' lang='lat' dir='ltr'><strong><em>Epstetcnsis</em></strong></span> <span class='ocrx_word' id='word_1_102' title='bbox 1462 2008 1553 2090; x_wconf 64' lang='lat' dir='ltr'><strong><em>dioc„</em></strong></span> <span class='ocrx_word' id='word_1_103' title='bbox 1584 2011 1657 2073; x_wconf 86' lang='lat' dir='ltr'><strong><em>tunc</em></strong></span> <span class='ocrx_word' id='word_1_104' title='bbox 1679 2030 1733 2073; x_wconf 89' lang='lat' dir='ltr'><strong><em>oa·</em></strong></span> 
     </span>
    </p>

    <p class='ocr_par' dir='ltr' id='par_1_9' title="bbox 234 2106 1733 2279">
     <span class='ocr_line' id='line_1_15' title="bbox 234 2106 1733 2192; baseline 0.005 -22"><span class='ocrx_word' id='word_1_105' title='bbox 234 2111 335 2186; x_wconf 83' lang='lat' dir='ltr'><strong><em>cante,</em></strong></span> <span class='ocrx_word' id='word_1_106' title='bbox 356 2107 569 2190; x_wconf 71' lang='lat' dir='ltr'><strong><em>provideatur.</em></strong></span> <span class='ocrx_word' id='word_1_107' title='bbox 616 2107 711 2192; x_wconf 80' lang='lat' dir='ltr'><strong><em>„Fiat</em></strong></span> <span class='ocrx_word' id='word_1_108' title='bbox 736 2110 774 2174; x_wconf 86' lang='lat' dir='ltr'><strong><em>G.</em></strong></span> <span class='ocrx_word' id='word_1_109' title='bbox 820 2106 895 2174; x_wconf 81' lang='lat' dir='ltr'><strong><em>Sine</em></strong></span> <span class='ocrx_word' id='word_1_110' title='bbox 918 2109 987 2174; x_wconf 87' lang='lat' dir='ltr'><strong><em>alia</em></strong></span> <span class='ocrx_word' id='word_1_111' title='bbox 1008 2109 1151 2176; x_wconf 90' lang='lat' dir='ltr'><strong><em>leccione.</em></strong></span> <span class='ocrx_word' id='word_1_112' title='bbox 1187 2111 1262 2176; x_wconf 84' lang='lat' dir='ltr'><strong><em>Fiat</em></strong></span> <span class='ocrx_word' id='word_1_113' title='bbox 1287 2112 1325 2176; x_wconf 75' lang='lat' dir='ltr'><strong><em>G.</em></strong></span> <span class='ocrx_word' id='word_1_114' title='bbox 1354 2113 1393 2175; x_wconf 91' lang='lat' dir='ltr'><strong><em>D.</em></strong></span> <span class='ocrx_word' id='word_1_115' title='bbox 1419 2111 1575 2177; x_wconf 75' lang='lat' dir='ltr'><strong><em>Arsinione</em></strong></span> <span class='ocrx_word' id='word_1_116' title='bbox 1605 2112 1652 2176; x_wconf 90' lang='lat' dir='ltr'><strong><em>VI</em></strong></span> <span class='ocrx_word' id='word_1_117' title='bbox 1668 2111 1733 2179; x_wconf 86' lang='lat' dir='ltr'><strong><em>lral.</em></strong></span> 
     </span>
     <span class='ocr_line' id='line_1_16' title="bbox 870 2212 1138 2279; baseline 0.007 -3"><span class='ocrx_word' id='word_1_118' title='bbox 870 2212 954 2277; x_wconf 88' lang='lat' dir='ltr'><strong><em>Julii</em></strong></span> <span class='ocrx_word' id='word_1_119' title='bbox 976 2235 1007 2279; x_wconf 92' lang='lat' dir='ltr'><strong><em>a.</em></strong></span> <span class='ocrx_word' id='word_1_120' title='bbox 1031 2217 1138 2278; x_wconf 85' lang='lat' dir='ltr'><strong><em>nano.“</em></strong></span> 
     </span>
    </p>
   </div>
   <div class='ocr_carea' id='block_1_7' title="bbox 1229 2326 1692 2412">
    <p class='ocr_par' dir='ltr' id='par_1_10' title="bbox 1229 2326 1692 2412">
     <span class='ocr_line' id='line_1_17' title="bbox 1229 2326 1692 2412; baseline 0.004 -20"><span class='ocrx_word' id='word_1_121' title='bbox 1229 2327 1394 2412; x_wconf 63' lang='lat' dir='ltr'><strong><em>Acinione</em></strong></span> <span class='ocrx_word' id='word_1_122' title='bbox 1417 2328 1501 2393; x_wconf 77' lang='lat'><strong><em>1361</em></strong></span> <span class='ocrx_word' id='word_1_123' title='bbox 1523 2326 1619 2395; x_wconf 87' lang='lat' dir='ltr'><strong><em>Junii</em></strong></span> <span class='ocrx_word' id='word_1_124' title='bbox 1639 2330 1692 2394; x_wconf 83' lang='lat'><strong><em>26.</em></strong></span> 
     </span>
    </p>
   </div>
   <div class='ocr_carea' id='block_1_8' title="bbox 364 2496 1292 2568">
    <p class='ocr_par' dir='ltr' id='par_1_11' title="bbox 364 2496 1292 2568">
     <span class='ocr_line' id='line_1_18' title="bbox 364 2496 1292 2568; baseline -0.001 -18"><span class='ocrx_word' id='word_1_125' title='bbox 364 2496 395 2550; x_wconf 88' lang='lat' dir='ltr'><strong><em>R.</em></strong></span> <span class='ocrx_word' id='word_1_126' title='bbox 415 2496 510 2566; x_wconf 91' lang='lat' dir='ltr'><strong><em>Suppl.</em></strong></span> <span class='ocrx_word' id='word_1_127' title='bbox 529 2502 561 2550; x_wconf 77' lang='lat'><strong><em>³2</em></strong></span> <span class='ocrx_word' id='word_1_128' title='bbox 581 2496 626 2551; x_wconf 88' lang='lat' dir='ltr'><strong><em>iol.</em></strong></span> <span class='ocrx_word' id='word_1_129' title='bbox 651 2503 714 2550; x_wconf 76' lang='lat'>124¹.</span> <span class='ocrx_word' id='word_1_130' title='bbox 735 2529 767 2537; x_wconf 96' lang='lat'>—</span> <span class='ocrx_word' id='word_1_131' title='bbox 788 2503 812 2564; x_wconf 72' lang='lat'><strong><em>²)</em></strong></span> <span class='ocrx_word' id='word_1_132' title='bbox 836 2497 974 2561; x_wconf 82' lang='lat' dir='ltr'><strong><em>,Frideric</em></strong></span> <span class='ocrx_word' id='word_1_133' title='bbox 994 2497 1019 2551; x_wconf 89' lang='lat' dir='ltr'><strong><em>d.</em></strong></span> <span class='ocrx_word' id='word_1_134' title='bbox 1040 2498 1179 2553; x_wconf 86' lang='lat' dir='ltr'><strong><em>Greuczer‘</em></strong></span> <span class='ocrx_word' id='word_1_135' title='bbox 1199 2499 1292 2568; x_wconf 83' lang='lat' dir='ltr'><strong><em>Suppl.</em></strong></span> 
     </span>
    </p>
   </div>
   <div class='ocr_carea' id='block_1_9' title="bbox 881 2710 1083 2720">
    <p class='ocr_par' dir='ltr' id='par_1_12' title="bbox 881 2710 1083 2720">
     <span class='ocr_line' id='line_1_19' title="bbox 881 2710 1083 2720; baseline -0.01 0"><span class='ocrx_word' id='word_1_136' title='bbox 881 2710 1083 2720; x_wconf 67' lang='grc'><strong><em>---...-</em></strong></span> 
     </span>
    </p>
   </div>
   <div class='ocr_carea' id='block_1_10' title="bbox 233 2878 1739 3365">
    <p class='ocr_par' dir='ltr' id='par_1_13' title="bbox 233 2878 1734 2968">
     <span class='ocr_line' id='line_1_20' title="bbox 233 2878 1734 2968; baseline 0.001 -21"><span class='ocrx_word' id='word_1_137' title='bbox 233 2881 350 2947; x_wconf 78' lang='lat'><strong><em>1240.</em></strong></span> <span class='ocrx_word' id='word_1_138' title='bbox 376 2878 527 2944; x_wconf 81' lang='lat' dir='ltr'><strong><em>Nicolaus</em></strong></span> <span class='ocrx_word' id='word_1_139' title='bbox 550 2879 756 2945; x_wconf 87' lang='lat' dir='ltr'><strong><em>scholasticus</em></strong></span> <span class='ocrx_word' id='word_1_140' title='bbox 784 2881 931 2946; x_wconf 88' lang='lat' dir='ltr'><strong><em>ecclesiae</em></strong></span> <span class='ocrx_word' id='word_1_141' title='bbox 952 2883 1135 2964; x_wconf 80' lang='lat' dir='ltr'><strong><em>Propensis,</em></strong></span> <span class='ocrx_word' id='word_1_142' title='bbox 1166 2883 1299 2948; x_wconf 90' lang='lat' dir='ltr'><strong><em>nuncius</em></strong></span> <span class='ocrx_word' id='word_1_143' title='bbox 1330 2884 1541 2966; x_wconf 86' lang='lat' dir='ltr'><strong><em>imperatoris,</em></strong></span> <span class='ocrx_word' id='word_1_144' title='bbox 1565 2884 1734 2968; x_wconf 78' lang='lat' dir='ltr'><strong><em>supplicat,</em></strong></span> 
     </span>
    </p>

    <p class='ocr_par' dir='ltr' id='par_1_14' title="bbox 236 2982 1735 3071">
     <span class='ocr_line' id='line_1_21' title="bbox 236 2982 1735 3071; baseline 0.004 -25"><span class='ocrx_word' id='word_1_145' title='bbox 236 2987 390 3067; x_wconf 80' lang='lat' dir='ltr'><strong><em>quatenus</em></strong></span> <span class='ocrx_word' id='word_1_146' title='bbox 412 2982 555 3049; x_wconf 77' lang='lat' dir='ltr'><strong><em>Joharrni</em></strong></span> <span class='ocrx_word' id='word_1_147' title='bbox 586 2984 732 3049; x_wconf 79' lang='lat' dir='ltr'><strong><em>Andreae</em></strong></span> <span class='ocrx_word' id='word_1_148' title='bbox 762 2984 799 3049; x_wconf 88' lang='lat' dir='ltr'><strong><em>de</em></strong></span> <span class='ocrx_word' id='word_1_149' title='bbox 833 2987 931 3050; x_wconf 84' lang='lat' dir='ltr'><strong><em>Tusla</em></strong></span> <span class='ocrx_word' id='word_1_150' title='bbox 957 2986 1141 3069; x_wconf 78' lang='lat' dir='ltr'><strong><em>presbytero</em></strong></span> <span class='ocrx_word' id='word_1_151' title='bbox 1164 2989 1336 3068; x_wconf 76' lang='lat' dir='ltr'><strong><em>Prapensr&#39;s</em></strong></span> <span class='ocrx_word' id='word_1_152' title='bbox 1365 2988 1453 3067; x_wconf 85' lang='lat' dir='ltr'><strong><em>dioc,</em></strong></span> <span class='ocrx_word' id='word_1_153' title='bbox 1484 2988 1648 3071; x_wconf 90' lang='lat' dir='ltr'><strong><em>capellano</em></strong></span> <span class='ocrx_word' id='word_1_154' title='bbox 1670 3009 1735 3071; x_wconf 88' lang='lat' dir='ltr'><strong><em>suo,</em></strong></span> 
     </span>
    </p>

    <p class='ocr_par' dir='ltr' id='par_1_15' title="bbox 234 3085 1734 3175">
     <span class='ocr_line' id='line_1_22' title="bbox 234 3085 1734 3175; baseline 0.004 -25"><span class='ocrx_word' id='word_1_155' title='bbox 234 3086 271 3151; x_wconf 88' lang='lat' dir='ltr'><strong><em>de</em></strong></span> <span class='ocrx_word' id='word_1_156' title='bbox 288 3087 472 3171; x_wconf 75' lang='lat' dir='ltr'><strong><em>parochiali</em></strong></span> <span class='ocrx_word' id='word_1_157' title='bbox 495 3088 624 3154; x_wconf 88' lang='lat' dir='ltr'><strong><em>ecclesia</em></strong></span> <span class='ocrx_word' id='word_1_158' title='bbox 653 3091 688 3154; x_wconf 91' lang='lat' dir='ltr'><strong><em>in</em></strong></span> <span class='ocrx_word' id='word_1_159' title='bbox 720 3085 887 3165; x_wconf 71' lang='lat' dir='ltr'><strong><em>Wismar⁰r</em></strong></span> <span class='ocrx_word' id='word_1_160' title='bbox 926 3091 1222 3174; x_wconf 71' lang='lat' dir='ltr'><strong><em>Rarreoerpenstsb)</em></strong></span> <span class='ocrx_word' id='word_1_161' title='bbox 1244 3093 1335 3174; x_wconf 83' lang='lat' dir='ltr'><strong><em>diac,</em></strong></span> <span class='ocrx_word' id='word_1_162' title='bbox 1369 3098 1442 3158; x_wconf 87' lang='lat' dir='ltr'><strong><em>tunc</em></strong></span> <span class='ocrx_word' id='word_1_163' title='bbox 1464 3098 1608 3172; x_wconf 87' lang='lat' dir='ltr'><strong><em>vacante,</em></strong></span> <span class='ocrx_word' id='word_1_164' title='bbox 1627 3093 1734 3175; x_wconf 86' lang='lat' dir='ltr'><strong><em>pravi-</em></strong></span> 
     </span>
    </p>

    <p class='ocr_par' dir='ltr' id='par_1_16' title="bbox 234 3191 1739 3365">
     <span class='ocr_line' id='line_1_23' title="bbox 234 3191 1739 3278; baseline 0.003 -22"><span class='ocrx_word' id='word_1_165' title='bbox 234 3191 354 3256; x_wconf 86' lang='lat' dir='ltr'><strong><em>deatur.</em></strong></span> <span class='ocrx_word' id='word_1_166' title='bbox 390 3192 485 3273; x_wconf 80' lang='lat' dir='ltr'><strong><em>„Fiat</em></strong></span> <span class='ocrx_word' id='word_1_167' title='bbox 510 3193 548 3259; x_wconf 77' lang='lat' dir='ltr'><strong><em>G.</em></strong></span> <span class='ocrx_word' id='word_1_168' title='bbox 572 3195 617 3257; x_wconf 85' lang='lat' dir='ltr'><strong><em>Et</em></strong></span> <span class='ocrx_word' id='word_1_169' title='bbox 638 3194 718 3275; x_wconf 76' lang='lat' dir='ltr'><strong><em>quad</em></strong></span> <span class='ocrx_word' id='word_1_170' title='bbox 739 3199 884 3259; x_wconf 87' lang='lat' dir='ltr'><strong><em>transeat</em></strong></span> <span class='ocrx_word' id='word_1_171' title='bbox 906 3195 972 3258; x_wconf 85' lang='lat' dir='ltr'><strong><em>sine</em></strong></span> <span class='ocrx_word' id='word_1_172' title='bbox 994 3194 1062 3259; x_wconf 88' lang='lat' dir='ltr'><strong><em>alia</em></strong></span> <span class='ocrx_word' id='word_1_173' title='bbox 1085 3195 1227 3261; x_wconf 85' lang='lat' dir='ltr'><strong><em>lecciane.</em></strong></span> <span class='ocrx_word' id='word_1_174' title='bbox 1253 3197 1329 3260; x_wconf 86' lang='lat' dir='ltr'><strong><em>Fiat</em></strong></span> <span class='ocrx_word' id='word_1_175' title='bbox 1354 3194 1392 3260; x_wconf 84' lang='lat' dir='ltr'><strong><em>G.</em></strong></span> <span class='ocrx_word' id='word_1_176' title='bbox 1420 3199 1482 3278; x_wconf 86' lang='lat' dir='ltr'><strong><em>„D.</em></strong></span> <span class='ocrx_word' id='word_1_177' title='bbox 1507 3196 1664 3261; x_wconf 82' lang='lat' dir='ltr'><strong><em>Aninione</em></strong></span> <span class='ocrx_word' id='word_1_178' title='bbox 1694 3197 1739 3261; x_wconf 92' lang='lat' dir='ltr'><strong><em>Vl</em></strong></span> 
     </span>
     <span class='ocr_line' id='line_1_24' title="bbox 809 3297 1164 3365; baseline 0.006 -5"><span class='ocrx_word' id='word_1_179' title='bbox 809 3297 872 3362; x_wconf 87' lang='lat' dir='ltr'><strong><em>hal.</em></strong></span> <span class='ocrx_word' id='word_1_180' title='bbox 894 3297 980 3365; x_wconf 83' lang='lat' dir='ltr'><strong><em>Julii</em></strong></span> <span class='ocrx_word' id='word_1_181' title='bbox 1003 3320 1031 3363; x_wconf 88' lang='lat' dir='ltr'><strong><em>a.</em></strong></span> <span class='ocrx_word' id='word_1_182' title='bbox 1056 3304 1164 3362; x_wconf 83' lang='lat' dir='ltr'><strong><em>nano.“</em></strong></span> 
     </span>
    </p>
   </div>
   <div class='ocr_carea' id='block_1_11' title="bbox 1228 3420 1690 3502">
    <p class='ocr_par' dir='ltr' id='par_1_17' title="bbox 1228 3420 1690 3502">
     <span class='ocr_line' id='line_1_25' title="bbox 1228 3420 1690 3502; baseline 0.002 -20"><span class='ocrx_word' id='word_1_183' title='bbox 1228 3420 1390 3502; x_wconf 85' lang='lat' dir='ltr'><strong><em>Acinione,</em></strong></span> <span class='ocrx_word' id='word_1_184' title='bbox 1417 3422 1498 3486; x_wconf 75' lang='lat'><em>1361</em></span> <span class='ocrx_word' id='word_1_185' title='bbox 1521 3421 1616 3489; x_wconf 85' lang='lat' dir='ltr'><strong><em>Junii</em></strong></span> <span class='ocrx_word' id='word_1_186' title='bbox 1637 3424 1690 3487; x_wconf 86' lang='lat'><strong><em>26.</em></strong></span> 
     </span>
    </p>
   </div>
   <div class='ocr_carea' id='block_1_12' title="bbox 235 3608 1735 3760">
    <p class='ocr_par' dir='ltr' id='par_1_18' title="bbox 235 3608 1735 3760">
     <span class='ocr_line' id='line_1_26' title="bbox 364 3608 1735 3679; baseline 0.001 -17"><span class='ocrx_word' id='word_1_187' title='bbox 364 3608 393 3662; x_wconf 88' lang='lat' dir='ltr'><strong><em>R.</em></strong></span> <span class='ocrx_word' id='word_1_188' title='bbox 413 3608 509 3678; x_wconf 85' lang='lat' dir='ltr'><strong><em>Suppl.</em></strong></span> <span class='ocrx_word' id='word_1_189' title='bbox 528 3616 560 3663; x_wconf 71' lang='lat'><strong><em>32</em></strong></span> <span class='ocrx_word' id='word_1_190' title='bbox 580 3608 627 3662; x_wconf 86' lang='lat' dir='ltr'><strong><em>fol.</em></strong></span> <span class='ocrx_word' id='word_1_191' title='bbox 647 3614 714 3664; x_wconf 77' lang='lat'><strong>131⁴.</strong></span> <span class='ocrx_word' id='word_1_192' title='bbox 737 3638 762 3648; x_wconf 91' lang='lat'>-</span> <span class='ocrx_word' id='word_1_193' title='bbox 786 3612 811 3676; x_wconf 62' lang='grc' dir='ltr'><strong><em>ι)</em></strong></span> <span class='ocrx_word' id='word_1_194' title='bbox 830 3609 966 3672; x_wconf 85' lang='lat' dir='ltr'><strong><em>,Wismer‘</em></strong></span> <span class='ocrx_word' id='word_1_195' title='bbox 986 3609 1082 3678; x_wconf 89' lang='lat' dir='ltr'><strong><em>Suppl.</em></strong></span> <span class='ocrx_word' id='word_1_196' title='bbox 1114 3609 1140 3674; x_wconf 85' lang='lat' dir='ltr'><strong><em>b)</em></strong></span> <span class='ocrx_word' id='word_1_197' title='bbox 1159 3609 1397 3678; x_wconf 78' lang='lat' dir='ltr'><strong><em>,Ruueburgensis‘</em></strong></span> <span class='ocrx_word' id='word_1_198' title='bbox 1416 3608 1512 3679; x_wconf 88' lang='lat' dir='ltr'><strong><em>Suppl.</em></strong></span> <span class='ocrx_word' id='word_1_199' title='bbox 1541 3641 1571 3649; x_wconf 81' lang='lat'><em>-</em></span> <span class='ocrx_word' id='word_1_200' title='bbox 1600 3610 1631 3664; x_wconf 90' lang='lat' dir='ltr'><strong><em>ln</em></strong></span> <span class='ocrx_word' id='word_1_201' title='bbox 1650 3627 1735 3679; x_wconf 78' lang='lat' dir='ltr'><strong><em>marg.</em></strong></span> 
     </span>
     <span class='ocr_line' id='line_1_27' title="bbox 235 3694 541 3760; baseline 0 -12"><span class='ocrx_word' id='word_1_202' title='bbox 235 3694 320 3749; x_wconf 85' lang='lat' dir='ltr'><strong><em>dext:</em></strong></span> <span class='ocrx_word' id='word_1_203' title='bbox 339 3695 400 3760; x_wconf 85' lang='lat' dir='ltr'><strong><em>¹Pro</em></strong></span> <span class='ocrx_word' id='word_1_204' title='bbox 419 3701 541 3750; x_wconf 78' lang='lat' dir='ltr'><strong><em>cumeru‘.</em></strong></span> 
     </span>
    </p>
   </div>
   <div class='ocr_carea' id='block_1_13' title="bbox 883 3855 1087 3867">
    <p class='ocr_par' dir='ltr' id='par_1_19' title="bbox 883 3855 1087 3867">
     <span class='ocr_line' id='line_1_28' title="bbox 883 3855 1087 3867; baseline 0.005 -5"><span class='ocrx_word' id='word_1_205' title='bbox 883 3855 1087 3867; x_wconf 83' lang='lat'>..—..-———--·</span> 
     </span>
    </p>
   </div>
   <div class='ocr_carea' id='block_1_14' title="bbox 236 4000 1736 4189">
    <p class='ocr_par' dir='ltr' id='par_1_20' title="bbox 236 4000 1736 4189">
     <span class='ocr_line' id='line_1_29' title="bbox 236 4000 1736 4087; baseline -0.003 -17"><span class='ocrx_word' id='word_1_206' title='bbox 236 4005 353 4070; x_wconf 75' lang='lat'><strong><em>1241.</em></strong></span> <span class='ocrx_word' id='word_1_207' title='bbox 378 4001 536 4068; x_wconf 87' lang='lat' dir='ltr'><strong><em>Nicolaus</em></strong></span> <span class='ocrx_word' id='word_1_208' title='bbox 557 4000 757 4087; x_wconf 82' lang='lat' dir='ltr'><strong><em>Crepindorf</em></strong></span> <span class='ocrx_word' id='word_1_209' title='bbox 772 4003 941 4087; x_wconf 89' lang='lat' dir='ltr'><strong><em>supplicat,</em></strong></span> <span class='ocrx_word' id='word_1_210' title='bbox 965 4007 1120 4086; x_wconf 75' lang='lat' dir='ltr'><strong><em>qnatenus</em></strong></span> <span class='ocrx_word' id='word_1_211' title='bbox 1134 4001 1196 4066; x_wconf 89' lang='lat' dir='ltr'><strong><em>silri</em></strong></span> <span class='ocrx_word' id='word_1_212' title='bbox 1217 4001 1256 4066; x_wconf 89' lang='lat' dir='ltr'><strong><em>de</em></strong></span> <span class='ocrx_word' id='word_1_213' title='bbox 1265 4005 1423 4085; x_wconf 86' lang='lat' dir='ltr'><strong><em>perpetua</em></strong></span> <span class='ocrx_word' id='word_1_214' title='bbox 1444 4002 1570 4067; x_wconf 83' lang='lat' dir='ltr'><strong><em>uicaria</em></strong></span> <span class='ocrx_word' id='word_1_215' title='bbox 1584 4007 1613 4067; x_wconf 90' lang='lat' dir='ltr'><strong><em>el</em></strong></span> <span class='ocrx_word' id='word_1_216' title='bbox 1635 4001 1736 4066; x_wconf 83' lang='lat' dir='ltr'><strong><em>altori</em></strong></span> 
     </span>
     <span class='ocr_line' id='line_1_30' title="bbox 544 4105 1421 4189; baseline 0.002 -19"><span class='ocrx_word' id='word_1_217' title='bbox 544 4107 577 4170; x_wconf 91' lang='lat' dir='ltr'><strong><em>in</em></strong></span> <span class='ocrx_word' id='word_1_218' title='bbox 600 4107 729 4172; x_wconf 85' lang='lat' dir='ltr'><strong><em>ecclesia</em></strong></span> <span class='ocrx_word' id='word_1_219' title='bbox 751 4129 777 4172; x_wconf 87' lang='lat' dir='ltr'><strong><em>s.</em></strong></span> <span class='ocrx_word' id='word_1_220' title='bbox 803 4106 914 4172; x_wconf 58' lang='lat' dir='ltr'><strong><em>&amp;necis</em></strong></span> <span class='ocrx_word' id='word_1_221' title='bbox 944 4105 1186 4171; x_wconf 83' lang='lat' dir='ltr'><strong><em>Vratislaoiensi</em></strong></span> <span class='ocrx_word' id='word_1_222' title='bbox 1203 4106 1421 4189; x_wconf 85' lang='lat' dir='ltr'><strong><em>provideatur.</em></strong></span> 
     </span>
    </p>
   </div>
   <div class='ocr_carea' id='block_1_15' title="bbox 1229 4242 1689 4325">
    <p class='ocr_par' dir='ltr' id='par_1_21' title="bbox 1229 4242 1689 4325">
     <span class='ocr_line' id='line_1_31' title="bbox 1229 4242 1689 4325; baseline 0.004 -18"><span class='ocrx_word' id='word_1_223' title='bbox 1229 4242 1392 4325; x_wconf 82' lang='lat' dir='ltr'><strong><em>Acinione,</em></strong></span> <span class='ocrx_word' id='word_1_224' title='bbox 1415 4243 1497 4308; x_wconf 85' lang='lat'><em>1361</em></span> <span class='ocrx_word' id='word_1_225' title='bbox 1522 4245 1617 4311; x_wconf 83' lang='lat' dir='ltr'><strong><em>Junil</em></strong></span> <span class='ocrx_word' id='word_1_226' title='bbox 1638 4247 1689 4309; x_wconf 85' lang='lat'><strong><em>26.</em></strong></span> 
     </span>
    </p>
   </div>
   <div class='ocr_carea' id='block_1_16' title="bbox 236 4434 1735 5232">
    <p class='ocr_par' dir='ltr' id='par_1_22' title="bbox 236 4434 1735 5145">
     <span class='ocr_line' id='line_1_32' title="bbox 364 4434 1731 4519; baseline -0.001 -18"><span class='ocrx_word' id='word_1_227' title='bbox 364 4436 527 4519; x_wconf 84' lang='lat' dir='ltr'><strong><em>Supplicut</em></strong></span> <span class='ocrx_word' id='word_1_228' title='bbox 563 4434 604 4501; x_wconf 76' lang='lat' dir='ltr'><strong><em>gn</em></strong></span> <span class='ocrx_word' id='word_1_229' title='bbox 630 4437 682 4501; x_wconf 75' lang='lat' dir='ltr'><strong><em>V¹⁸</em></strong></span> <span class='ocrx_word' id='word_1_230' title='bbox 712 4437 845 4501; x_wconf 83' lang='lat' dir='ltr'><strong><em>devotus</em></strong></span> <span class='ocrx_word' id='word_1_231' title='bbox 880 4441 986 4501; x_wconf 84' lang='lat' dir='ltr'><strong><em>vester</em></strong></span> <span class='ocrx_word' id='word_1_232' title='bbox 1019 4442 1126 4500; x_wconf 75' lang='lat' dir='ltr'><strong><em>orrttor</em></strong></span> <span class='ocrx_word' id='word_1_233' title='bbox 1159 4435 1308 4501; x_wconf 85' lang='lat' dir='ltr'><strong><em>Nicolaus</em></strong></span> <span class='ocrx_word' id='word_1_234' title='bbox 1343 4434 1534 4517; x_wconf 85' lang='lat' dir='ltr'><strong><em>Orepiudorl</em></strong></span> <span class='ocrx_word' id='word_1_235' title='bbox 1562 4437 1731 4519; x_wconf 81' lang='lat' dir='ltr'><strong><em>presbyter</em></strong></span> 
     </span>
     <span class='ocr_line' id='line_1_33' title="bbox 236 4538 1735 4623; baseline -0.001 -18"><span class='ocrx_word' id='word_1_236' title='bbox 236 4541 508 4606; x_wconf 86' lang='lat' dir='ltr'><strong><em>Wratislauiensis</em></strong></span> <span class='ocrx_word' id='word_1_237' title='bbox 543 4542 633 4620; x_wconf 79' lang='lat' dir='ltr'><strong><em>dioc,</em></strong></span> <span class='ocrx_word' id='word_1_238' title='bbox 667 4547 823 4622; x_wconf 81' lang='lat' dir='ltr'><strong><em>quatenus</em></strong></span> <span class='ocrx_word' id='word_1_239' title='bbox 857 4541 917 4606; x_wconf 88' lang='lat' dir='ltr'><strong><em>sibi</em></strong></span> <span class='ocrx_word' id='word_1_240' title='bbox 951 4539 1088 4623; x_wconf 80' lang='lat' dir='ltr'><strong><em>graciam</em></strong></span> <span class='ocrx_word' id='word_1_241' title='bbox 1123 4539 1294 4622; x_wconf 85' lang='lat' dir='ltr'><strong><em>specialem</em></strong></span> <span class='ocrx_word' id='word_1_242' title='bbox 1317 4538 1482 4617; x_wconf 83' lang='lat' dir='ltr'><strong><em>facientes,</em></strong></span> <span class='ocrx_word' id='word_1_243' title='bbox 1515 4539 1554 4603; x_wconf 89' lang='lat' dir='ltr'><strong><em>de</em></strong></span> <span class='ocrx_word' id='word_1_244' title='bbox 1578 4546 1735 4623; x_wconf 84' lang='lat' dir='ltr'><strong><em>perpetua</em></strong></span> 
     </span>
     <span class='ocr_line' id='line_1_34' title="bbox 236 4643 1733 4726; baseline -0.001 -16"><span class='ocrx_word' id='word_1_245' title='bbox 236 4646 353 4710; x_wconf 82' lang='lat' dir='ltr'><strong><em>vicarie</em></strong></span> <span class='ocrx_word' id='word_1_246' title='bbox 375 4652 409 4710; x_wconf 92' lang='lat' dir='ltr'><strong><em>et</em></strong></span> <span class='ocrx_word' id='word_1_247' title='bbox 431 4646 526 4710; x_wconf 82' lang='lat' dir='ltr'><strong><em>elteri</em></strong></span> <span class='ocrx_word' id='word_1_248' title='bbox 559 4645 592 4709; x_wconf 92' lang='lat' dir='ltr'><strong><em>in</em></strong></span> <span class='ocrx_word' id='word_1_249' title='bbox 616 4645 752 4710; x_wconf 82' lang='lat' dir='ltr'><strong><em>ecclesia</em></strong></span> <span class='ocrx_word' id='word_1_250' title='bbox 786 4664 810 4710; x_wconf 90' lang='lat' dir='ltr'><strong><em>s.</em></strong></span> <span class='ocrx_word' id='word_1_251' title='bbox 835 4644 946 4710; x_wconf 85' lang='lat' dir='ltr'><strong><em>Crucis</em></strong></span> <span class='ocrx_word' id='word_1_252' title='bbox 982 4644 1265 4726; x_wconf 72' lang='lat' dir='ltr'><strong><em>Wrntislaniensis</em></strong></span> <span class='ocrx_word' id='word_1_253' title='bbox 1299 4643 1486 4708; x_wconf 80' lang='lat' dir='ltr'><strong><em>vacantibus</em></strong></span> <span class='ocrx_word' id='word_1_254' title='bbox 1520 4662 1578 4724; x_wconf 90' lang='lat' dir='ltr'><strong><em>per</em></strong></span> <span class='ocrx_word' id='word_1_255' title='bbox 1600 4650 1733 4709; x_wconf 87' lang='lat' dir='ltr'><strong><em>mortem</em></strong></span> 
     </span>
     <span class='ocr_line' id='line_1_35' title="bbox 236 4747 1735 4832; baseline 0 -18"><span class='ocrx_word' id='word_1_256' title='bbox 236 4748 380 4832; x_wconf 87' lang='lat' dir='ltr'><strong><em>Symouis</em></strong></span> <span class='ocrx_word' id='word_1_257' title='bbox 403 4749 442 4813; x_wconf 89' lang='lat' dir='ltr'><strong><em>de</em></strong></span> <span class='ocrx_word' id='word_1_258' title='bbox 466 4749 649 4815; x_wconf 83' lang='lat' dir='ltr'><strong><em>Boleslauia</em></strong></span> <span class='ocrx_word' id='word_1_259' title='bbox 671 4750 772 4832; x_wconf 88' lang='lat' dir='ltr'><strong><em>ipsius</em></strong></span> <span class='ocrx_word' id='word_1_260' title='bbox 795 4750 913 4814; x_wconf 82' lang='lat' dir='ltr'><strong><em>vicarie</em></strong></span> <span class='ocrx_word' id='word_1_261' title='bbox 937 4757 970 4815; x_wconf 93' lang='lat' dir='ltr'><strong><em>et</em></strong></span> <span class='ocrx_word' id='word_1_262' title='bbox 993 4749 1104 4813; x_wconf 84' lang='lat' dir='ltr'><strong><em>altaris</em></strong></span> <span class='ocrx_word' id='word_1_263' title='bbox 1126 4747 1262 4824; x_wconf 85' lang='lat' dir='ltr'><strong><em>ultimi·)</em></strong></span> <span class='ocrx_word' id='word_1_264' title='bbox 1286 4749 1491 4829; x_wconf 87' lang='lat' dir='ltr'><strong><em>possessoris,</em></strong></span> <span class='ocrx_word' id='word_1_265' title='bbox 1515 4747 1569 4828; x_wconf 91' lang='lat' dir='ltr'><strong><em>qui</em></strong></span> <span class='ocrx_word' id='word_1_266' title='bbox 1591 4748 1624 4812; x_wconf 93' lang='lat' dir='ltr'><strong><em>in</em></strong></span> <span class='ocrx_word' id='word_1_267' title='bbox 1648 4750 1735 4814; x_wconf 85' lang='lat' dir='ltr'><strong><em>curie</em></strong></span> 
     </span>
     <span class='ocr_line' id='line_1_36' title="bbox 237 4852 1734 4937; baseline -0.003 -18"><span class='ocrx_word' id='word_1_268' title='bbox 237 4852 291 4919; x_wconf 74' lang='lat'><strong><em>8¹¹⁸</em></strong></span> <span class='ocrx_word' id='word_1_269' title='bbox 304 4853 359 4920; x_wconf 72' lang='grc' dir='ltr'><strong><em>11η</em></strong></span> <span class='ocrx_word' id='word_1_270' title='bbox 379 4853 463 4918; x_wconf 87' lang='lat' dir='ltr'><strong><em>diem</em></strong></span> <span class='ocrx_word' id='word_1_271' title='bbox 487 4871 578 4918; x_wconf 81' lang='lat' dir='ltr'><strong><em>suurn</em></strong></span> <span class='ocrx_word' id='word_1_272' title='bbox 603 4855 717 4919; x_wconf 82' lang='lat' dir='ltr'><strong><em>clausit</em></strong></span> <span class='ocrx_word' id='word_1_273' title='bbox 740 4860 924 4937; x_wconf 76' lang='lat' dir='ltr'><strong><em>extremum,</em></strong></span> <span class='ocrx_word' id='word_1_274' title='bbox 949 4854 1121 4935; x_wconf 81' lang='lat' dir='ltr'><strong><em>dignemini</em></strong></span> <span class='ocrx_word' id='word_1_275' title='bbox 1146 4852 1336 4917; x_wconf 86' lang='lat' dir='ltr'><strong><em>auctoritate</em></strong></span> <span class='ocrx_word' id='word_1_276' title='bbox 1354 4852 1529 4934; x_wconf 82' lang='lat' dir='ltr'><strong><em>apostolice</em></strong></span> <span class='ocrx_word' id='word_1_277' title='bbox 1552 4871 1621 4916; x_wconf 88' lang='lat' dir='ltr'><strong><em>cum</em></strong></span> <span class='ocrx_word' id='word_1_278' title='bbox 1636 4853 1734 4917; x_wconf 72' lang='lat' dir='ltr'><strong><em>ornici-</em></strong></span> 
     </span>
     <span class='ocr_line' id='line_1_37' title="bbox 236 4956 1735 5040; baseline -0.001 -17"><span class='ocrx_word' id='word_1_279' title='bbox 236 4959 294 5023; x_wconf 89' lang='lat' dir='ltr'><strong><em>bus</em></strong></span> <span class='ocrx_word' id='word_1_280' title='bbox 316 4957 439 5024; x_wconf 85' lang='lat' dir='ltr'><strong><em>iuribus</em></strong></span> <span class='ocrx_word' id='word_1_281' title='bbox 462 4962 495 5024; x_wconf 91' lang='lat' dir='ltr'><strong><em>et</em></strong></span> <span class='ocrx_word' id='word_1_282' title='bbox 518 4958 726 5040; x_wconf 83' lang='lat' dir='ltr'><strong><em>pertinenciis</em></strong></span> <span class='ocrx_word' id='word_1_283' title='bbox 750 4977 858 5024; x_wconf 87' lang='lat' dir='ltr'><strong><em>eorum</em></strong></span> <span class='ocrx_word' id='word_1_284' title='bbox 881 4958 1132 5023; x_wconf 81' lang='lat' dir='ltr'><strong><em>misericorditer</em></strong></span> <span class='ocrx_word' id='word_1_285' title='bbox 1155 4956 1332 5039; x_wconf 79' lang='lat' dir='ltr'><strong><em>providere,</em></strong></span> <span class='ocrx_word' id='word_1_286' title='bbox 1357 4962 1391 5022; x_wconf 89' lang='lat' dir='ltr'><strong><em>et</em></strong></span> <span class='ocrx_word' id='word_1_287' title='bbox 1410 4975 1480 5021; x_wconf 89' lang='lat' dir='ltr'><strong><em>cum</em></strong></span> <span class='ocrx_word' id='word_1_288' title='bbox 1497 4957 1640 5022; x_wconf 89' lang='lat' dir='ltr'><strong><em>omuibus</em></strong></span> <span class='ocrx_word' id='word_1_289' title='bbox 1664 4958 1735 5021; x_wconf 85' lang='lat' dir='ltr'><strong><em>eliis</em></strong></span> 
     </span>
     <span class='ocr_line' id='line_1_38' title="bbox 237 5060 1447 5145; baseline -0.002 -19"><span class='ocrx_word' id='word_1_290' title='bbox 237 5081 296 5127; x_wconf 90' lang='lat' dir='ltr'><strong><em>nou</em></strong></span> <span class='ocrx_word' id='word_1_291' title='bbox 320 5062 531 5145; x_wconf 67' lang='lat' dir='ltr'><strong><em>obstantibus</em></strong></span> <span class='ocrx_word' id='word_1_292' title='bbox 556 5063 708 5127; x_wconf 85' lang='lat' dir='ltr'><strong><em>clausulis</em></strong></span> <span class='ocrx_word' id='word_1_293' title='bbox 731 5064 897 5144; x_wconf 89' lang='lat' dir='ltr'><strong><em>oportunis</em></strong></span> <span class='ocrx_word' id='word_1_294' title='bbox 920 5081 956 5127; x_wconf 81' lang='lat' dir='ltr'><strong><em>sc</em></strong></span> <span class='ocrx_word' id='word_1_295' title='bbox 979 5063 1202 5127; x_wconf 88' lang='lat' dir='ltr'><strong><em>executoribus</em></strong></span> <span class='ocrx_word' id='word_1_296' title='bbox 1226 5061 1316 5125; x_wconf 87' lang='lat' dir='ltr'><strong><em>utin</em></strong></span> <span class='ocrx_word' id='word_1_297' title='bbox 1340 5060 1447 5125; x_wconf 84' lang='lat' dir='ltr'><strong><em>forma.</em></strong></span> 
     </span>
    </p>

    <p class='ocr_par' dir='ltr' id='par_1_23' title="bbox 364 5164 1689 5232">
     <span class='ocr_line' id='line_1_39' title="bbox 364 5164 1689 5232; baseline -0.002 -1"><span class='ocrx_word' id='word_1_298' title='bbox 364 5165 437 5231; x_wconf 74' lang='lat' dir='ltr'><strong><em>nat</em></strong></span> <span class='ocrx_word' id='word_1_299' title='bbox 460 5166 497 5231; x_wconf 87' lang='lat' dir='ltr'><strong><em>G.</em></strong></span> <span class='ocrx_word' id='word_1_300' title='bbox 522 5165 596 5232; x_wconf 86' lang='lat' dir='ltr'><strong><em>Siue</em></strong></span> <span class='ocrx_word' id='word_1_301' title='bbox 622 5167 686 5232; x_wconf 85' lang='lat' dir='ltr'><strong><em>sliu</em></strong></span> <span class='ocrx_word' id='word_1_302' title='bbox 708 5168 860 5232; x_wconf 87' lang='lat' dir='ltr'><strong><em>leccione.</em></strong></span> <span class='ocrx_word' id='word_1_303' title='bbox 886 5167 957 5231; x_wconf 79' lang='lat' dir='ltr'><strong><em>Fiat</em></strong></span> <span class='ocrx_word' id='word_1_304' title='bbox 980 5166 1017 5231; x_wconf 89' lang='lat' dir='ltr'><strong><em>G.</em></strong></span> <span class='ocrx_word' id='word_1_305' title='bbox 1044 5167 1080 5230; x_wconf 87' lang='lat' dir='ltr'><strong><em>D.</em></strong></span> <span class='ocrx_word' id='word_1_306' title='bbox 1104 5165 1262 5231; x_wconf 82' lang='lat' dir='ltr'><strong><em>Aninione</em></strong></span> <span class='ocrx_word' id='word_1_307' title='bbox 1288 5165 1331 5229; x_wconf 93' lang='lat' dir='ltr'><strong><em>Vl</em></strong></span> <span class='ocrx_word' id='word_1_308' title='bbox 1354 5165 1417 5230; x_wconf 84' lang='lat' dir='ltr'><strong><em>kal.</em></strong></span> <span class='ocrx_word' id='word_1_309' title='bbox 1441 5164 1521 5229; x_wconf 85' lang='lat' dir='ltr'><strong><em>Julii</em></strong></span> <span class='ocrx_word' id='word_1_310' title='bbox 1545 5184 1573 5228; x_wconf 85' lang='lat' dir='ltr'><strong><em>a.</em></strong></span> <span class='ocrx_word' id='word_1_311' title='bbox 1598 5182 1689 5230; x_wconf 89' lang='lat' dir='ltr'><strong><em>nono.</em></strong></span> 
     </span>
    </p>
   </div>
   <div class='ocr_carea' id='block_1_17' title="bbox 366 5352 1595 5425">
    <p class='ocr_par' dir='ltr' id='par_1_24' title="bbox 366 5352 1595 5425">
     <span class='ocr_line' id='line_1_40' title="bbox 366 5352 1595 5425; baseline -0.002 -15"><span class='ocrx_word' id='word_1_312' title='bbox 366 5355 398 5410; x_wconf 84' lang='lat' dir='ltr'><strong><em>R.</em></strong></span> <span class='ocrx_word' id='word_1_313' title='bbox 416 5355 511 5425; x_wconf 88' lang='lat' dir='ltr'><strong><em>Suppl.</em></strong></span> <span class='ocrx_word' id='word_1_314' title='bbox 530 5361 563 5412; x_wconf 79' lang='lat'><strong><em>³2</em></strong></span> <span class='ocrx_word' id='word_1_315' title='bbox 581 5354 628 5410; x_wconf 85' lang='lat' dir='ltr'><strong><em>iol.</em></strong></span> <span class='ocrx_word' id='word_1_316' title='bbox 649 5352 717 5411; x_wconf 83' lang='lat'>181⁴.</span> <span class='ocrx_word' id='word_1_317' title='bbox 737 5385 770 5397; x_wconf 90' lang='lat'>-</span> <span class='ocrx_word' id='word_1_318' title='bbox 789 5358 815 5421; x_wconf 68' lang='grc' dir='ltr'><strong><em>α)</em></strong></span> <span class='ocrx_word' id='word_1_319' title='bbox 833 5354 945 5419; x_wconf 87' lang='lat' dir='ltr'><strong><em>‚ultime‘</em></strong></span> <span class='ocrx_word' id='word_1_320' title='bbox 963 5353 1060 5424; x_wconf 82' lang='lat' dir='ltr'><strong><em>Suppl.</em></strong></span> <span class='ocrx_word' id='word_1_321' title='bbox 1081 5384 1112 5394; x_wconf 91' lang='lat'>-</span> <span class='ocrx_word' id='word_1_322' title='bbox 1131 5355 1163 5408; x_wconf 89' lang='lat' dir='ltr'><strong><em>lu</em></strong></span> <span class='ocrx_word' id='word_1_323' title='bbox 1181 5369 1265 5424; x_wconf 72' lang='lat' dir='ltr'><strong><em>murss.</em></strong></span> <span class='ocrx_word' id='word_1_324' title='bbox 1284 5354 1371 5409; x_wconf 79' lang='lat' dir='ltr'><strong><em>dext:</em></strong></span> <span class='ocrx_word' id='word_1_325' title='bbox 1392 5354 1451 5417; x_wconf 87' lang='lat' dir='ltr'><strong><em>,Pro</em></strong></span> <span class='ocrx_word' id='word_1_326' title='bbox 1470 5355 1595 5408; x_wconf 68' lang='lat' dir='ltr'><strong><em>camere!</em></strong></span> 
     </span>
    </p>
   </div>
   <div class='ocr_carea' id='block_1_18' title="bbox 0 0 1980 6052">
    <p class='ocr_par' dir='ltr' id='par_1_25' title="bbox 0 0 1980 6052">
     <span class='ocr_line' id='line_1_41' title="bbox 0 0 1980 6052; baseline 0 0"><span class='ocrx_word' id='word_1_327' title='bbox 0 0 1980 6052; x_wconf 95' lang='lat' dir='ltr'><strong><em> </em></strong></span> 
     </span>
    </p>
   </div>
  </div>
 </body>
</html>
