<?xml version="1.0" encoding="UTF-8"?>
<!DOCTYPE html PUBLIC "-//W3C//DTD XHTML 1.0 Transitional//EN"
    "http://www.w3.org/TR/xhtml1/DTD/xhtml1-transitional.dtd">
<html xmlns="http://www.w3.org/1999/xhtml" xml:lang="en" lang="en">
 <head>
  <title>
</title>
<meta http-equiv="Content-Type" content="text/html;charset=utf-8" />
  <meta name='ocr-system' content='tesseract 3.04.00' />
  <meta name='ocr-capabilities' content='ocr_page ocr_carea ocr_par ocr_line ocrx_word'/>
</head>
<body>
  <div class='ocr_page' id='page_1' title='image "./monumentavatica00vatigoog_0433.png"; bbox 0 0 3944 6060; ppageno 0'>
   <div class='ocr_carea' id='block_1_1' title="bbox 235 420 1192 491">
    <p class='ocr_par' dir='ltr' id='par_1_1' title="bbox 235 420 1192 491">
     <span class='ocr_line' id='line_1_1' title="bbox 235 420 1192 491; baseline -0.018 0"><span class='ocrx_word' id='word_1_1' title='bbox 235 425 300 491; x_wconf 84' lang='grc'><strong>380</strong></span> <span class='ocrx_word' id='word_1_2' title='bbox 831 424 901 476; x_wconf 78' lang='lat' dir='ltr'><strong>Acta</strong></span> <span class='ocrx_word' id='word_1_3' title='bbox 920 421 1074 477; x_wconf 84' lang='lat' dir='ltr'><strong>iunocentii</strong></span> <span class='ocrx_word' id='word_1_4' title='bbox 1091 420 1138 476; x_wconf 89' lang='lat' dir='ltr'><strong>v1.</strong></span> <span class='ocrx_word' id='word_1_5' title='bbox 1189 444 1192 449; x_wconf 91' lang='lat'>·</span> 
     </span>
    </p>
   </div>
   <div class='ocr_carea' id='block_1_2' title="bbox 235 631 1743 820">
    <p class='ocr_par' dir='ltr' id='par_1_2' title="bbox 235 631 1743 820">
     <span class='ocr_line' id='line_1_2' title="bbox 235 631 1743 715; baseline -0.002 -17"><span class='ocrx_word' id='word_1_6' title='bbox 235 632 325 699; x_wconf 75' lang='lat'><strong><em>967.</em></strong></span> <span class='ocrx_word' id='word_1_7' title='bbox 358 631 540 697; x_wconf 76' lang='lat' dir='ltr'><strong>Weraherus</strong></span> <span class='ocrx_word' id='word_1_8' title='bbox 578 631 739 697; x_wconf 71' lang='lat' dir='ltr'><strong>Titanonis</strong></span> <span class='ocrx_word' id='word_1_9' title='bbox 768 636 956 714; x_wconf 73' lang='lat' dir='ltr'><strong>surrepetur</strong></span> <span class='ocrx_word' id='word_1_10' title='bbox 990 634 1025 697; x_wconf 83' lang='lat' dir='ltr'><strong>in</strong></span> <span class='ocrx_word' id='word_1_11' title='bbox 1041 646 1145 697; x_wconf 81' lang='lat' dir='ltr'><strong>&#39;omne</strong></span> <span class='ocrx_word' id='word_1_12' title='bbox 1175 634 1225 696; x_wconf 82' lang='lat' dir='ltr'><strong>ius</strong></span> <span class='ocrx_word' id='word_1_13' title='bbox 1251 633 1382 699; x_wconf 77' lang='lat' dir='ltr'><strong>Hearica&#39;</strong></span> <span class='ocrx_word' id='word_1_14' title='bbox 1412 633 1547 715; x_wconf 64' lang='lat' dir='ltr'><strong>Leporis</strong></span> <span class='ocrx_word' id='word_1_15' title='bbox 1579 631 1743 714; x_wconf 70' lang='lat' dir='ltr'><strong>&#39;procudam</strong></span> 
     </span>
     <span class='ocr_line' id='line_1_3' title="bbox 617 736 1364 820; baseline -0.003 -19"><span class='ocrx_word' id='word_1_16' title='bbox 617 737 747 802; x_wconf 79' lang='lat' dir='ltr'><strong>rectoris</strong></span> <span class='ocrx_word' id='word_1_17' title='bbox 767 736 969 820; x_wconf 78' lang='lat' dir='ltr'><strong>parochialis</strong></span> <span class='ocrx_word' id='word_1_18' title='bbox 991 736 1139 803; x_wconf 78' lang='lat' dir='ltr'><strong>ccclesiae</strong></span> <span class='ocrx_word' id='word_1_19' title='bbox 1163 736 1364 803; x_wconf 75' lang='lat' dir='ltr'><strong>Maliacasis.</strong></span> 
     </span>
    </p>
   </div>
   <div class='ocr_carea' id='block_1_3' title="bbox 298 826 1699 980">
    <p class='ocr_par' dir='ltr' id='par_1_3' title="bbox 298 826 1699 980">
     <span class='ocr_line' id='line_1_4' title="bbox 298 826 1699 980; baseline -0.019 -16"><span class='ocrx_word' id='word_1_20' title='bbox 298 826 410 980; x_wconf 50' lang='lat'><strong>{⁷³}</strong></span> <span class='ocrx_word' id='word_1_21' title='bbox 1024 877 1121 961; x_wconf 71' lang='lat' dir='ltr'><strong>apua</strong></span> <span class='ocrx_word' id='word_1_22' title='bbox 1151 875 1390 955; x_wconf 66' lang='lat' dir='ltr'><strong>cananaeam,</strong></span> <span class='ocrx_word' id='word_1_23' title='bbox 1416 874 1500 940; x_wconf 80' lang='lat' dir='ltr'><strong>raso</strong></span> <span class='ocrx_word' id='word_1_24' title='bbox 1523 876 1622 942; x_wconf 73' lang='lat' dir='ltr'><strong>uana</strong></span> <span class='ocrx_word' id='word_1_25' title='bbox 1643 878 1699 942; x_wconf 81' lang='grc' dir='ltr'><strong>ιο.</strong></span> 
     </span>
    </p>
   </div>
   <div class='ocr_carea' id='block_1_4' title="bbox 234 1048 1743 1653">
    <p class='ocr_par' dir='ltr' id='par_1_4' title="bbox 234 1048 1743 1653">
     <span class='ocr_line' id='line_1_5' title="bbox 364 1048 1742 1134; baseline 0.001 -21"><span class='ocrx_word' id='word_1_26' title='bbox 364 1051 402 1113; x_wconf 85' lang='grc' dir='ltr'><strong>Ι).</strong></span> <span class='ocrx_word' id='word_1_27' title='bbox 436 1048 459 1131; x_wconf 83' lang='lat' dir='ltr'><strong>l.</strong></span> <span class='ocrx_word' id='word_1_28' title='bbox 498 1049 673 1116; x_wconf 89' lang='lat' dir='ltr'><strong>Wernhero</strong></span> <span class='ocrx_word' id='word_1_29' title='bbox 696 1050 883 1134; x_wconf 80' lang='lat' dir='ltr'><strong>Tymonis·)</strong></span> <span class='ocrx_word' id='word_1_30' title='bbox 919 1051 1068 1115; x_wconf 84' lang='lat' dir='ltr'><strong>currcnico</strong></span> <span class='ocrx_word' id='word_1_31' title='bbox 1104 1050 1259 1115; x_wconf 92' lang='lat' dir='ltr'><strong>Misnensi</strong></span> <span class='ocrx_word' id='word_1_32' title='bbox 1293 1049 1430 1114; x_wconf 87' lang='lat' dir='ltr'><strong>salutem</strong></span> <span class='ocrx_word' id='word_1_33' title='bbox 1465 1055 1525 1114; x_wconf 88' lang='lat' dir='ltr'><strong>etc.</strong></span> <span class='ocrx_word' id='word_1_34' title='bbox 1566 1049 1742 1114; x_wconf 85' lang='lat' dir='ltr'><strong>Probitatis</strong></span> 
     </span>
     <span class='ocr_line' id='line_1_6' title="bbox 237 1153 1743 1237; baseline -0.001 -19"><span class='ocrx_word' id='word_1_35' title='bbox 237 1160 272 1218; x_wconf 93' lang='lat' dir='ltr'><strong>et</strong></span> <span class='ocrx_word' id='word_1_36' title='bbox 305 1153 458 1218; x_wconf 89' lang='lat' dir='ltr'><strong>virtutum</strong></span> <span class='ocrx_word' id='word_1_37' title='bbox 477 1205 484 1219; x_wconf 93' lang='lat'><strong>.</strong></span> <span class='ocrx_word' id='word_1_38' title='bbox 504 1206 510 1218; x_wconf 89' lang='lat'>.</span> <span class='ocrx_word' id='word_1_39' title='bbox 532 1205 565 1218; x_wconf 92' lang='lat'><strong>..</strong></span> <span class='ocrx_word' id='word_1_40' title='bbox 602 1155 753 1220; x_wconf 86' lang='lat' dir='ltr'><strong>Exhibita</strong></span> <span class='ocrx_word' id='word_1_41' title='bbox 788 1155 944 1237; x_wconf 90' lang='lat' dir='ltr'><strong>siquidem</strong></span> <span class='ocrx_word' id='word_1_42' title='bbox 978 1154 1069 1220; x_wconf 90' lang='lat' dir='ltr'><strong>nobis</strong></span> <span class='ocrx_word' id='word_1_43' title='bbox 1103 1173 1160 1237; x_wconf 92' lang='lat' dir='ltr'><strong>pro</strong></span> <span class='ocrx_word' id='word_1_44' title='bbox 1193 1160 1284 1236; x_wconf 88' lang='lat' dir='ltr'><strong>parte</strong></span> <span class='ocrx_word' id='word_1_45' title='bbox 1315 1159 1370 1218; x_wconf 91' lang='lat' dir='ltr'><strong>tua</strong></span> <span class='ocrx_word' id='word_1_46' title='bbox 1399 1153 1516 1235; x_wconf 90' lang='lat' dir='ltr'><strong>peticio</strong></span> <span class='ocrx_word' id='word_1_47' title='bbox 1546 1154 1743 1235; x_wconf 76' lang='lat' dir='ltr'><strong>continebat,</strong></span> 
     </span>
     <span class='ocr_line' id='line_1_7' title="bbox 234 1257 1741 1343; baseline 0 -21"><span class='ocrx_word' id='word_1_48' title='bbox 234 1258 318 1339; x_wconf 90' lang='lat' dir='ltr'><strong>quod</strong></span> <span class='ocrx_word' id='word_1_49' title='bbox 339 1257 416 1323; x_wconf 91' lang='lat' dir='ltr'><strong>licet</strong></span> <span class='ocrx_word' id='word_1_50' title='bbox 437 1258 593 1339; x_wconf 91' lang='lat' dir='ltr'><strong>quondam</strong></span> <span class='ocrx_word' id='word_1_51' title='bbox 616 1258 773 1324; x_wconf 92' lang='lat' dir='ltr'><strong>Henricus</strong></span> <span class='ocrx_word' id='word_1_52' title='bbox 796 1260 928 1343; x_wconf 82' lang='lat' dir='ltr'><strong>Leporis</strong></span> <span class='ocrx_word' id='word_1_53' title='bbox 950 1264 1056 1324; x_wconf 91' lang='lat' dir='ltr'><strong>rector</strong></span> <span class='ocrx_word' id='word_1_54' title='bbox 1077 1258 1284 1341; x_wconf 82' lang='lat' dir='ltr'>parrochialis</span> <span class='ocrx_word' id='word_1_55' title='bbox 1308 1258 1443 1322; x_wconf 81' lang='lat' dir='ltr'><strong>ecclesie</strong></span> <span class='ocrx_word' id='word_1_56' title='bbox 1476 1258 1508 1322; x_wconf 95' lang='lat' dir='ltr'><strong>in</strong></span> <span class='ocrx_word' id='word_1_57' title='bbox 1524 1258 1647 1323; x_wconf 83' lang='lat' dir='ltr'><strong>blalina</strong></span> <span class='ocrx_word' id='word_1_58' title='bbox 1664 1258 1741 1322; x_wconf 90' lang='lat' dir='ltr'><strong>Pra-</strong></span> 
     </span>
     <span class='ocr_line' id='line_1_8' title="bbox 238 1362 1740 1447; baseline -0.001 -19"><span class='ocrx_word' id='word_1_59' title='bbox 238 1363 344 1447; x_wconf 82' lang='lat' dir='ltr'><strong>gensis</strong></span> <span class='ocrx_word' id='word_1_60' title='bbox 360 1363 439 1429; x_wconf 91' lang='lat' dir='ltr'><strong>dioc.</strong></span> <span class='ocrx_word' id='word_1_61' title='bbox 464 1362 631 1428; x_wconf 90' lang='lat' dir='ltr'><strong>ecclesiam</strong></span> <span class='ocrx_word' id='word_1_62' title='bbox 655 1364 756 1446; x_wconf 80' lang='lat' dir='ltr'>ipsam</span> <span class='ocrx_word' id='word_1_63' title='bbox 779 1368 854 1428; x_wconf 94' lang='lat' dir='ltr'><strong>tunc</strong></span> <span class='ocrx_word' id='word_1_64' title='bbox 878 1370 1041 1428; x_wconf 88' lang='lat' dir='ltr'><strong>vacantem</strong></span> <span class='ocrx_word' id='word_1_65' title='bbox 1066 1369 1232 1428; x_wconf 89' lang='lat' dir='ltr'><strong>assecutus</strong></span> <span class='ocrx_word' id='word_1_66' title='bbox 1255 1362 1375 1428; x_wconf 85' lang='lat' dir='ltr'><strong>fuisset</strong></span> <span class='ocrx_word' id='word_1_67' title='bbox 1393 1369 1427 1427; x_wconf 93' lang='lat' dir='ltr'><strong>et</strong></span> <span class='ocrx_word' id='word_1_68' title='bbox 1450 1380 1508 1445; x_wconf 90' lang='lat' dir='ltr'><strong>per</strong></span> <span class='ocrx_word' id='word_1_69' title='bbox 1530 1363 1740 1446; x_wconf 85' lang='lat' dir='ltr'><strong>vigintiquin-</strong></span> 
     </span>
     <span class='ocr_line' id='line_1_9' title="bbox 234 1467 1741 1550; baseline -0.001 -17"><span class='ocrx_word' id='word_1_70' title='bbox 234 1487 294 1550; x_wconf 89' lang='lat' dir='ltr'><strong>que</strong></span> <span class='ocrx_word' id='word_1_71' title='bbox 318 1486 417 1532; x_wconf 89' lang='lat' dir='ltr'><strong>annos</strong></span> <span class='ocrx_word' id='word_1_72' title='bbox 440 1472 474 1531; x_wconf 90' lang='lat' dir='ltr'><strong>et</strong></span> <span class='ocrx_word' id='word_1_73' title='bbox 497 1467 589 1550; x_wconf 89' lang='lat' dir='ltr'><strong>ultra,</strong></span> <span class='ocrx_word' id='word_1_74' title='bbox 613 1469 760 1549; x_wconf 84' lang='lat' dir='ltr'>quamdiu</span> <span class='ocrx_word' id='word_1_75' title='bbox 784 1468 872 1550; x_wconf 85' lang='lat' dir='ltr'><strong>vixit,</strong></span> <span class='ocrx_word' id='word_1_76' title='bbox 896 1467 1094 1550; x_wconf 82' lang='lat' dir='ltr'><strong>possedisset</strong></span> <span class='ocrx_word' id='word_1_77' title='bbox 1112 1467 1271 1549; x_wconf 88' lang='lat' dir='ltr'><strong>canonice,</strong></span> <span class='ocrx_word' id='word_1_78' title='bbox 1294 1473 1400 1531; x_wconf 91' lang='lat' dir='ltr'><strong>tamen</strong></span> <span class='ocrx_word' id='word_1_79' title='bbox 1412 1467 1609 1532; x_wconf 91' lang='lat' dir='ltr'><strong>Benedictus</strong></span> <span class='ocrx_word' id='word_1_80' title='bbox 1633 1467 1741 1532; x_wconf 89' lang='lat' dir='ltr'><strong>dictus</strong></span> 
     </span>
     <span class='ocr_line' id='line_1_10' title="bbox 234 1569 1741 1653; baseline -0.001 -16"><span class='ocrx_word' id='word_1_81' title='bbox 234 1572 392 1637; x_wconf 90' lang='lat' dir='ltr'><strong>Benesius</strong></span> <span class='ocrx_word' id='word_1_82' title='bbox 416 1570 550 1637; x_wconf 91' lang='lat' dir='ltr'><strong>clericus</strong></span> <span class='ocrx_word' id='word_1_83' title='bbox 574 1572 659 1637; x_wconf 88' lang='lat' dir='ltr'><strong>dicte</strong></span> <span class='ocrx_word' id='word_1_84' title='bbox 683 1572 774 1650; x_wconf 84' lang='lat' dir='ltr'><strong>dioc,</strong></span> <span class='ocrx_word' id='word_1_85' title='bbox 797 1572 871 1637; x_wconf 90' lang='lat' dir='ltr'><strong>dum</strong></span> <span class='ocrx_word' id='word_1_86' title='bbox 895 1572 997 1637; x_wconf 86' lang='lat' dir='ltr'><strong>adhuc</strong></span> <span class='ocrx_word' id='word_1_87' title='bbox 1020 1572 1105 1637; x_wconf 92' lang='lat' dir='ltr'><strong>idem</strong></span> <span class='ocrx_word' id='word_1_88' title='bbox 1127 1571 1285 1637; x_wconf 89' lang='lat' dir='ltr'><strong>Henricus</strong></span> <span class='ocrx_word' id='word_1_89' title='bbox 1302 1576 1413 1653; x_wconf 83' lang='lat' dir='ltr'><strong>ageret</strong></span> <span class='ocrx_word' id='word_1_90' title='bbox 1427 1571 1460 1634; x_wconf 94' lang='lat' dir='ltr'><strong>in</strong></span> <span class='ocrx_word' id='word_1_91' title='bbox 1476 1570 1631 1648; x_wconf 86' lang='lat' dir='ltr'><strong>humanis,</strong></span> <span class='ocrx_word' id='word_1_92' title='bbox 1657 1569 1741 1636; x_wconf 78' lang='lat' dir='ltr'><strong>salso</strong></span> 
     </span>
    </p>
   </div>
   <div class='ocr_carea' id='block_1_5' title="bbox 128 1674 1842 1864">
    <p class='ocr_par' dir='ltr' id='par_1_5' title="bbox 128 1674 1842 1864">
     <span class='ocr_line' id='line_1_11' title="bbox 128 1674 1740 1754; baseline -0.001 -13"><span class='ocrx_word' id='word_1_93' title='bbox 128 1703 130 1706; x_wconf 95' lang='lat'>·</span> <span class='ocrx_word' id='word_1_94' title='bbox 235 1693 382 1742; x_wconf 88' lang='lat' dir='ltr'><strong>asserens</strong></span> <span class='ocrx_word' id='word_1_95' title='bbox 402 1693 437 1740; x_wconf 91' lang='lat' dir='ltr'><strong>se</strong></span> <span class='ocrx_word' id='word_1_96' title='bbox 460 1675 493 1739; x_wconf 93' lang='lat' dir='ltr'><strong>in</strong></span> <span class='ocrx_word' id='word_1_97' title='bbox 517 1675 602 1741; x_wconf 88' lang='lat' dir='ltr'><strong>dictu</strong></span> <span class='ocrx_word' id='word_1_98' title='bbox 624 1676 761 1741; x_wconf 89' lang='lat' dir='ltr'><strong>ecclesia</strong></span> <span class='ocrx_word' id='word_1_99' title='bbox 783 1694 841 1741; x_wconf 91' lang='lat' dir='ltr'><strong>seu</strong></span> <span class='ocrx_word' id='word_1_100' title='bbox 864 1677 904 1741; x_wconf 89' lang='lat' dir='ltr'><strong>ad</strong></span> <span class='ocrx_word' id='word_1_101' title='bbox 926 1676 1014 1740; x_wconf 90' lang='lat' dir='ltr'><strong>illam</strong></span> <span class='ocrx_word' id='word_1_102' title='bbox 1037 1677 1087 1740; x_wconf 92' lang='lat' dir='ltr'><strong>ius</strong></span> <span class='ocrx_word' id='word_1_103' title='bbox 1110 1675 1228 1740; x_wconf 88' lang='lat' dir='ltr'><strong>habere</strong></span> <span class='ocrx_word' id='word_1_104' title='bbox 1252 1681 1362 1741; x_wconf 91' lang='lat' dir='ltr'><strong>contra</strong></span> <span class='ocrx_word' id='word_1_105' title='bbox 1391 1675 1527 1740; x_wconf 89' lang='lat' dir='ltr'><strong>eundem</strong></span> <span class='ocrx_word' id='word_1_106' title='bbox 1550 1674 1740 1754; x_wconf 75' lang='lat' dir='ltr'><strong>Hammeum,</strong></span> 
     </span>
     <span class='ocr_line' id='line_1_12' title="bbox 234 1769 1842 1864; baseline -0.002 -17"><span class='ocrx_word' id='word_1_107' title='bbox 234 1798 330 1863; x_wconf 90' lang='lat' dir='ltr'><strong>super</strong></span> <span class='ocrx_word' id='word_1_108' title='bbox 353 1780 439 1845; x_wconf 89' lang='lat' dir='ltr'><strong>dicta</strong></span> <span class='ocrx_word' id='word_1_109' title='bbox 461 1780 598 1845; x_wconf 89' lang='lat' dir='ltr'><strong>ecclesia</strong></span> <span class='ocrx_word' id='word_1_110' title='bbox 621 1781 705 1863; x_wconf 89' lang='lat' dir='ltr'><strong>apud</strong></span> <span class='ocrx_word' id='word_1_111' title='bbox 728 1781 837 1846; x_wconf 90' lang='lat' dir='ltr'><strong>sedem</strong></span> <span class='ocrx_word' id='word_1_112' title='bbox 859 1780 1066 1863; x_wconf 87' lang='lat' dir='ltr'><strong>apostolicam</strong></span> <span class='ocrx_word' id='word_1_113' title='bbox 1084 1781 1175 1846; x_wconf 90' lang='lat' dir='ltr'><strong>litem</strong></span> <span class='ocrx_word' id='word_1_114' title='bbox 1198 1780 1306 1864; x_wconf 89' lang='lat' dir='ltr'><strong>movit,</strong></span> <span class='ocrx_word' id='word_1_115' title='bbox 1330 1787 1364 1845; x_wconf 95' lang='lat' dir='ltr'><strong>et</strong></span> <span class='ocrx_word' id='word_1_116' title='bbox 1379 1779 1522 1862; x_wconf 90' lang='lat' dir='ltr'><strong>quamvis</strong></span> <span class='ocrx_word' id='word_1_117' title='bbox 1545 1796 1641 1843; x_wconf 88' lang='lat' dir='ltr'><strong>causa</strong></span> <span class='ocrx_word' id='word_1_118' title='bbox 1664 1778 1738 1862; x_wconf 88' lang='lat' dir='ltr'><strong>ipsa</strong></span> <span class='ocrx_word' id='word_1_119' title='bbox 1838 1769 1842 1776; x_wconf 77' lang='grc'><strong>’</strong></span> 
     </span>
    </p>
   </div>
   <div class='ocr_carea' id='block_1_6' title="bbox 230 1880 1742 5418">
    <p class='ocr_par' dir='ltr' id='par_1_6' title="bbox 230 1880 1742 5105">
     <span class='ocr_line' id='line_1_13' title="bbox 233 1880 1738 1969; baseline 0 -19"><span class='ocrx_word' id='word_1_120' title='bbox 233 1904 296 1951; x_wconf 92' lang='lat' dir='ltr'><strong>non</strong></span> <span class='ocrx_word' id='word_1_121' title='bbox 319 1890 407 1950; x_wconf 90' lang='lat' dir='ltr'><strong>esset</strong></span> <span class='ocrx_word' id='word_1_122' title='bbox 428 1884 469 1950; x_wconf 92' lang='lat' dir='ltr'><strong>ad</strong></span> <span class='ocrx_word' id='word_1_123' title='bbox 492 1885 601 1949; x_wconf 88' lang='lat' dir='ltr'><strong>sedem</strong></span> <span class='ocrx_word' id='word_1_124' title='bbox 625 1884 830 1965; x_wconf 88' lang='lat' dir='ltr'><strong>apostolicam</strong></span> <span class='ocrx_word' id='word_1_125' title='bbox 860 1885 1002 1967; x_wconf 85' lang='lat' dir='ltr'><strong>legitime</strong></span> <span class='ocrx_word' id='word_1_126' title='bbox 1026 1885 1186 1969; x_wconf 91' lang='lat' dir='ltr'><strong>devoluta,</strong></span> <span class='ocrx_word' id='word_1_127' title='bbox 1222 1903 1316 1949; x_wconf 91' lang='lat' dir='ltr'><strong>unam</strong></span> <span class='ocrx_word' id='word_1_128' title='bbox 1342 1890 1449 1949; x_wconf 90' lang='lat' dir='ltr'><strong>tamen</strong></span> <span class='ocrx_word' id='word_1_129' title='bbox 1472 1904 1529 1967; x_wconf 92' lang='lat' dir='ltr'><strong>pro</strong></span> <span class='ocrx_word' id='word_1_130' title='bbox 1553 1900 1588 1948; x_wconf 91' lang='lat' dir='ltr'><strong>se</strong></span> <span class='ocrx_word' id='word_1_131' title='bbox 1613 1880 1738 1950; x_wconf 81' lang='lat' dir='ltr'><strong>diffini·</strong></span> 
     </span>
     <span class='ocr_line' id='line_1_14' title="bbox 234 1987 1742 2073; baseline -0.001 -19"><span class='ocrx_word' id='word_1_132' title='bbox 234 1991 331 2054; x_wconf 87' lang='lat' dir='ltr'><strong>tivam</strong></span> <span class='ocrx_word' id='word_1_133' title='bbox 354 1988 549 2054; x_wconf 76' lang='lat' dir='ltr'><strong>sentenciam</strong></span> <span class='ocrx_word' id='word_1_134' title='bbox 579 1990 612 2054; x_wconf 93' lang='lat' dir='ltr'><strong>in</strong></span> <span class='ocrx_word' id='word_1_135' title='bbox 635 1989 757 2072; x_wconf 91' lang='lat' dir='ltr'><strong>palacio</strong></span> <span class='ocrx_word' id='word_1_136' title='bbox 781 1990 955 2071; x_wconf 90' lang='lat' dir='ltr'><strong>apostolico</strong></span> <span class='ocrx_word' id='word_1_137' title='bbox 986 1989 1170 2073; x_wconf 83' lang='lat' dir='ltr'><strong>reportavit,</strong></span> <span class='ocrx_word' id='word_1_138' title='bbox 1205 2009 1224 2052; x_wconf 91' lang='lat' dir='ltr'><strong>a</strong></span> <span class='ocrx_word' id='word_1_139' title='bbox 1254 2008 1316 2070; x_wconf 94' lang='lat' dir='ltr'><strong>qua</strong></span> <span class='ocrx_word' id='word_1_140' title='bbox 1338 1989 1438 2072; x_wconf 91' lang='lat' dir='ltr'><strong>primo</strong></span> <span class='ocrx_word' id='word_1_141' title='bbox 1463 2008 1519 2071; x_wconf 92' lang='lat' dir='ltr'><strong>pro</strong></span> <span class='ocrx_word' id='word_1_142' title='bbox 1543 1993 1634 2072; x_wconf 88' lang='lat' dir='ltr'><strong>parte</strong></span> <span class='ocrx_word' id='word_1_143' title='bbox 1659 1987 1742 2053; x_wconf 91' lang='lat' dir='ltr'><strong>dicti</strong></span> 
     </span>
     <span class='ocr_line' id='line_1_15' title="bbox 234 2093 1742 2176; baseline 0 -17"><span class='ocrx_word' id='word_1_144' title='bbox 234 2093 364 2160; x_wconf 90' lang='lat' dir='ltr'><strong>Heurici</strong></span> <span class='ocrx_word' id='word_1_145' title='bbox 387 2099 422 2157; x_wconf 88' lang='lat' dir='ltr'><strong>et</strong></span> <span class='ocrx_word' id='word_1_146' title='bbox 444 2095 677 2175; x_wconf 88' lang='lat' dir='ltr'><strong>subsequenter</strong></span> <span class='ocrx_word' id='word_1_147' title='bbox 699 2113 718 2158; x_wconf 88' lang='lat' dir='ltr'><strong>a</strong></span> <span class='ocrx_word' id='word_1_148' title='bbox 740 2093 900 2158; x_wconf 90' lang='lat' dir='ltr'><strong>nonnullis</strong></span> <span class='ocrx_word' id='word_1_149' title='bbox 924 2094 1157 2176; x_wconf 63' lang='lat' dir='ltr'><strong>marturinibus</strong></span> <span class='ocrx_word' id='word_1_150' title='bbox 1191 2094 1223 2157; x_wconf 93' lang='lat' dir='ltr'><strong>in</strong></span> <span class='ocrx_word' id='word_1_151' title='bbox 1255 2094 1340 2158; x_wconf 90' lang='lat' dir='ltr'><strong>dicta</strong></span> <span class='ocrx_word' id='word_1_152' title='bbox 1370 2111 1465 2158; x_wconf 89' lang='lat' dir='ltr'><strong>causa</strong></span> <span class='ocrx_word' id='word_1_153' title='bbox 1488 2093 1549 2158; x_wconf 91' lang='lat' dir='ltr'><strong>sibi</strong></span> <span class='ocrx_word' id='word_1_154' title='bbox 1572 2093 1673 2157; x_wconf 89' lang='lat' dir='ltr'><strong>illatis</strong></span> <span class='ocrx_word' id='word_1_155' title='bbox 1697 2093 1742 2159; x_wconf 89' lang='lat' dir='ltr'><strong>ad</strong></span> 
     </span>
     <span class='ocr_line' id='line_1_16' title="bbox 234 2195 1739 2280; baseline -0.001 -18"><span class='ocrx_word' id='word_1_156' title='bbox 234 2198 367 2263; x_wconf 86' lang='lat' dir='ltr'><strong>eandem</strong></span> <span class='ocrx_word' id='word_1_157' title='bbox 390 2197 498 2262; x_wconf 91' lang='lat' dir='ltr'><strong>sedem</strong></span> <span class='ocrx_word' id='word_1_158' title='bbox 521 2198 631 2263; x_wconf 80' lang='lat' dir='ltr'><strong>extitit</strong></span> <span class='ocrx_word' id='word_1_159' title='bbox 653 2198 857 2280; x_wconf 90' lang='lat' dir='ltr'><strong>appellatum,</strong></span> <span class='ocrx_word' id='word_1_160' title='bbox 880 2203 914 2262; x_wconf 93' lang='lat' dir='ltr'><strong>et</strong></span> <span class='ocrx_word' id='word_1_161' title='bbox 937 2216 1033 2262; x_wconf 87' lang='lat' dir='ltr'><strong>causa</strong></span> <span class='ocrx_word' id='word_1_162' title='bbox 1056 2198 1234 2262; x_wconf 91' lang='lat' dir='ltr'><strong>huiusmodi</strong></span> <span class='ocrx_word' id='word_1_163' title='bbox 1258 2216 1362 2263; x_wconf 89' lang='lat' dir='ltr'><strong>coram</strong></span> <span class='ocrx_word' id='word_1_164' title='bbox 1386 2198 1415 2262; x_wconf 93' lang='lat' dir='ltr'><strong>d.</strong></span> <span class='ocrx_word' id='word_1_165' title='bbox 1432 2195 1452 2261; x_wconf 82' lang='lat' dir='ltr'><strong>f.</strong></span> <span class='ocrx_word' id='word_1_166' title='bbox 1472 2198 1624 2279; x_wconf 80' lang='lat' dir='ltr'><strong>magistro</strong></span> <span class='ocrx_word' id='word_1_167' title='bbox 1640 2197 1739 2262; x_wconf 90' lang='lat' dir='ltr'><strong>Petro</strong></span> 
     </span>
     <span class='ocr_line' id='line_1_17' title="bbox 234 2300 1740 2384; baseline -0.001 -16"><span class='ocrx_word' id='word_1_168' title='bbox 234 2303 273 2368; x_wconf 92' lang='lat' dir='ltr'><strong>de</strong></span> <span class='ocrx_word' id='word_1_169' title='bbox 296 2302 407 2367; x_wconf 88' lang='lat' dir='ltr'><strong>llbauc</strong></span> <span class='ocrx_word' id='word_1_170' title='bbox 431 2302 581 2367; x_wconf 84' lang='lat' dir='ltr'><strong>canonico</strong></span> <span class='ocrx_word' id='word_1_171' title='bbox 605 2301 796 2384; x_wconf 82' lang='lat' dir='ltr'><strong>Agenuensi,</strong></span> <span class='ocrx_word' id='word_1_172' title='bbox 833 2301 996 2384; x_wconf 88' lang='lat' dir='ltr'><strong>capellano</strong></span> <span class='ocrx_word' id='word_1_173' title='bbox 1030 2307 1139 2367; x_wconf 91' lang='lat' dir='ltr'><strong>nostro</strong></span> <span class='ocrx_word' id='word_1_174' title='bbox 1165 2307 1200 2366; x_wconf 89' lang='lat' dir='ltr'><strong>et</strong></span> <span class='ocrx_word' id='word_1_175' title='bbox 1222 2301 1368 2368; x_wconf 88' lang='lat' dir='ltr'><strong>auditore</strong></span> <span class='ocrx_word' id='word_1_176' title='bbox 1392 2319 1556 2367; x_wconf 88' lang='lat' dir='ltr'><strong>causarum</strong></span> <span class='ocrx_word' id='word_1_177' title='bbox 1580 2300 1659 2367; x_wconf 89' lang='lat' dir='ltr'><strong>dicti</strong></span> <span class='ocrx_word' id='word_1_178' title='bbox 1682 2320 1740 2384; x_wconf 88' lang='lat' dir='ltr'><strong>pa·</strong></span> 
     </span>
     <span class='ocr_line' id='line_1_18' title="bbox 233 2404 1742 2489; baseline -0.001 -18"><span class='ocrx_word' id='word_1_179' title='bbox 233 2406 316 2485; x_wconf 84' lang='lat' dir='ltr'><strong>lucii,</strong></span> <span class='ocrx_word' id='word_1_180' title='bbox 340 2425 379 2472; x_wconf 84' lang='lat' dir='ltr'><strong>en</strong></span> <span class='ocrx_word' id='word_1_181' title='bbox 402 2406 621 2472; x_wconf 84' lang='lat' dir='ltr'><strong>commissione</strong></span> <span class='ocrx_word' id='word_1_182' title='bbox 644 2412 754 2471; x_wconf 91' lang='lat' dir='ltr'><strong>nostra</strong></span> <span class='ocrx_word' id='word_1_183' title='bbox 768 2406 939 2489; x_wconf 87' lang='lat' dir='ltr'><strong>pendente,</strong></span> <span class='ocrx_word' id='word_1_184' title='bbox 964 2405 1067 2470; x_wconf 91' lang='lat' dir='ltr'><strong>dictus</strong></span> <span class='ocrx_word' id='word_1_185' title='bbox 1081 2404 1239 2470; x_wconf 90' lang='lat' dir='ltr'><strong>Henricus</strong></span> <span class='ocrx_word' id='word_1_186' title='bbox 1255 2406 1422 2471; x_wconf 87' lang='lat' dir='ltr'><strong>ecclesiam</strong></span> <span class='ocrx_word' id='word_1_187' title='bbox 1441 2406 1542 2489; x_wconf 87' lang='lat' dir='ltr'><strong>ipsam</strong></span> <span class='ocrx_word' id='word_1_188' title='bbox 1558 2405 1742 2488; x_wconf 89' lang='lat' dir='ltr'><strong>possidens,</strong></span> 
     </span>
     <span class='ocr_line' id='line_1_19' title="bbox 233 2507 1742 2593; baseline -0.001 -18"><span class='ocrx_word' id='word_1_189' title='bbox 233 2517 325 2576; x_wconf 87' lang='lat' dir='ltr'><strong>extra</strong></span> <span class='ocrx_word' id='word_1_190' title='bbox 347 2512 519 2577; x_wconf 84' lang='lat' dir='ltr'><strong>Romanam</strong></span> <span class='ocrx_word' id='word_1_191' title='bbox 542 2511 660 2575; x_wconf 92' lang='lat' dir='ltr'><strong>curiam</strong></span> <span class='ocrx_word' id='word_1_192' title='bbox 695 2511 804 2576; x_wconf 82' lang='lat' dir='ltr'><strong>ext‘tit</strong></span> <span class='ocrx_word' id='word_1_193' title='bbox 842 2510 908 2574; x_wconf 86' lang='lat' dir='ltr'><strong>vita</strong></span> <span class='ocrx_word' id='word_1_194' title='bbox 937 2507 1075 2586; x_wconf 83' lang='lat' dir='ltr'><strong>functus,</strong></span> <span class='ocrx_word' id='word_1_195' title='bbox 1113 2509 1279 2591; x_wconf 91' lang='lat' dir='ltr'><strong>dictusque</strong></span> <span class='ocrx_word' id='word_1_196' title='bbox 1309 2509 1502 2576; x_wconf 89' lang='lat' dir='ltr'><strong>Wemherus</strong></span> <span class='ocrx_word' id='word_1_197' title='bbox 1536 2511 1742 2593; x_wconf 93' lang='lat' dir='ltr'><strong>postmodum</strong></span> 
     </span>
     <span class='ocr_line' id='line_1_20' title="bbox 233 2613 1740 2699; baseline 0.001 -20"><span class='ocrx_word' id='word_1_198' title='bbox 233 2616 273 2680; x_wconf 89' lang='lat' dir='ltr'><strong>ad</strong></span> <span class='ocrx_word' id='word_1_199' title='bbox 296 2615 463 2680; x_wconf 88' lang='lat' dir='ltr'><strong>ecclesiam</strong></span> <span class='ocrx_word' id='word_1_200' title='bbox 479 2616 587 2697; x_wconf 87' lang='lat' dir='ltr'><strong>ipsam</strong></span> <span class='ocrx_word' id='word_1_201' title='bbox 610 2621 770 2697; x_wconf 84' lang='lat' dir='ltr'><strong>tamquam</strong></span> <span class='ocrx_word' id='word_1_202' title='bbox 793 2633 851 2698; x_wconf 93' lang='lat' dir='ltr'><strong>per</strong></span> <span class='ocrx_word' id='word_1_203' title='bbox 873 2614 974 2697; x_wconf 89' lang='lat' dir='ltr'><strong>ipsius</strong></span> <span class='ocrx_word' id='word_1_204' title='bbox 997 2613 1127 2679; x_wconf 92' lang='lat' dir='ltr'><strong>Henrici</strong></span> <span class='ocrx_word' id='word_1_205' title='bbox 1151 2615 1270 2680; x_wconf 93' lang='lat' dir='ltr'><strong>obitum</strong></span> <span class='ocrx_word' id='word_1_206' title='bbox 1293 2621 1459 2680; x_wconf 87' lang='lat' dir='ltr'><strong>vacantem</strong></span> <span class='ocrx_word' id='word_1_207' title='bbox 1482 2634 1502 2680; x_wconf 91' lang='lat' dir='ltr'><strong>a</strong></span> <span class='ocrx_word' id='word_1_208' title='bbox 1523 2614 1610 2680; x_wconf 90' lang='lat' dir='ltr'><strong>veris</strong></span> <span class='ocrx_word' id='word_1_209' title='bbox 1633 2615 1740 2699; x_wconf 88' lang='lat' dir='ltr'><strong>ipsius</strong></span> 
     </span>
     <span class='ocr_line' id='line_1_21' title="bbox 233 2710 1741 2802; baseline 0 -18"><span class='ocrx_word' id='word_1_210' title='bbox 233 2720 368 2785; x_wconf 90' lang='lat' dir='ltr'><strong>ecclesie</strong></span> <span class='ocrx_word' id='word_1_211' title='bbox 391 2719 533 2802; x_wconf 93' lang='lat' dir='ltr'><strong>patronis</strong></span> <span class='ocrx_word' id='word_1_212' title='bbox 555 2725 759 2802; x_wconf 87' lang='lat' dir='ltr'><strong>presentatus</strong></span> <span class='ocrx_word' id='word_1_213' title='bbox 789 2725 823 2785; x_wconf 89' lang='lat' dir='ltr'><strong>et</strong></span> <span class='ocrx_word' id='word_1_214' title='bbox 844 2719 877 2783; x_wconf 93' lang='lat' dir='ltr'><strong>in</strong></span> <span class='ocrx_word' id='word_1_215' title='bbox 900 2736 939 2784; x_wconf 91' lang='lat' dir='ltr'><strong>ea</strong></span> <span class='ocrx_word' id='word_1_216' title='bbox 962 2718 1152 2784; x_wconf 90' lang='lat' dir='ltr'><strong>auctoritate</strong></span> <span class='ocrx_word' id='word_1_217' title='bbox 1176 2710 1337 2784; x_wconf 85' lang='lat' dir='ltr'><strong>ordinaria</strong></span> <span class='ocrx_word' id='word_1_218' title='bbox 1352 2719 1519 2785; x_wconf 91' lang='lat' dir='ltr'><strong>institutus</strong></span> <span class='ocrx_word' id='word_1_219' title='bbox 1535 2725 1569 2786; x_wconf 88' lang='lat' dir='ltr'><strong>et</strong></span> <span class='ocrx_word' id='word_1_220' title='bbox 1585 2719 1618 2783; x_wconf 93' lang='lat' dir='ltr'><strong>in</strong></span> <span class='ocrx_word' id='word_1_221' title='bbox 1634 2719 1741 2802; x_wconf 89' lang='lat' dir='ltr'><strong>ipsius</strong></span> 
     </span>
     <span class='ocr_line' id='line_1_22' title="bbox 233 2823 1737 2906; baseline -0.002 -16"><span class='ocrx_word' id='word_1_222' title='bbox 233 2828 465 2906; x_wconf 88' lang='lat' dir='ltr'><strong>possessiouem</strong></span> <span class='ocrx_word' id='word_1_223' title='bbox 495 2824 644 2890; x_wconf 90' lang='lat' dir='ltr'><strong>inductus</strong></span> <span class='ocrx_word' id='word_1_224' title='bbox 674 2823 824 2890; x_wconf 90' lang='lat' dir='ltr'><strong>canonice</strong></span> <span class='ocrx_word' id='word_1_225' title='bbox 859 2823 976 2903; x_wconf 85' lang='lat' dir='ltr'><strong>extitit,</strong></span> <span class='ocrx_word' id='word_1_226' title='bbox 1010 2823 1072 2888; x_wconf 93' lang='lat' dir='ltr'><strong>nisi</strong></span> <span class='ocrx_word' id='word_1_227' title='bbox 1102 2824 1246 2905; x_wconf 90' lang='lat' dir='ltr'><strong>predicta</strong></span> <span class='ocrx_word' id='word_1_228' title='bbox 1271 2824 1449 2906; x_wconf 89' lang='lat' dir='ltr'><strong>pendeucia</strong></span> <span class='ocrx_word' id='word_1_229' title='bbox 1478 2823 1546 2889; x_wconf 90' lang='lat' dir='ltr'><strong>litis</strong></span> <span class='ocrx_word' id='word_1_230' title='bbox 1579 2825 1737 2890; x_wconf 88' lang='lat' dir='ltr'><strong>obstaret.</strong></span> 
     </span>
     <span class='ocr_line' id='line_1_23' title="bbox 233 2926 1741 3012; baseline 0.001 -19"><span class='ocrx_word' id='word_1_231' title='bbox 233 2926 299 2994; x_wconf 87' lang='lat' dir='ltr'><strong>Nos</strong></span> <span class='ocrx_word' id='word_1_232' title='bbox 321 2928 429 3010; x_wconf 88' lang='lat' dir='ltr'><strong>itaque</strong></span> <span class='ocrx_word' id='word_1_233' title='bbox 461 2929 675 3012; x_wconf 89' lang='lat' dir='ltr'><strong>attendentes,</strong></span> <span class='ocrx_word' id='word_1_234' title='bbox 709 2929 792 3010; x_wconf 90' lang='lat' dir='ltr'><strong>quod</strong></span> <span class='ocrx_word' id='word_1_235' title='bbox 823 2927 1033 3011; x_wconf 84' lang='lat' dir='ltr'><strong>presentacio‚</strong></span> <span class='ocrx_word' id='word_1_236' title='bbox 1069 2927 1232 2993; x_wconf 87' lang='lat' dir='ltr'><strong>institucio</strong></span> <span class='ocrx_word' id='word_1_237' title='bbox 1263 2934 1297 2993; x_wconf 92' lang='lat' dir='ltr'><strong>et</strong></span> <span class='ocrx_word' id='word_1_238' title='bbox 1319 2928 1463 2993; x_wconf 88' lang='lat' dir='ltr'><strong>induccio</strong></span> <span class='ocrx_word' id='word_1_239' title='bbox 1495 2928 1680 3011; x_wconf 85' lang='lat' dir='ltr'><strong>supradicte</strong></span> <span class='ocrx_word' id='word_1_240' title='bbox 1704 2934 1741 2994; x_wconf 88' lang='lat' dir='ltr'><strong>et</strong></span> 
     </span>
     <span class='ocr_line' id='line_1_24' title="bbox 234 3032 1737 3115; baseline 0 -17"><span class='ocrx_word' id='word_1_241' title='bbox 234 3033 296 3098; x_wconf 90' lang='lat' dir='ltr'><strong>alia</strong></span> <span class='ocrx_word' id='word_1_242' title='bbox 317 3032 393 3098; x_wconf 89' lang='lat' dir='ltr'><strong>inde</strong></span> <span class='ocrx_word' id='word_1_243' title='bbox 422 3038 533 3098; x_wconf 89' lang='lat' dir='ltr'><strong>secuta</strong></span> <span class='ocrx_word' id='word_1_244' title='bbox 554 3034 701 3099; x_wconf 90' lang='lat' dir='ltr'><strong>obstante</strong></span> <span class='ocrx_word' id='word_1_245' title='bbox 723 3033 792 3098; x_wconf 89' lang='lat' dir='ltr'><strong>litis</strong></span> <span class='ocrx_word' id='word_1_246' title='bbox 815 3033 993 3115; x_wconf 90' lang='lat' dir='ltr'><strong>pendeucia</strong></span> <span class='ocrx_word' id='word_1_247' title='bbox 1022 3032 1205 3114; x_wconf 90' lang='lat' dir='ltr'><strong>supradicta</strong></span> <span class='ocrx_word' id='word_1_248' title='bbox 1245 3033 1285 3096; x_wconf 90' lang='lat' dir='ltr'><strong>de</strong></span> <span class='ocrx_word' id='word_1_249' title='bbox 1309 3032 1378 3098; x_wconf 92' lang='lat' dir='ltr'><strong>iure</strong></span> <span class='ocrx_word' id='word_1_250' title='bbox 1401 3032 1521 3098; x_wconf 88' lang='lat' dir='ltr'><strong>viribus</strong></span> <span class='ocrx_word' id='word_1_251' title='bbox 1544 3051 1607 3098; x_wconf 89' lang='lat' dir='ltr'><strong>uon</strong></span> <span class='ocrx_word' id='word_1_252' title='bbox 1631 3033 1737 3098; x_wconf 92' lang='lat' dir='ltr'><strong>subsi-</strong></span> 
     </span>
     <span class='ocr_line' id='line_1_25' title="bbox 234 3136 1741 3220; baseline 0.001 -18"><span class='ocrx_word' id='word_1_253' title='bbox 234 3142 329 3218; x_wconf 83' lang='lat' dir='ltr'><strong>stant,</strong></span> <span class='ocrx_word' id='word_1_254' title='bbox 359 3143 456 3202; x_wconf 94' lang='lat' dir='ltr'><strong>etue</strong></span> <span class='ocrx_word' id='word_1_255' title='bbox 480 3137 520 3202; x_wconf 93' lang='lat' dir='ltr'><strong>ad</strong></span> <span class='ocrx_word' id='word_1_256' title='bbox 543 3137 710 3203; x_wconf 89' lang='lat' dir='ltr'><strong>ecclesiam</strong></span> <span class='ocrx_word' id='word_1_257' title='bbox 739 3138 841 3220; x_wconf 88' lang='lat' dir='ltr'><strong>ipsam</strong></span> <span class='ocrx_word' id='word_1_258' title='bbox 874 3136 1116 3201; x_wconf 84' lang='lat' dir='ltr'><strong>sine&#39;canonico</strong></span> <span class='ocrx_word' id='word_1_259' title='bbox 1140 3137 1235 3203; x_wconf 93' lang='lat' dir='ltr'><strong>titulo</strong></span> <span class='ocrx_word' id='word_1_260' title='bbox 1258 3137 1403 3218; x_wconf 83' lang='lat' dir='ltr'><strong>cuiquam</strong></span> <span class='ocrx_word' id='word_1_261' title='bbox 1437 3136 1600 3220; x_wconf 85' lang='lat' dir='ltr'><strong>ingressus</strong></span> <span class='ocrx_word' id='word_1_262' title='bbox 1623 3143 1741 3220; x_wconf 87' lang='lat' dir='ltr'><strong>pateat</strong></span> 
     </span>
     <span class='ocr_line' id='line_1_26' title="bbox 234 3241 1740 3327; baseline 0.003 -21"><span class='ocrx_word' id='word_1_263' title='bbox 234 3241 379 3325; x_wconf 77' lang='lat' dir='ltr'><strong>niciosus,</strong></span> <span class='ocrx_word' id='word_1_264' title='bbox 402 3259 498 3326; x_wconf 91' lang='lat' dir='ltr'><strong>super</strong></span> <span class='ocrx_word' id='word_1_265' title='bbox 519 3243 580 3310; x_wconf 92' lang='lat' dir='ltr'><strong>huc</strong></span> <span class='ocrx_word' id='word_1_266' title='bbox 601 3243 768 3326; x_wconf 90' lang='lat' dir='ltr'><strong>providere</strong></span> <span class='ocrx_word' id='word_1_267' title='bbox 792 3242 854 3327; x_wconf 75' lang='lat' dir='ltr'><strong>alc]</strong></span> <span class='ocrx_word' id='word_1_268' title='bbox 868 3249 910 3324; x_wconf 92' lang='lat' dir='ltr'><strong>te,</strong></span> <span class='ocrx_word' id='word_1_269' title='bbox 934 3243 996 3325; x_wconf 89' lang='lat' dir='ltr'><strong>qui,</strong></span> <span class='ocrx_word' id='word_1_270' title='bbox 1031 3242 1114 3307; x_wconf 92' lang='lat' dir='ltr'><strong>sicut</strong></span> <span class='ocrx_word' id='word_1_271' title='bbox 1137 3243 1262 3325; x_wconf 87' lang='lat' dir='ltr'><strong>asseris,</strong></span> <span class='ocrx_word' id='word_1_272' title='bbox 1281 3294 1288 3309; x_wconf 91' lang='lat'><strong><em>.</em></strong></span> <span class='ocrx_word' id='word_1_273' title='bbox 1308 3294 1315 3308; x_wconf 88' lang='lat'><strong>.</strong></span> <span class='ocrx_word' id='word_1_274' title='bbox 1336 3293 1369 3309; x_wconf 89' lang='lat'><strong>..</strong></span> <span class='ocrx_word' id='word_1_275' title='bbox 1395 3243 1499 3309; x_wconf 88' lang='lat' dir='ltr'><strong>Caroli</strong></span> <span class='ocrx_word' id='word_1_276' title='bbox 1522 3244 1740 3310; x_wconf 83' lang='lat' dir='ltr'><strong>Romanorum</strong></span> 
     </span>
     <span class='ocr_line' id='line_1_27' title="bbox 236 3347 1739 3432; baseline 0.002 -21"><span class='ocrx_word' id='word_1_277' title='bbox 236 3347 437 3429; x_wconf 89' lang='lat' dir='ltr'><strong>imperatoris</strong></span> <span class='ocrx_word' id='word_1_278' title='bbox 457 3399 463 3414; x_wconf 92' lang='lat'><strong><em>.</em></strong></span> <span class='ocrx_word' id='word_1_279' title='bbox 484 3403 490 3417; x_wconf 92' lang='lat'><strong>.</strong></span> <span class='ocrx_word' id='word_1_280' title='bbox 510 3400 517 3416; x_wconf 91' lang='lat'><strong>.</strong></span> <span class='ocrx_word' id='word_1_281' title='bbox 538 3402 544 3414; x_wconf 94' lang='lat'><strong>.</strong></span> <span class='ocrx_word' id='word_1_282' title='bbox 568 3349 713 3431; x_wconf 83' lang='lat' dir='ltr'><strong>inrcgno</strong></span> <span class='ocrx_word' id='word_1_283' title='bbox 736 3366 793 3413; x_wconf 92' lang='lat' dir='ltr'><strong>suo</strong></span> <span class='ocrx_word' id='word_1_284' title='bbox 807 3348 936 3414; x_wconf 89' lang='lat' dir='ltr'><strong>Boemie</strong></span> <span class='ocrx_word' id='word_1_285' title='bbox 958 3354 1143 3430; x_wconf 85' lang='lat' dir='ltr'><strong>procurator</strong></span> <span class='ocrx_word' id='word_1_286' title='bbox 1166 3348 1279 3413; x_wconf 83' lang='lat' dir='ltr'><strong>existis</strong></span> <span class='ocrx_word' id='word_1_287' title='bbox 1281 3397 1398 3427; x_wconf 91' lang='grc'><strong>.....</strong></span> <span class='ocrx_word' id='word_1_288' title='bbox 1419 3348 1562 3431; x_wconf 84' lang='lat' dir='ltr'><strong>gracioso</strong></span> <span class='ocrx_word' id='word_1_289' title='bbox 1584 3349 1739 3432; x_wconf 83' lang='lat' dir='ltr'><strong>prosequi</strong></span> 
     </span>
     <span class='ocr_line' id='line_1_28' title="bbox 233 3449 1738 3537; baseline 0.003 -23"><span class='ocrx_word' id='word_1_290' title='bbox 233 3449 340 3517; x_wconf 89' lang='lat' dir='ltr'><strong>favore</strong></span> <span class='ocrx_word' id='word_1_291' title='bbox 363 3451 517 3536; x_wconf 88' lang='lat' dir='ltr'><strong>volentes,</strong></span> <span class='ocrx_word' id='word_1_292' title='bbox 542 3457 574 3517; x_wconf 89' lang='lat' dir='ltr'><strong>te</strong></span> <span class='ocrx_word' id='word_1_293' title='bbox 598 3454 629 3517; x_wconf 92' lang='lat' dir='ltr'><strong>in</strong></span> <span class='ocrx_word' id='word_1_294' title='bbox 653 3453 737 3518; x_wconf 93' lang='lat' dir='ltr'><strong>omui</strong></span> <span class='ocrx_word' id='word_1_295' title='bbox 761 3456 827 3518; x_wconf 89' lang='lat' dir='ltr'><strong>iure</strong></span> <span class='ocrx_word' id='word_1_296' title='bbox 851 3453 947 3517; x_wconf 89' lang='lat' dir='ltr'><strong>etad</strong></span> <span class='ocrx_word' id='word_1_297' title='bbox 970 3471 1061 3518; x_wconf 92' lang='lat' dir='ltr'><strong>omne</strong></span> <span class='ocrx_word' id='word_1_298' title='bbox 1086 3453 1145 3536; x_wconf 76' lang='lat' dir='ltr'><strong>iuS,</strong></span> <span class='ocrx_word' id='word_1_299' title='bbox 1168 3453 1251 3535; x_wconf 91' lang='lat' dir='ltr'><strong>quod</strong></span> <span class='ocrx_word' id='word_1_300' title='bbox 1267 3453 1351 3519; x_wconf 91' lang='lat' dir='ltr'><strong>dictu</strong></span> <span class='ocrx_word' id='word_1_301' title='bbox 1367 3452 1506 3519; x_wconf 87' lang='lat' dir='ltr'><strong>Henrico</strong></span> <span class='ocrx_word' id='word_1_302' title='bbox 1522 3453 1556 3518; x_wconf 93' lang='lat' dir='ltr'><strong>in</strong></span> <span class='ocrx_word' id='word_1_303' title='bbox 1580 3459 1614 3519; x_wconf 89' lang='lat' dir='ltr'><strong>et</strong></span> <span class='ocrx_word' id='word_1_304' title='bbox 1637 3473 1738 3537; x_wconf 88' lang='lat' dir='ltr'><strong>super</strong></span> 
     </span>
     <span class='ocr_line' id='line_1_29' title="bbox 233 3555 1734 3643; baseline 0.004 -23"><span class='ocrx_word' id='word_1_305' title='bbox 233 3555 318 3621; x_wconf 89' lang='lat' dir='ltr'><strong>dicta</strong></span> <span class='ocrx_word' id='word_1_306' title='bbox 329 3555 476 3640; x_wconf 88' lang='lat' dir='ltr'><strong>ecclesia,</strong></span> <span class='ocrx_word' id='word_1_307' title='bbox 492 3558 565 3622; x_wconf 91' lang='lat' dir='ltr'><strong>dum</strong></span> <span class='ocrx_word' id='word_1_308' title='bbox 577 3557 709 3639; x_wconf 86' lang='lat' dir='ltr'><strong>viveret,</strong></span> <span class='ocrx_word' id='word_1_309' title='bbox 732 3557 967 3638; x_wconf 88' lang='lat' dir='ltr'><strong>quomodolibet</strong></span> <span class='ocrx_word' id='word_1_310' title='bbox 982 3561 1191 3640; x_wconf 89' lang='lat' dir='ltr'><strong>competebat,</strong></span> <span class='ocrx_word' id='word_1_311' title='bbox 1207 3558 1397 3623; x_wconf 87' lang='lat' dir='ltr'><strong>auctoritate</strong></span> <span class='ocrx_word' id='word_1_312' title='bbox 1414 3558 1589 3641; x_wconf 86' lang='lat' dir='ltr'><strong>apostolica</strong></span> <span class='ocrx_word' id='word_1_313' title='bbox 1604 3558 1646 3626; x_wconf 90' lang='lat' dir='ltr'><strong>de</strong></span> <span class='ocrx_word' id='word_1_314' title='bbox 1660 3577 1734 3643; x_wconf 88' lang='lat' dir='ltr'><strong>spe·</strong></span> 
     </span>
     <span class='ocr_line' id='line_1_30' title="bbox 234 3658 1733 3745; baseline 0.004 -21"><span class='ocrx_word' id='word_1_315' title='bbox 234 3658 307 3725; x_wconf 88' lang='lat' dir='ltr'><strong>ciali</strong></span> <span class='ocrx_word' id='word_1_316' title='bbox 323 3661 430 3743; x_wconf 81' lang='lat' dir='ltr'><strong>gracia</strong></span> <span class='ocrx_word' id='word_1_317' title='bbox 453 3679 654 3743; x_wconf 83' lang='lat' dir='ltr'><strong>surrogamus</strong></span> <span class='ocrx_word' id='word_1_318' title='bbox 670 3661 851 3743; x_wconf 89' lang='lat' dir='ltr'><strong>dictumque</strong></span> <span class='ocrx_word' id='word_1_319' title='bbox 867 3661 917 3726; x_wconf 93' lang='lat' dir='ltr'><strong>ius</strong></span> <span class='ocrx_word' id='word_1_320' title='bbox 933 3661 991 3727; x_wconf 90' lang='lat' dir='ltr'><strong>tibi</strong></span> <span class='ocrx_word' id='word_1_321' title='bbox 1009 3661 1199 3728; x_wconf 83' lang='lat' dir='ltr'><strong>conferimus</strong></span> <span class='ocrx_word' id='word_1_322' title='bbox 1215 3662 1303 3727; x_wconf 88' lang='lat' dir='ltr'><strong>etde</strong></span> <span class='ocrx_word' id='word_1_323' title='bbox 1320 3662 1375 3728; x_wconf 94' lang='lat' dir='ltr'><strong>illo</strong></span> <span class='ocrx_word' id='word_1_324' title='bbox 1391 3662 1491 3728; x_wconf 86' lang='lat' dir='ltr'><strong>eciam</strong></span> <span class='ocrx_word' id='word_1_325' title='bbox 1513 3663 1733 3745; x_wconf 90' lang='lat' dir='ltr'><strong>providemus,</strong></span> 
     </span>
     <span class='ocr_line' id='line_1_31' title="bbox 232 3764 1735 3849; baseline 0.003 -20"><span class='ocrx_word' id='word_1_326' title='bbox 232 3764 451 3849; x_wconf 89' lang='lat' dir='ltr'><strong>decemeutes,</strong></span> <span class='ocrx_word' id='word_1_327' title='bbox 486 3771 519 3830; x_wconf 89' lang='lat' dir='ltr'><strong>te</strong></span> <span class='ocrx_word' id='word_1_328' title='bbox 551 3767 590 3830; x_wconf 89' lang='lat' dir='ltr'><strong>ad</strong></span> <span class='ocrx_word' id='word_1_329' title='bbox 620 3784 712 3831; x_wconf 91' lang='lat' dir='ltr'><strong>omne</strong></span> <span class='ocrx_word' id='word_1_330' title='bbox 742 3766 792 3831; x_wconf 91' lang='lat' dir='ltr'><strong>ius</strong></span> <span class='ocrx_word' id='word_1_331' title='bbox 822 3765 999 3848; x_wconf 89' lang='lat' dir='ltr'><strong>predictum</strong></span> <span class='ocrx_word' id='word_1_332' title='bbox 1021 3785 1081 3831; x_wconf 92' lang='lat' dir='ltr'><strong>uec</strong></span> <span class='ocrx_word' id='word_1_333' title='bbox 1103 3786 1165 3833; x_wconf 93' lang='lat' dir='ltr'><strong>non</strong></span> <span class='ocrx_word' id='word_1_334' title='bbox 1196 3767 1236 3830; x_wconf 87' lang='lat' dir='ltr'><strong>ad</strong></span> <span class='ocrx_word' id='word_1_335' title='bbox 1259 3784 1354 3832; x_wconf 89' lang='lat' dir='ltr'><strong>cause</strong></span> <span class='ocrx_word' id='word_1_336' title='bbox 1378 3784 1434 3833; x_wconf 91' lang='lat' dir='ltr'><strong>seu</strong></span> <span class='ocrx_word' id='word_1_337' title='bbox 1458 3766 1526 3832; x_wconf 88' lang='lat' dir='ltr'><strong>litis</strong></span> <span class='ocrx_word' id='word_1_338' title='bbox 1548 3766 1735 3834; x_wconf 88' lang='lat' dir='ltr'><strong>huiusmodi</strong></span> 
     </span>
     <span class='ocr_line' id='line_1_32' title="bbox 232 3858 1737 3956; baseline 0.003 -23"><span class='ocrx_word' id='word_1_339' title='bbox 232 3869 490 3950; x_wconf 86' lang='lat' dir='ltr'><strong>prosecucionem</strong></span> <span class='ocrx_word' id='word_1_340' title='bbox 513 3875 547 3935; x_wconf 90' lang='lat' dir='ltr'><strong>et</strong></span> <span class='ocrx_word' id='word_1_341' title='bbox 570 3869 786 3937; x_wconf 88' lang='lat' dir='ltr'><strong>defensionem</strong></span> <span class='ocrx_word' id='word_1_342' title='bbox 817 3870 849 3935; x_wconf 93' lang='lat' dir='ltr'><strong>in</strong></span> <span class='ocrx_word' id='word_1_343' title='bbox 879 3889 918 3936; x_wconf 93' lang='lat' dir='ltr'><strong>eo</strong></span> <span class='ocrx_word' id='word_1_344' title='bbox 941 3858 1038 3954; x_wconf 85' lang='lat' dir='ltr'><strong>statu,</strong></span> <span class='ocrx_word' id='word_1_345' title='bbox 1072 3872 1104 3935; x_wconf 92' lang='lat' dir='ltr'><strong>in</strong></span> <span class='ocrx_word' id='word_1_346' title='bbox 1135 3891 1196 3952; x_wconf 90' lang='lat' dir='ltr'><strong>quo</strong></span> <span class='ocrx_word' id='word_1_347' title='bbox 1220 3889 1347 3936; x_wconf 88' lang='lat' dir='ltr'><strong>causum</strong></span> <span class='ocrx_word' id='word_1_348' title='bbox 1369 3873 1470 3954; x_wconf 90' lang='lat' dir='ltr'><strong>ipsam</strong></span> <span class='ocrx_word' id='word_1_349' title='bbox 1492 3872 1667 3956; x_wconf 86' lang='lat' dir='ltr'><strong>inveneris,</strong></span> <span class='ocrx_word' id='word_1_350' title='bbox 1701 3880 1737 3946; x_wconf 86' lang='lat' dir='ltr'><strong>et</strong></span> 
     </span>
     <span class='ocr_line' id='line_1_33' title="bbox 232 3966 1737 4060; baseline 0.005 -24"><span class='ocrx_word' id='word_1_351' title='bbox 232 3973 265 4037; x_wconf 89' lang='lat' dir='ltr'><strong>in</strong></span> <span class='ocrx_word' id='word_1_352' title='bbox 289 3974 465 4054; x_wconf 88' lang='lat' dir='ltr'><strong>quodictus</strong></span> <span class='ocrx_word' id='word_1_353' title='bbox 488 3974 656 4052; x_wconf 87' lang='lat' dir='ltr'><strong>Henricus‚</strong></span> <span class='ocrx_word' id='word_1_354' title='bbox 674 3977 701 4039; x_wconf 90' lang='lat' dir='ltr'><strong>si</strong></span> <span class='ocrx_word' id='word_1_355' title='bbox 720 3975 851 4057; x_wconf 89' lang='lat' dir='ltr'><strong>viveret,</strong></span> <span class='ocrx_word' id='word_1_356' title='bbox 873 3981 983 4057; x_wconf 91' lang='lat' dir='ltr'><strong>posset</strong></span> <span class='ocrx_word' id='word_1_357' title='bbox 1005 3981 1039 4040; x_wconf 93' lang='lat' dir='ltr'><strong>et</strong></span> <span class='ocrx_word' id='word_1_358' title='bbox 1061 3977 1194 4042; x_wconf 88' lang='lat' dir='ltr'><strong>deberet</strong></span> <span class='ocrx_word' id='word_1_359' title='bbox 1216 3975 1351 4060; x_wconf 88' lang='lat' dir='ltr'><strong>admitti,</strong></span> <span class='ocrx_word' id='word_1_360' title='bbox 1375 3995 1513 4043; x_wconf 91' lang='lat' dir='ltr'><strong>necnon</strong></span> <span class='ocrx_word' id='word_1_361' title='bbox 1538 3978 1579 4042; x_wconf 90' lang='lat' dir='ltr'><strong>ad</strong></span> <span class='ocrx_word' id='word_1_362' title='bbox 1606 3966 1737 4060; x_wconf 84' lang='lat' dir='ltr'><strong>posses·</strong></span> 
     </span>
     <span class='ocr_line' id='line_1_34' title="bbox 233 4077 1735 4164; baseline 0.003 -23"><span class='ocrx_word' id='word_1_363' title='bbox 233 4077 362 4161; x_wconf 88' lang='lat' dir='ltr'><strong>sionem,</strong></span> <span class='ocrx_word' id='word_1_364' title='bbox 385 4098 478 4159; x_wconf 89' lang='lat' dir='ltr'><strong>quam</strong></span> <span class='ocrx_word' id='word_1_365' title='bbox 501 4079 605 4144; x_wconf 92' lang='lat' dir='ltr'><strong>dictus</strong></span> <span class='ocrx_word' id='word_1_366' title='bbox 627 4079 786 4145; x_wconf 87' lang='lat' dir='ltr'><strong>Hernicus</strong></span> <span class='ocrx_word' id='word_1_367' title='bbox 807 4078 954 4162; x_wconf 88' lang='lat' dir='ltr'><strong>habebat,</strong></span> <span class='ocrx_word' id='word_1_368' title='bbox 987 4078 1054 4146; x_wconf 89' lang='lat' dir='ltr'><strong>lore</strong></span> <span class='ocrx_word' id='word_1_369' title='bbox 1085 4080 1193 4162; x_wconf 82' lang='lat' dir='ltr'><strong>vigore</strong></span> <span class='ocrx_word' id='word_1_370' title='bbox 1224 4081 1457 4163; x_wconf 87' lang='lat' dir='ltr'><strong>surrogacionis</strong></span> <span class='ocrx_word' id='word_1_371' title='bbox 1480 4087 1516 4147; x_wconf 89' lang='lat' dir='ltr'><strong>et</strong></span> <span class='ocrx_word' id='word_1_372' title='bbox 1537 4080 1735 4164; x_wconf 83' lang='lat' dir='ltr'><strong>provisionis</strong></span> 
     </span>
     <span class='ocr_line' id='line_1_35' title="bbox 232 4180 1739 4270; baseline 0.005 -25"><span class='ocrx_word' id='word_1_373' title='bbox 232 4180 412 4246; x_wconf 92' lang='lat' dir='ltr'><strong>huiusmodi</strong></span> <span class='ocrx_word' id='word_1_374' title='bbox 437 4182 667 4248; x_wconf 91' lang='lat' dir='ltr'><strong>admittendum</strong></span> <span class='ocrx_word' id='word_1_375' title='bbox 691 4202 726 4247; x_wconf 93' lang='lat' dir='ltr'><strong>ac</strong></span> <span class='ocrx_word' id='word_1_376' title='bbox 749 4184 873 4248; x_wconf 91' lang='lat' dir='ltr'><strong>irritum</strong></span> <span class='ocrx_word' id='word_1_377' title='bbox 896 4190 930 4248; x_wconf 90' lang='lat' dir='ltr'><strong>et</strong></span> <span class='ocrx_word' id='word_1_378' title='bbox 952 4183 1054 4265; x_wconf 87' lang='lat' dir='ltr'><strong>inane,</strong></span> <span class='ocrx_word' id='word_1_379' title='bbox 1082 4185 1109 4248; x_wconf 91' lang='lat' dir='ltr'><strong>si</strong></span> <span class='ocrx_word' id='word_1_380' title='bbox 1133 4203 1225 4250; x_wconf 91' lang='lat' dir='ltr'><strong>secus</strong></span> <span class='ocrx_word' id='word_1_381' title='bbox 1248 4205 1344 4268; x_wconf 91' lang='lat' dir='ltr'><strong>super</strong></span> <span class='ocrx_word' id='word_1_382' title='bbox 1366 4186 1428 4251; x_wconf 89' lang='lat' dir='ltr'><strong>hiis</strong></span> <span class='ocrx_word' id='word_1_383' title='bbox 1448 4236 1455 4252; x_wconf 93' lang='lat'><strong><em>.</em></strong></span> <span class='ocrx_word' id='word_1_384' title='bbox 1475 4238 1481 4252; x_wconf 94' lang='lat'>.</span> <span class='ocrx_word' id='word_1_385' title='bbox 1503 4238 1509 4251; x_wconf 95' lang='lat'><strong><em>.</em></strong></span> <span class='ocrx_word' id='word_1_386' title='bbox 1529 4237 1536 4250; x_wconf 91' lang='lat'><strong>.</strong></span> <span class='ocrx_word' id='word_1_387' title='bbox 1560 4187 1739 4270; x_wconf 84' lang='lat' dir='ltr'><strong>contigerit</strong></span> 
     </span>
     <span class='ocr_line' id='line_1_36' title="bbox 233 4286 1738 4372; baseline 0.005 -23"><span class='ocrx_word' id='word_1_388' title='bbox 233 4286 441 4367; x_wconf 87' lang='lat' dir='ltr'><strong>attemptari.</strong></span> <span class='ocrx_word' id='word_1_389' title='bbox 463 4339 468 4350; x_wconf 94' lang='lat'>.</span> <span class='ocrx_word' id='word_1_390' title='bbox 490 4335 496 4349; x_wconf 95' lang='lat'>.</span> <span class='ocrx_word' id='word_1_391' title='bbox 517 4335 534 4367; x_wconf 92' lang='lat'><strong>.‚</strong></span> <span class='ocrx_word' id='word_1_392' title='bbox 569 4305 631 4352; x_wconf 94' lang='lat' dir='ltr'><strong>non</strong></span> <span class='ocrx_word' id='word_1_393' title='bbox 655 4288 906 4352; x_wconf 89' lang='lat' dir='ltr'><strong>obstantibus..</strong></span> <span class='ocrx_word' id='word_1_394' title='bbox 928 4337 970 4371; x_wconf 88' lang='lat'><strong>..,</strong></span> <span class='ocrx_word' id='word_1_395' title='bbox 1005 4288 1097 4369; x_wconf 93' lang='lat' dir='ltr'><strong>quod,</strong></span> <span class='ocrx_word' id='word_1_396' title='bbox 1133 4295 1169 4354; x_wconf 94' lang='lat' dir='ltr'><strong>ut</strong></span> <span class='ocrx_word' id='word_1_397' title='bbox 1191 4289 1318 4372; x_wconf 89' lang='lat' dir='ltr'><strong>asseris,</strong></span> <span class='ocrx_word' id='word_1_398' title='bbox 1352 4291 1385 4355; x_wconf 94' lang='lat' dir='ltr'><strong>iu</strong></span> <span class='ocrx_word' id='word_1_399' title='bbox 1408 4291 1546 4356; x_wconf 91' lang='lat' dir='ltr'><strong>ecclesia</strong></span> <span class='ocrx_word' id='word_1_400' title='bbox 1575 4291 1738 4359; x_wconf 90' lang='lat' dir='ltr'><strong>Misnensi</strong></span> 
     </span>
     <span class='ocr_line' id='line_1_37' title="bbox 233 4375 1736 4478; baseline 0.005 -24"><span class='ocrx_word' id='word_1_401' title='bbox 233 4375 422 4456; x_wconf 83' lang='lat' dir='ltr'><strong>auctoritate</strong></span> <span class='ocrx_word' id='word_1_402' title='bbox 445 4390 608 4456; x_wconf 90' lang='lat' dir='ltr'><strong>literarum</strong></span> <span class='ocrx_word' id='word_1_403' title='bbox 638 4397 817 4457; x_wconf 90' lang='lat' dir='ltr'><strong>nostrarum</strong></span> <span class='ocrx_word' id='word_1_404' title='bbox 841 4391 1058 4458; x_wconf 85' lang='lat' dir='ltr'><strong>canonicatum</strong></span> <span class='ocrx_word' id='word_1_405' title='bbox 1092 4394 1217 4458; x_wconf 89' lang='lat' dir='ltr'><strong>obtines</strong></span> <span class='ocrx_word' id='word_1_406' title='bbox 1240 4414 1276 4459; x_wconf 85' lang='lat' dir='ltr'><strong>ac</strong></span> <span class='ocrx_word' id='word_1_407' title='bbox 1299 4395 1499 4478; x_wconf 85' lang='lat' dir='ltr'><strong>dignitatem,</strong></span> <span class='ocrx_word' id='word_1_408' title='bbox 1523 4401 1736 4478; x_wconf 85' lang='lat' dir='ltr'><strong>personatum</strong></span> 
     </span>
     <span class='ocr_line' id='line_1_38' title="bbox 232 4494 1739 4582; baseline 0.005 -23"><span class='ocrx_word' id='word_1_409' title='bbox 232 4494 283 4559; x_wconf 90' lang='lat' dir='ltr'><strong>vel</strong></span> <span class='ocrx_word' id='word_1_410' title='bbox 292 4494 432 4560; x_wconf 84' lang='lat' dir='ltr'><strong>officium</strong></span> <span class='ocrx_word' id='word_1_411' title='bbox 456 4515 524 4560; x_wconf 93' lang='lat' dir='ltr'><strong>cum</strong></span> <span class='ocrx_word' id='word_1_412' title='bbox 539 4497 758 4561; x_wconf 87' lang='lat' dir='ltr'><strong>curavelsine</strong></span> <span class='ocrx_word' id='word_1_413' title='bbox 771 4503 1016 4580; x_wconf 84' lang='lat' dir='ltr'><strong>curaexpectas,</strong></span> <span class='ocrx_word' id='word_1_414' title='bbox 1039 4503 1073 4562; x_wconf 91' lang='lat' dir='ltr'><strong>et</strong></span> <span class='ocrx_word' id='word_1_415' title='bbox 1095 4499 1135 4562; x_wconf 92' lang='lat' dir='ltr'><strong>de</strong></span> <span class='ocrx_word' id='word_1_416' title='bbox 1157 4500 1320 4581; x_wconf 87' lang='lat' dir='ltr'><strong>prebenda</strong></span> <span class='ocrx_word' id='word_1_417' title='bbox 1342 4499 1442 4582; x_wconf 92' lang='lat' dir='ltr'><strong>ipsius</strong></span> <span class='ocrx_word' id='word_1_418' title='bbox 1458 4499 1594 4564; x_wconf 89' lang='lat' dir='ltr'><strong>ecclesie</strong></span> <span class='ocrx_word' id='word_1_419' title='bbox 1610 4501 1673 4566; x_wconf 92' lang='lat' dir='ltr'><strong>tibi</strong></span> <span class='ocrx_word' id='word_1_420' title='bbox 1685 4509 1739 4567; x_wconf 88' lang='lat' dir='ltr'><strong>est</strong></span> 
     </span>
     <span class='ocr_line' id='line_1_39' title="bbox 233 4600 1737 4687; baseline 0.005 -23"><span class='ocrx_word' id='word_1_421' title='bbox 233 4600 344 4665; x_wconf 87' lang='lat' dir='ltr'><strong>eudem</strong></span> <span class='ocrx_word' id='word_1_422' title='bbox 357 4601 547 4665; x_wconf 88' lang='lat' dir='ltr'><strong>auctoritate</strong></span> <span class='ocrx_word' id='word_1_423' title='bbox 560 4602 728 4684; x_wconf 91' lang='lat' dir='ltr'><strong>provisum,</strong></span> <span class='ocrx_word' id='word_1_424' title='bbox 744 4607 833 4667; x_wconf 89' lang='lat' dir='ltr'><strong>cuius</strong></span> <span class='ocrx_word' id='word_1_425' title='bbox 846 4601 1078 4685; x_wconf 88' lang='lat' dir='ltr'><strong>possessionem</strong></span> <span class='ocrx_word' id='word_1_426' title='bbox 1091 4603 1227 4667; x_wconf 85' lang='lat' dir='ltr'><strong>norrdum</strong></span> <span class='ocrx_word' id='word_1_427' title='bbox 1241 4604 1376 4687; x_wconf 89' lang='lat' dir='ltr'><strong>adeptus</strong></span> <span class='ocrx_word' id='word_1_428' title='bbox 1392 4605 1515 4669; x_wconf 89' lang='lat' dir='ltr'><strong>existis.</strong></span> <span class='ocrx_word' id='word_1_429' title='bbox 1531 4603 1555 4682; x_wconf 90' lang='lat'><strong>¹)</strong></span> <span class='ocrx_word' id='word_1_430' title='bbox 1579 4605 1737 4672; x_wconf 90' lang='lat' dir='ltr'><strong>Volumus</strong></span> 
     </span>
     <span class='ocr_line' id='line_1_40' title="bbox 232 4704 1736 4791; baseline 0.005 -23"><span class='ocrx_word' id='word_1_431' title='bbox 232 4708 347 4788; x_wconf 88' lang='lat' dir='ltr'><strong>autem,</strong></span> <span class='ocrx_word' id='word_1_432' title='bbox 371 4706 461 4788; x_wconf 89' lang='lat' dir='ltr'><strong>quod,</strong></span> <span class='ocrx_word' id='word_1_433' title='bbox 485 4707 713 4788; x_wconf 87' lang='lat' dir='ltr'><strong>quamprimum</strong></span> <span class='ocrx_word' id='word_1_434' title='bbox 734 4758 739 4771; x_wconf 95' lang='lat'>.</span> <span class='ocrx_word' id='word_1_435' title='bbox 760 4757 767 4770; x_wconf 86' lang='lat'><strong>.</strong></span> <span class='ocrx_word' id='word_1_436' title='bbox 787 4758 820 4772; x_wconf 91' lang='lat'><strong>..</strong></span> <span class='ocrx_word' id='word_1_437' title='bbox 853 4704 1006 4790; x_wconf 84' lang='lat' dir='ltr'><strong>prefatam</strong></span> <span class='ocrx_word' id='word_1_438' title='bbox 1036 4706 1266 4788; x_wconf 87' lang='lat' dir='ltr'><strong>parrochialem</strong></span> <span class='ocrx_word' id='word_1_439' title='bbox 1289 4708 1456 4774; x_wconf 89' lang='lat' dir='ltr'><strong>ecclesiam</strong></span> <span class='ocrx_word' id='word_1_440' title='bbox 1479 4706 1609 4791; x_wconf 86' lang='lat' dir='ltr'><strong>pacifice</strong></span> <span class='ocrx_word' id='word_1_441' title='bbox 1633 4709 1736 4775; x_wconf 78' lang='lat' dir='ltr'><strong>fueris</strong></span> 
     </span>
     <span class='ocr_line' id='line_1_41' title="bbox 232 4810 1734 4893; baseline 0.005 -21"><span class='ocrx_word' id='word_1_442' title='bbox 232 4815 405 4891; x_wconf 86' lang='lat' dir='ltr'><strong>assecutus,</strong></span> <span class='ocrx_word' id='word_1_443' title='bbox 429 4810 551 4891; x_wconf 88' lang='lat' dir='ltr'><strong>prefate</strong></span> <span class='ocrx_word' id='word_1_444' title='bbox 574 4811 682 4875; x_wconf 89' lang='lat' dir='ltr'><strong>littere</strong></span> <span class='ocrx_word' id='word_1_445' title='bbox 706 4816 823 4892; x_wconf 80' lang='lat' dir='ltr'><strong>nostre,</strong></span> <span class='ocrx_word' id='word_1_446' title='bbox 846 4828 903 4892; x_wconf 91' lang='lat' dir='ltr'><strong>per</strong></span> <span class='ocrx_word' id='word_1_447' title='bbox 925 4826 1003 4889; x_wconf 90' lang='lat' dir='ltr'><strong>quas</strong></span> <span class='ocrx_word' id='word_1_448' title='bbox 1026 4810 1206 4875; x_wconf 88' lang='lat' dir='ltr'><strong>huiusmodi</strong></span> <span class='ocrx_word' id='word_1_449' title='bbox 1229 4810 1427 4893; x_wconf 81' lang='lat' dir='ltr'><strong>dignitatem,</strong></span> <span class='ocrx_word' id='word_1_450' title='bbox 1451 4817 1659 4892; x_wconf 88' lang='lat' dir='ltr'><strong>personatum</strong></span> <span class='ocrx_word' id='word_1_451' title='bbox 1685 4816 1734 4880; x_wconf 90' lang='lat' dir='ltr'><strong>vel</strong></span> 
     </span>
     <span class='ocr_line' id='line_1_42' title="bbox 231 4911 1736 4999; baseline 0.005 -22"><span class='ocrx_word' id='word_1_452' title='bbox 231 4911 378 4990; x_wconf 82' lang='lat' dir='ltr'><strong>officium,</strong></span> <span class='ocrx_word' id='word_1_453' title='bbox 401 4920 438 4977; x_wconf 92' lang='lat' dir='ltr'><strong>ut</strong></span> <span class='ocrx_word' id='word_1_454' title='bbox 459 4914 628 4996; x_wconf 87' lang='lat' dir='ltr'><strong>prefertur,</strong></span> <span class='ocrx_word' id='word_1_455' title='bbox 652 4922 811 4998; x_wconf 85' lang='lat' dir='ltr'><strong>expectas,</strong></span> <span class='ocrx_word' id='word_1_456' title='bbox 833 4923 867 4979; x_wconf 90' lang='lat' dir='ltr'><strong>et</strong></span> <span class='ocrx_word' id='word_1_457' title='bbox 889 4933 1056 4999; x_wconf 89' lang='lat' dir='ltr'><strong>processus</strong></span> <span class='ocrx_word' id='word_1_458' title='bbox 1073 4934 1130 4998; x_wconf 90' lang='lat' dir='ltr'><strong>per·</strong></span> <span class='ocrx_word' id='word_1_459' title='bbox 1145 4935 1200 4980; x_wconf 89' lang='lat' dir='ltr'><strong>eas</strong></span> <span class='ocrx_word' id='word_1_460' title='bbox 1216 4916 1316 4980; x_wconf 88' lang='lat' dir='ltr'><strong>babiti</strong></span> <span class='ocrx_word' id='word_1_461' title='bbox 1335 4969 1341 4982; x_wconf 91' lang='lat'>.</span> <span class='ocrx_word' id='word_1_462' title='bbox 1362 4965 1369 4979; x_wconf 90' lang='lat'><em>.</em></span> <span class='ocrx_word' id='word_1_463' title='bbox 1389 4966 1422 4980; x_wconf 92' lang='lat'><strong>..</strong></span> <span class='ocrx_word' id='word_1_464' title='bbox 1446 4916 1510 4980; x_wconf 89' lang='lat' dir='ltr'><strong>sint</strong></span> <span class='ocrx_word' id='word_1_465' title='bbox 1528 4969 1535 4983; x_wconf 92' lang='lat'><em>.</em></span> <span class='ocrx_word' id='word_1_466' title='bbox 1555 4966 1561 4979; x_wconf 94' lang='lat'>.</span> <span class='ocrx_word' id='word_1_467' title='bbox 1583 4968 1589 4980; x_wconf 93' lang='lat'>.</span> <span class='ocrx_word' id='word_1_468' title='bbox 1610 4969 1617 4983; x_wconf 88' lang='lat'><strong>.</strong></span> <span class='ocrx_word' id='word_1_469' title='bbox 1642 4938 1736 4984; x_wconf 89' lang='lat' dir='ltr'><strong>cassa</strong></span> 
     </span>
     <span class='ocr_line' id='line_1_43' title="bbox 230 5017 1737 5105; baseline 0.003 -24"><span class='ocrx_word' id='word_1_470' title='bbox 230 5024 264 5082; x_wconf 90' lang='lat' dir='ltr'><strong>et</strong></span> <span class='ocrx_word' id='word_1_471' title='bbox 287 5017 378 5083; x_wconf 87' lang='lat' dir='ltr'><strong>irrita</strong></span> <span class='ocrx_word' id='word_1_472' title='bbox 396 5070 403 5085; x_wconf 92' lang='lat'><strong><em>.</em></strong></span> <span class='ocrx_word' id='word_1_473' title='bbox 423 5068 429 5082; x_wconf 95' lang='lat'><em>.</em></span> <span class='ocrx_word' id='word_1_474' title='bbox 450 5066 457 5081; x_wconf 92' lang='lat'><strong>.</strong></span> <span class='ocrx_word' id='word_1_475' title='bbox 478 5069 483 5082; x_wconf 95' lang='lat'>.</span> <span class='ocrx_word' id='word_1_476' title='bbox 508 5020 546 5084; x_wconf 89' lang='grc' dir='ltr'><strong>Ι),</strong></span> <span class='ocrx_word' id='word_1_477' title='bbox 572 5020 654 5101; x_wconf 86' lang='lat' dir='ltr'><strong>apud</strong></span> <span class='ocrx_word' id='word_1_478' title='bbox 678 5019 908 5084; x_wconf 85' lang='lat' dir='ltr'><strong>Villamnoumn</strong></span> <span class='ocrx_word' id='word_1_479' title='bbox 932 5021 1156 5086; x_wconf 83' lang='lat' dir='ltr'><strong>Auinionensis</strong></span> <span class='ocrx_word' id='word_1_480' title='bbox 1180 5021 1259 5085; x_wconf 92' lang='lat' dir='ltr'><strong>dioc.</strong></span> <span class='ocrx_word' id='word_1_481' title='bbox 1284 5021 1350 5085; x_wconf 84' lang='lat' dir='ltr'><strong>Illi</strong></span> <span class='ocrx_word' id='word_1_482' title='bbox 1371 5021 1414 5085; x_wconf 89' lang='lat' dir='ltr'><strong>id.</strong></span> <span class='ocrx_word' id='word_1_483' title='bbox 1438 5019 1526 5084; x_wconf 86' lang='lat' dir='ltr'><strong>Junii</strong></span> <span class='ocrx_word' id='word_1_484' title='bbox 1542 5040 1569 5085; x_wconf 92' lang='lat' dir='ltr'><strong>a.</strong></span> <span class='ocrx_word' id='word_1_485' title='bbox 1585 5023 1737 5105; x_wconf 91' lang='lat' dir='ltr'><strong>septimo.</strong></span> 
     </span>
    </p>

    <p class='ocr_par' dir='ltr' id='par_1_7' title="bbox 231 5123 1737 5418">
     <span class='ocr_line' id='line_1_44' title="bbox 359 5123 1737 5209; baseline 0.006 -22"><span class='ocrx_word' id='word_1_486' title='bbox 359 5123 396 5187; x_wconf 92' lang='lat' dir='ltr'><strong>ln</strong></span> <span class='ocrx_word' id='word_1_487' title='bbox 427 5143 453 5186; x_wconf 91' lang='lat' dir='ltr'><strong>e.</strong></span> <span class='ocrx_word' id='word_1_488' title='bbox 483 5143 512 5187; x_wconf 94' lang='lat' dir='ltr'><strong>m</strong></span> <span class='ocrx_word' id='word_1_489' title='bbox 516 5176 630 5189; x_wconf 86' lang='grc'><strong>.....</strong></span> <span class='ocrx_word' id='word_1_490' title='bbox 665 5126 827 5207; x_wconf 91' lang='lat' dir='ltr'><strong>preposito</strong></span> <span class='ocrx_word' id='word_1_491' title='bbox 857 5127 1132 5209; x_wconf 78' lang='lat' dir='ltr'><strong>wissegradensis</strong></span> <span class='ocrx_word' id='word_1_492' title='bbox 1162 5143 1260 5208; x_wconf 89' lang='lat' dir='ltr'><strong>prope</strong></span> <span class='ocrx_word' id='word_1_493' title='bbox 1294 5125 1426 5208; x_wconf 84' lang='lat' dir='ltr'><strong>Pragam</strong></span> <span class='ocrx_word' id='word_1_494' title='bbox 1458 5131 1492 5190; x_wconf 91' lang='lat' dir='ltr'><strong>et</strong></span> <span class='ocrx_word' id='word_1_495' title='bbox 1523 5125 1666 5195; x_wconf 88' lang='lat' dir='ltr'><strong>Geraldo</strong></span> <span class='ocrx_word' id='word_1_496' title='bbox 1697 5130 1737 5195; x_wconf 92' lang='lat' dir='ltr'><strong>de</strong></span> 
     </span>
     <span class='ocr_line' id='line_1_45' title="bbox 231 5227 1737 5312; baseline 0.007 -20"><span class='ocrx_word' id='word_1_497' title='bbox 231 5227 463 5294; x_wconf 90' lang='lat' dir='ltr'><strong>Podiofulconis</strong></span> <span class='ocrx_word' id='word_1_498' title='bbox 497 5229 646 5294; x_wconf 90' lang='lat' dir='ltr'><strong>canonico</strong></span> <span class='ocrx_word' id='word_1_499' title='bbox 669 5229 906 5294; x_wconf 88' lang='lat' dir='ltr'><strong>Lemouioensis</strong></span> <span class='ocrx_word' id='word_1_500' title='bbox 940 5229 1146 5295; x_wconf 89' lang='lat' dir='ltr'><strong>ecclesiarum</strong></span> <span class='ocrx_word' id='word_1_501' title='bbox 1179 5249 1215 5295; x_wconf 90' lang='lat' dir='ltr'><strong>ao</strong></span> <span class='ocrx_word' id='word_1_502' title='bbox 1235 5280 1268 5295; x_wconf 92' lang='lat'><strong>..</strong></span> <span class='ocrx_word' id='word_1_503' title='bbox 1303 5228 1431 5296; x_wconf 86' lang='lat' dir='ltr'><strong>officiali</strong></span> <span class='ocrx_word' id='word_1_504' title='bbox 1467 5231 1622 5312; x_wconf 86' lang='lat' dir='ltr'><strong>Pragensi</strong></span> <span class='ocrx_word' id='word_1_505' title='bbox 1642 5286 1650 5303; x_wconf 88' lang='lat'><strong>.</strong></span> <span class='ocrx_word' id='word_1_506' title='bbox 1670 5283 1678 5299; x_wconf 92' lang='lat'><strong>.</strong></span> <span class='ocrx_word' id='word_1_507' title='bbox 1698 5285 1737 5302; x_wconf 92' lang='lat'><strong>..</strong></span> 
     </span>
     <span class='ocr_line' id='line_1_46' title="bbox 233 5333 1735 5418; baseline 0.007 -21"><span class='ocrx_word' id='word_1_508' title='bbox 233 5333 388 5410; x_wconf 81' lang='lat' dir='ltr'><strong>Quocirca</strong></span> <span class='ocrx_word' id='word_1_509' title='bbox 410 5334 602 5415; x_wconf 80' lang='lat' dir='ltr'><strong>rnarndamus,</strong></span> <span class='ocrx_word' id='word_1_510' title='bbox 636 5339 793 5414; x_wconf 92' lang='lat' dir='ltr'><strong>quatenus</strong></span> <span class='ocrx_word' id='word_1_511' title='bbox 815 5353 871 5398; x_wconf 87' lang='lat' dir='ltr'><strong>vos</strong></span> <span class='ocrx_word' id='word_1_512' title='bbox 891 5385 897 5399; x_wconf 93' lang='lat'><strong>.</strong></span> <span class='ocrx_word' id='word_1_513' title='bbox 917 5387 923 5399; x_wconf 92' lang='lat'>.</span> <span class='ocrx_word' id='word_1_514' title='bbox 944 5385 977 5399; x_wconf 87' lang='lat'><strong>..</strong></span> <span class='ocrx_word' id='word_1_515' title='bbox 1012 5336 1147 5400; x_wconf 89' lang='lat' dir='ltr'><strong>eundem</strong></span> <span class='ocrx_word' id='word_1_516' title='bbox 1173 5335 1381 5400; x_wconf 90' lang='lat' dir='ltr'><strong>Wernherom</strong></span> <span class='ocrx_word' id='word_1_517' title='bbox 1418 5334 1468 5399; x_wconf 87' lang='lat' dir='ltr'><strong>vei</strong></span> <span class='ocrx_word' id='word_1_518' title='bbox 1492 5343 1735 5418; x_wconf 74' lang='lat' dir='ltr'><strong>procuratorem</strong></span> 
     </span>
    </p>
   </div>
   <div class='ocr_carea' id='block_1_7' title="bbox 0 0 1976 6054">
    <p class='ocr_par' dir='ltr' id='par_1_8' title="bbox 0 0 1976 6054">
     <span class='ocr_line' id='line_1_47' title="bbox 0 0 1976 6054; baseline 0 0"><span class='ocrx_word' id='word_1_519' title='bbox 0 0 1976 6054; x_wconf 95' lang='lat' dir='ltr'><strong> </strong></span> 
     </span>
    </p>
   </div>
  </div>
 </body>
</html>
