3944 6060
710 471 950 527 trasumenum
973 478 1003 527 ‘t
1028 503 1051 517 -
1074 471 1233 528 Decembris
1251 479 1285 529 28
1682 476 1746 543 407

370 683 448 746 ltem
473 683 645 766 dignemini
671 683 732 748 sibi
756 684 942 766 concedere,
967 684 1051 763 quod
1074 685 1106 748 in
1130 685 1216 749 dicta
1249 685 1379 749 civitate
1404 685 1555 767 Pragensi
1579 687 1680 767 possit
1703 686 1742 750 de

244 806 322 851 novo
345 784 478 850 irrndare
501 791 535 850 et
558 793 742 852 construere
767 807 862 852 unum
885 788 988 854 locum
1011 807 1068 870 pro
1091 787 1242 852 iratribus
1265 807 1427 853 servornm
1451 808 1474 853 s.
1498 789 1602 854 llario
1618 790 1739 854 ordinis

244 912 267 957 s.
290 893 458 974 Augustini
480 942 486 956 .
508 943 513 954 .
534 941 540 955 .
562 943 569 956 .

370 1031 443 1095 Fiat
465 1032 496 1095 in
521 1029 622 1095 forma
645 1032 683 1096 G.

371 1171 409 1234 ll.
435 1170 592 1234 Aninione
616 1170 644 1234 V
667 1169 729 1234 kal.
754 1170 900 1234 ianuarii
923 1190 949 1234 u.
975 1170 1118 1253 septimo.
1202 1226 1205 1232 .

372 1376 403 1429 lt.
422 1376 517 1445 Suppl.
537 1384 570 1433 30
589 1377 635 1430 iol.
656 1382 713 1430 254.
733 1408 765 1417 —
795 1381 821 1442 a)
841 1376 1000 1444 ,luridatem‘
1026 1376 1120 1446 Suppl.
1141 1377 1166 1445 b)
1186 1377 1312 1446 Corrige:
1333 1377 1519 1446 ,Sclauouica‘¹

890 1582 1096 1589 ———--——·

248 1763 361 1829 1019.
387 1760 499 1827 Garolo
531 1763 744 1825 Rornanorum
773 1759 960 1843 insperatori
989 1763 1021 1823 et
1051 1760 1219 1826 Bobemiae
1247 1762 1314 1843 regi
1336 1761 1525 1843 indulgetur,
1562 1766 1595 1826 ut
1619 1761 1747 1828 abbates

245 1866 438 1931 ctomrcaclri
459 1866 720 1930 monasteriorum
754 1886 779 1930 s.
801 1865 967 1947 Jcronymi
989 1868 1019 1928 ct
1040 1885 1066 1929 s.
1091 1865 1251 1930 Arnbrosii
1275 1867 1401 1949 Prapac
1424 1868 1458 1930 iu
1480 1887 1541 1932 sua
1558 1867 1746 1949 praesertin

245 1971 337 2034 ctiuru
359 1974 452 2035 exiro
474 1970 666 2036 ruorrasteric
689 1970 807 2036 missas
830 1969 999 2034 sccrmdmn
1027 1969 1125 2035 ritum
1159 1971 1402 2036 Ambrosianum
1433 1977 1462 2036 et
1484 1972 1518 2037 iu
1547 1971 1659 2056 linqua
1681 1972 1745 2039 slo-

789 2073 861 2139 rico
884 2073 1040 2139 celebrare
1059 2076 1193 2158 possint.

305 2161 356 2284 ἐ
368 2269 374 2281 .
1148 2212 1314 2289 avinione,
1335 2217 1423 2280 1359
1448 2214 1625 2280 Decembris
1648 2219 1700 2283 28.

369 2406 573 2470 Innocentius
586 2405 755 2487 episcopus
771 2423 881 2469 servus
897 2421 1060 2470 servornm
1076 2406 1128 2470 dei
1145 2405 1308 2470 carissimo
1319 2410 1345 2486 n)
1363 2406 1395 2470 in
1411 2405 1538 2473 Christo
1551 2405 1615 2472 filio
1632 2407 1745 2474 Carolo

238 2509 450 2575 Romanorum
473 2509 657 2591 imperatori
680 2526 806 2591 semper
822 2514 956 2592 augusto
973 2515 1007 2573 et
1022 2510 1151 2575 Boemie
1164 2511 1231 2592 regi
1247 2510 1375 2592 illustri,
1392 2510 1527 2575 salutem
1544 2518 1604 2576 etc.
1620 2512 1745 2577 Eximio

238 2619 295 2679 tue
308 2613 508 2681 devocionis.
523 2663 530 2678 .
545 2664 572 2679 ..
598 2614 675 2678 Cum
687 2614 805 2695 itaque,
821 2614 904 2678 sicut
919 2614 1108 2696 accepimus,
1126 2614 1157 2677 in
1174 2614 1305 2678 civitate
1319 2615 1471 2695 Progensi
1484 2615 1549 2679 sint
1561 2616 1625 2680 dno
1638 2635 1745 2682 mona-

237 2719 340 2784 steria
352 2719 473 2784 ordinis
486 2736 509 2784 s.
524 2718 699 2800 Benedicti,
715 2737 810 2782 unum
822 2718 973 2782 videlicet
987 2718 1019 2781 in
1037 2736 1060 2782 s
1074 2717 1093 2781 J
1096 2718 1227 2783 eronimi
1244 2719 1284 2782 ad
1297 2717 1427 2783 Sclauos
1437 2716 1464 2798 b)
1477 2719 1652 2801 vulgariter
1667 2738 1745 2783 nun·

236 2830 388 2908 cupatum
401 2831 435 2889 et
447 2825 582 2888 alterum
594 2824 626 2887 in
640 2841 664 2888 s
679 2823 836 2888 Ambrosii
849 2822 1040 2887 confessoris
1053 2829 1148 2902 atque
1166 2823 1304 2887 doctoris
1320 2823 1535 2887 reverenciam
1548 2830 1582 2888 et
1594 2824 1744 2890 honorem

235 2937 273 2994 et
285 2931 343 2995 sub
356 2948 464 2995 eornm
476 2929 637 2993 vocabulis
652 2929 769 2993 dudum
782 2946 840 3010 per
851 2934 884 2991 te
897 2926 1030 2991 lundata
1045 2927 1194 2992 canonice
1212 2947 1247 2991 ao
1264 2927 1383 3009 dotata,
1403 2928 1484 2992 etin
1501 2946 1524 2992 s.
1543 2928 1696 2994 leronimi
1712 2929 1745 2993 iu

234 3033 349 3117 lingna
363 3031 548 3099 Solanonica
572 3033 744 3097 secundnm
767 3032 868 3113 ipsius
885 3033 913 3095 b.
926 3032 1090 3110 leronimi,
1108 3033 1160 3113 qui
1177 3033 1309 3097 nacione
1327 3031 1460 3096 Sclauus
1485 3033 1550 3097 exti
1567 3033 1603 3113 it,
1620 3033 1702 3098 etin
1719 3051 1743 3098 s

235 3137 396 3203 Ambrosii
420 3136 621 3202 monasteriis
645 3136 798 3218 predictis
822 3137 994 3200 secundum
1018 3136 1119 3218 ipsius
1143 3154 1169 3200 s.
1192 3137 1350 3200 Ambrosii
1375 3136 1597 3202 instituciones
1615 3144 1648 3202 ot
1664 3137 1745 3203 ritus

235 3243 348 3307 divina
370 3239 474 3307 officia
508 3259 547 3305 ex
570 3241 775 3307 concessione
811 3242 986 3322 apostolica
1010 3243 1222 3323 celebrentur,
1258 3246 1356 3321 tuque
1380 3259 1418 3304 er
1443 3242 1626 3320 devocione,
1651 3262 1744 3323 quarn

233 3345 338 3412 habes
361 3347 401 3411 ad
425 3352 551 3410 sanctos
576 3347 714 3428 eosdem,
738 3364 830 3427 geras
854 3346 886 3409 in
909 3347 1001 3427 votis,
1033 3347 1116 3426 quod
1140 3345 1301 3410 interdum
1325 3346 1504 3411 lmiusmodi
1529 3346 1633 3411 officia
1656 3348 1745 3412 iuxta

234 3452 320 3516 situs
344 3451 472 3517 eosdem
495 3451 619 3532 possint
643 3451 675 3513 in
699 3455 755 3513 tua
779 3450 945 3531 presencia
970 3457 1061 3515 extra
1095 3451 1163 3530 ipsa
1187 3450 1381 3513 monasteria
1404 3451 1569 3528 celebrari,
1595 3469 1652 3515 nos
1676 3453 1740 3516 tuis

235 3555 272 3619 in
295 3556 355 3619 hac
386 3561 477 3637 parte
509 3555 633 3620 devotis
663 3554 950 3636 supplicacionibus
983 3554 1136 3636 inclinati,
1161 3554 1243 3633 quod
1275 3555 1406 3618 abbates
1438 3560 1472 3616 et
1502 3554 1644 3618 monaclri
1680 3555 1743 3619 dic·

233 3664 342 3726 torum
365 3660 638 3739 monasteriorum,
663 3659 840 3739 ubicunque
865 3664 956 3723 extra
980 3658 1065 3722 dicta
1080 3658 1275 3722 mormsteria
1299 3658 1330 3720 in
1355 3663 1409 3721 tna
1426 3658 1591 3739 presencia
1616 3659 1743 3742 inerint,

234 3766 271 3829 in
294 3764 374 3829 locis
397 3769 504 3828 tannen
528 3763 649 3828 adhoc
673 3763 818 3844 congruis
842 3766 876 3826 et
898 3762 1052 3841 honestis.
1076 3763 1189 3825 missas
1213 3769 1247 3826 et
1270 3762 1332 3825 alia
1356 3762 1464 3825 divina
1489 3761 1600 3842 officia,
1626 3764 1741 3844 singul.

237 3869 393 3935 videlicet
416 3868 587 3933 eorundem
612 3868 783 3931 secundum
807 3868 947 3949 ipsorum
972 3866 1053 3930 ritus
1076 3866 1247 3948 predictos,
1277 3866 1515 3945 quilmscrmque
1539 3866 1742 3932 constitucio-
1829 3923 1833 3932 .

234 3976 332 4041 nibus
366 3973 550 4056 apostolicis
574 3989 631 4037 nec
656 3991 717 4037 non
742 3972 873 4036 statutis
907 3979 941 4035 et
964 3970 1247 4035 consuetudinibus
1272 3970 1544 4034 monasteriorum
1568 3977 1601 4034 et
1624 3970 1744 4035 ordinis

233 4080 452 4160 predictorum
475 4078 643 4143 contrariis
666 4095 864 4157 nequaqnam
881 4077 1092 4152 obstantibus
1116 4076 1204 4139 licite
1231 4075 1358 4139 valeant
1382 4074 1554 4155 celebrare,
1578 4074 1743 4139 devocioni

233 4189 291 4249 tue
325 4184 468 4266 ipsisque
504 4184 670 4248 abbatibus
705 4189 739 4245 et
773 4181 935 4246 monacbis
970 4181 1160 4246 auctoritate
1192 4179 1368 4261 apostolica
1399 4179 1438 4242 do
1470 4178 1601 4259 speciali
1636 4180 1742 4260 gracia

233 4293 348 4356 tenure
372 4288 570 4371 presencium
596 4286 821 4369 indulgemus.
843 4339 848 4349 .
870 4335 902 4351 ..
929 4285 1141 4350 libandans
1166 4285 1191 4347 V
1217 4284 1278 4347 lud.
1303 4283 1448 4346 larnmrii
1465 4303 1492 4345 a.
1510 4281 1654 4363 septimo.

365 4477 438 4547 Orig.
465 4477 612 4531 membran.
630 4477 658 4530 in
679 4475 799 4529 archivio
819 4491 947 4529 caesareo
966 4475 1054 4528 aulico
1074 4472 1293 4528 l'indolronensis
1317 4489 1355 4525 nr.
1377 4477 1421 4524 571
1446 4471 1521 4537 non,
1552 4472 1582 4524 u.
1612 4473 1660 4524 clv.
1694 4478 1739 4525 lll

235 4564 283 4620 iol.
301 4559 370 4622 608¹.
393 4595 418 4604 —
438 4563 502 4633 Reg.
522 4563 595 4634 apud
615 4563 716 4630 Huber,
734 4563 800 4632 Reg.
818 4564 885 4632 lmp.
904 4563 969 4616 Vlll
989 4578 1049 4631 pag.
1069 4567 1119 4615 610
1138 4578 1177 4615 nr.
1191 4567 1223 4613 da
1244 4559 1293 4613 snb
1312 4560 1383 4612 salso
1403 4575 1473 4610 arrrro
1495 4564 1568 4612 1358.
1588 4588 1620 4597 -
1647 4560 1671 4624 ι)
1690 4559 1741 4626 ,ln-

235 4653 379 4709 nooentius
398 4683 430 4690 -
443 4650 496 4706 dei‘
509 4651 587 4705 deest
599 4650 627 4703 in
640 4650 735 4720 Suppl.
760 4651 784 4714 b)
795 4649 927 4718 ,Solsnos‘
946 4649 1039 4718 Suppl.
1052 4680 1084 4688 -
1095 4649 1125 4701 ln
1145 4649 1210 4716 orig.
1231 4664 1289 4700 cum
1310 4646 1386 4700 bulla
1399 4645 1527 4714 plumbea
1540 4645 1567 4698 in
1579 4645 1625 4699 filo
1647 4645 1739 4701 serico.

237 4776 313 4833 rubei
338 4785 367 4832 et
387 4776 450 4830 llari
476 4776 576 4829 coloris
602 4775 651 4829 snb
676 4774 750 4842 plica
774 4773 808 4826 ad
835 4781 940 4843 partem
967 4772 1030 4825 sin:
1068 4738 1110 4874 ἐξ
1136 4772 1187 4839 ,Jo
1212 4770 1327 4835 Bellih.‘,
1352 4770 1386 4822 ad
1410 4776 1513 4836 partem
1540 4768 1678 4822 dextram:
1708 4769 1741 4833 ‚lc

239 4900 271 4954 de
289 4901 385 4955 Velle‘.
411 4900 442 4952 ln
463 4904 538 4967 tergo
564 4897 591 4951 in
612 4898 752 4967 superiore
778 4903 869 4965 parto:
893 4895 1043 4965 ,tlonredns
1068 4894 1228 4961 l'ragcnsim
1257 4894 1283 4945 in
1311 4893 1400 4946 media
1429 4899 1518 4961 parte:
1544 4892 1592 4958 ,li‘,
1611 4891 1738 4945 interino:

218 4969 221 4975 ’
241 4988 367 5052 ,Abbates
387 5003 456 5040 mon.
479 4987 635 5040 Sclanornm
657 4992 683 5038 ot
701 5002 722 5038 s.
742 4985 879 5038 Aarlrrosii
897 4983 1005 5052 possint
1022 4997 1082 5033 cum
1102 4981 1196 5034 insulis
1216 4981 1308 5034 divina
1326 4980 1480 5033 celcbrsrc‘.

882 5196 1088 5209 .....—.-.—--
