3944 6060
231 385 275 449 50
839 381 911 433 Acta
929 379 1081 433 Innocentii
1099 379 1145 433 Vl.

230 591 352 655 cionem
375 597 408 654 et
432 591 662 656 deffensionem
685 591 719 655 in
741 608 780 655 eo
803 594 900 668 statu,
935 589 968 652 in
999 607 1061 669 quo
1084 588 1188 652 dictus
1211 589 1334 655 electus
1370 595 1516 673 tempore
1540 590 1630 655 dicte
1653 609 1744 655 vaca-

234 695 337 759 cionis
361 696 482 776 extitit,
517 694 749 760 admittendum
782 700 815 758 et
839 692 1073 774 subrogandum
1107 691 1175 757 lore
1198 694 1296 758 certis
1320 712 1418 777 super
1439 693 1499 760 hoc
1522 694 1746 760 executoribus

233 799 405 881 deputatis,
429 805 526 881 prout
547 798 607 862 hec
629 798 662 861 in
685 798 790 862 literis
814 797 999 880 apostolicis
1023 815 1119 878 super
1140 797 1294 878 predictis
1318 797 1471 863 conlectis
1493 799 1620 880 plenius
1645 798 1744 863 33331-

232 909 358 968 333333.
406 904 448 968 Et
469 904 547 968 licet
576 908 652 985 post
673 902 820 982 predicta
843 901 989 966 dominus
1021 901 1139 965 Paulus
1163 900 1308 983 prelatus
1330 903 1394 968 iuri
1417 903 1477 968 sibi
1500 903 1533 967 in
1556 902 1746 967 canonicatu

235 1014 269 1074 et
291 1007 453 1089 prebenda
488 1007 607 1072 331133
630 1006 785 1089 predictis
814 1005 1010 1087 competenti
1044 1005 1077 1068 in
1110 1006 1255 1070 manibus
1289 1007 1457 1072 reverendi
1491 1007 1592 1089 patris
1626 1007 1746 1072 domini

234 1112 377 1194 episcopi
400 1112 619 1187 Lexouiensis,
650 1115 843 1192 potestatem
867 1109 1043 1191 recipiendi
1064 1109 1315 1191 resignacionem
1340 1109 1575 1193 infrascriptam
1599 1130 1618 1174 a
1641 1110 1745 1175 felicis

236 1216 469 1281 recordacionis
493 1215 619 1280 domino
643 1214 808 1278 Clemente
832 1233 916 1296 papa
940 1212 983 1276 VI
1016 1213 1173 1294 habentis
1207 1220 1319 1294 sponte
1342 1221 1378 1278 et
1400 1215 1501 1279 libere
1525 1215 1609 1297 apud
1636 1215 1744 1280 sedem

231 1321 442 1401 apostolicam
478 1319 700 1401 resignaverit,
735 1318 905 1398 dictusque
930 1317 1101 1399 episcopus
1137 1319 1236 1398 ipsam
1267 1318 1519 1400 resignacionem
1553 1319 1745 1384 auctoritate

230 1425 407 1506 apostolica
442 1424 544 1488 eciam
569 1423 655 1505 apud
686 1423 804 1487 dictam
836 1421 946 1485 sedem
980 1421 1147 1484 admiserit
1168 1427 1203 1485 et
1225 1422 1459 1504 approbaverit,
1494 1441 1531 1487 ac
1553 1423 1746 1488 venerabilis

231 1529 281 1601 vir
305 1528 452 1593 dominus
474 1528 612 1594 lacobus
636 1529 676 1593 de
699 1527 832 1597 Dencio,
857 1525 998 1590 sacrista
1021 1525 1157 1590 ecclesie
1181 1525 1415 1609 Auinionensis,
1445 1527 1496 1591 ius
1518 1527 1677 1610 prelatum
1701 1528 1746 1592 sic

231 1650 349 1697 vacans
381 1633 485 1697 eidem
510 1632 616 1697 Vlrico
650 1631 842 1696 auctoritate
866 1631 1046 1695 litterarum
1070 1629 1313 1711 apostolicarum
1343 1631 1523 1715 contulerit,
1546 1637 1580 1698 et
1601 1651 1745 1700 reserva-

236 1737 336 1802 cionis
359 1757 396 1802 ac
419 1737 540 1802 decreti
575 1754 719 1802 necnon
743 1734 931 1799 collacionis
954 1734 1170 1815 predictarum
1201 1735 1328 1799 racione
1352 1735 1478 1800 Vlricus
1501 1736 1682 1802 antedictus
1706 1740 1747 1804 ad

236 1842 325 1906 litem
350 1848 384 1905 et
407 1860 533 1905 causam
549 1839 691 1922 prefatas
715 1839 872 1904 admissus
894 1837 992 1902 luerit
1015 1845 1049 1902 et
1072 1857 1129 1919 pro
1165 1855 1199 1902 se
1223 1839 1423 1904 diffinitivam
1446 1841 1642 1906 sentenciam
1666 1845 1745 1909 obti-

233 1947 350 2028 nuerit,
375 1964 436 2027 que
458 1947 492 2010 in
515 1965 582 2010 rem
598 1946 749 2011 transivit
770 1945 954 2026 iudicatam,
979 1951 1095 2027 tamen,
1126 1945 1201 2026 quia
1224 1944 1378 2026 nonnulli,
1417 1963 1458 2008 an
1481 1943 1586 2010 dictus
1609 1949 1745 2012 sacrista

234 2051 402 2133 providere
433 2051 575 2132 potuerit
605 2070 662 2133 pro
686 2068 734 2131 eo,
771 2051 859 2130 quod
882 2050 1008 2113 vacacio
1033 2049 1187 2114 dictorum
1212 2048 1415 2113 canonicatus
1447 2053 1481 2112 et
1502 2049 1664 2130 prebende
1688 2070 1746 2133 per

232 2156 353 2220 dictam
377 2155 628 2237 resignacionem
652 2155 737 2237 apud
762 2154 886 2219 dictam
910 2154 1019 2218 sedem
1042 2153 1214 2235 contigerit
1246 2158 1281 2216 33
1314 2152 1497 2235 specialiter
1530 2159 1565 2217 et
1593 2171 1745 2237 expresse

234 2279 296 2324 333
320 2258 419 2323 133313
442 2258 526 2324 dicto
550 2259 713 2324 executori
744 2260 818 2323 data
855 2263 1001 2340 potestas
1024 2258 1211 2339 providendi
1244 2257 1283 2320 de
1307 2256 1438 2339 eisdem,
1474 2257 1602 2322 eciamsi
1626 2259 1659 2323 in
1683 2261 1745 2325 Ro-

234 2383 328 2427 mana
362 2363 450 2427 curia
472 2370 636 2438 vacarent,
670 2363 742 2428 aliis
765 2363 828 2427 3113
850 2369 885 2427 33
908 2363 1036 2426 diversa
1074 2361 1293 2426 asserentibus
1315 2360 1505 2444 hesitarunt,
1538 2360 1600 2427 fuit
1621 2363 1746 2429 diucius

236 2468 421 2533 executoris
445 2469 529 2532 dicte
552 2468 716 2532 sentencie
739 2467 911 2531 retardata.
935 2465 1100 2547 Supplicat
1122 2466 1220 2547 igitur
1245 2466 1371 2530 Vlricus
1396 2465 1550 2548 prelatus,
1584 2474 1745 2550 quatenus

235 2591 332 2654 super
356 2573 520 2637 sentencia
542 2571 668 2655 prelata
703 2571 924 2636 executoriam
947 2570 1026 2652 fieri,
1048 2569 1193 2651 expediri
1227 2575 1262 2634 et
1291 2571 1428 2634 transire
1451 2576 1485 2635 et
1506 2572 1660 2654 predictis
1683 2592 1746 2639 non

234 2677 436 2742 obstantibus
459 2696 520 2742 non
544 2677 691 2759 impediri
714 2677 765 2740 vel
791 2675 953 2740 retardari
977 2693 1017 2739 es
1040 2679 1129 2739 certa
1151 2675 1289 2740 sciencia
1311 2675 1461 2740 mandare
1484 2675 1669 2760 dignemini,
1691 2678 1745 2743 lit·

235 2788 323 2847 teras
347 2782 541 2864 apostolicas
574 2788 609 2846 et
641 2799 810 2863 processus
833 2779 975 2862 prefatos
998 2798 1034 2843 33
1058 2780 1090 2843 13
1115 2779 1163 2844 313
1186 2785 1335 2845 contenta
1369 2780 1525 2845 habentes
1547 2800 1605 2863 pro
1628 2781 1744 2848 suffici·

234 2891 328 2950 enter
350 2887 401 2950 bic
424 2886 596 2968 expressis,
620 2885 805 2967 supplentes
828 2904 867 2949 ex
884 2890 973 2948 certa
995 2884 1134 2949 sciencia
1157 2902 1281 2949 omnem
1306 2883 1487 2967 deffectum,
1512 2885 1627 2966 siquis
1645 2885 1746 2953 inerit

244 3009 265 3053 3
289 2991 464 3055 collacione
488 3008 545 3054 seu
569 2989 751 3071 provisione
776 2995 832 3053 ant
855 2990 1021 3054 sentencia
1043 2989 1244 3071 supradictis
1276 2988 1336 3053 Vel
1370 2988 1409 3054 de
1433 2989 1527 3054 dictis
1557 2992 1744 3057 canonicatu

238 3102 273 3159 et
295 3096 469 3177 prebenda,
495 3095 578 3159 sicut
600 3094 800 3176 premittitur
822 3094 872 3158 vel
897 3095 959 3158 alio
975 3093 1193 3175 quovismodo
1216 3094 1402 3158 vacantibus
1418 3094 1591 3176 dignemini
1607 3096 1646 3160 de
1663 3116 1745 3163 3333

236 3199 414 3282 providere,
437 3219 499 3264 non
523 3201 680 3280 obstante,
705 3199 788 3278 qnod
804 3198 1023 3262 canonicatum
1047 3204 1081 3262 33
1096 3198 1290 3279 prebendam
1305 3215 1330 3261 s.
1348 3198 1453 3280 Egidii
1470 3198 1745 3266 Wratislauiensis

237 3304 369 3385 obtinet,
393 3323 450 3368 sen
474 3304 557 3385 qnod
581 3303 692 3367 eadem
716 3303 771 3366 11η
796 3302 856 3367 8¹⁸⁸
880 3303 940 3367 sibi
964 3303 1004 3366 de
1039 3303 1227 3367 canonicatu
1251 3305 1308 3367 sub
1333 3303 1559 3384 expectacione
1581 3306 1745 3386 prebende

238 3409 374 3472 ecclesie
398 3404 656 3472 olamucensisb)
679 3406 842 3471 mandavit
871 3407 1042 3488 provideri,
1078 3425 1147 3470 cum
1182 3407 1253 3470 aliis
1276 3426 1338 3471 non
1362 3408 1570 3490 obstantibus,
1593 3408 1746 3474 clausulis

238 3513 404 3595 oportunis
428 3533 464 3579 ac
490 3512 723 3579 executoribus.

366 3644 447 3726 Fiat,
470 3644 532 3708 nisi
556 3643 649 3707 alteri
671 3642 769 3707 fuerit
794 3644 844 3707 ius
860 3644 1018 3724 quesitum
1043 3643 1080 3708 G.
1104 3643 1740 3724 11333331333333333133311313331333.

238 3751 310 3815 liat
333 3750 370 3815 G.
395 3750 433 3814 D.
458 3748 797 3832 apudssvillamnouam
820 3748 1045 3812 Aninionensis
1069 3748 1148 3813 dioc.
1174 3767 1245 3812 non.
1269 3747 1347 3812 ι13111
1372 3767 1397 3812 a
1424 3749 1534 3830 primo.

368 3938 399 3990 R.
417 3937 512 4006 Suppl.
531 3942 565 3989 24
583 3935 630 3990 131.
651 3941 691 3988 12.
711 3965 742 3974 —
776 3935 799 3986 ⁸)
818 3936 941 4004 corrige:
960 3934 1161 4004 ,Daynissium‘.
1182 3937 1205 3984 b)
1224 3935 1347 4005 Corrige:
1368 3935 1563 3991 olomucensis.
1585 3968 1614 3978 -
1635 3937 1742 4000 ι113133.

238 4026 299 4080 Vat.
320 4026 331 4079 l
352 4041 391 4079 nr.
413 4030 488 4078 1318.
508 4026 528 4089 ²)
547 4022 651 4077 Ibidem
673 4038 713 4075 nr.
734 4029 809 4077 1415.

239 4385 327 4452 119.
351 4380 506 4468 Episcopo
524 4382 697 4446 lubecensi
711 4387 740 4446 et
756 4382 939 4447 scholastico
955 4402 993 4447 ac
1008 4383 1131 4446 cantori
1145 4380 1291 4446 ccclesiae
1306 4401 1331 4445 a.
1351 4380 1461 4446 Crucis
1481 4381 1741 4449 Vrotislam'enss‘c

239 4489 421 4568 mandatur,
454 4493 608 4572 guatenaas
637 4485 745 4551 Ulrico
775 4487 856 4552 dicto
879 4487 998 4567 Sebosf
1006 4485 1030 4538 ²)
1058 4487 1279 4552 canonicatum
1309 4490 1339 4548 et
1356 4486 1573 4569 praebendam
1595 4487 1745 4556 3331331333

249 4592 703 4678 Vrata‘claviensn'ssconferant,
726 4612 788 4656 non
811 4592 1004 4657 obstantibus
1028 4597 1063 4656 nt
1084 4593 1119 4656 in
1141 4591 1370 4676 supplicatione
1391 4590 1448 4655 snb
1471 4613 1518 4658 nr.
1545 4592 1617 4657 118.
1653 4594 1745 4670 ,Vin

318 4720 357 4763 ac
379 4701 519 4763 mornm“
549 4697 663 4782 „Apud
694 4697 926 4762 Villamnouam
949 4695 1174 4762 Aninicnensc's
1198 4696 1275 4762 dioc.
1298 4717 1369 4761 non.
1392 4695 1478 4763 Jnln's'
1500 4699 1676 4781 apriano‘.

345 4803 373 4941 ᾗ
1066 4827 1162 4910 apua
1192 4827 1431 4908 vocemmeam,
1457 4827 1647 4896 1333333
1669 4832 1698 4895 3.

371 5013 402 5066 R.
421 5013 484 5066 Vat.
503 5012 620 5065 344131.
640 5017 698 5080 342,
718 5012 748 5065 R.
767 5012 828 5066 Vat
848 5016 898 5064 ‘219
917 5010 955 5063 sol
982 5016 1042 5063 204.
1061 5041 1093 5049 -
1112 5010 1136 5061 ι)
1150 5009 1250 5076 ,Schod
1269 5010 1330 5064 Vat.

892 5223 1092 5231 ——v——ae—
