<?xml version="1.0" encoding="UTF-8"?>
<!DOCTYPE html PUBLIC "-//W3C//DTD XHTML 1.0 Transitional//EN"
    "http://www.w3.org/TR/xhtml1/DTD/xhtml1-transitional.dtd">
<html xmlns="http://www.w3.org/1999/xhtml" xml:lang="en" lang="en">
 <head>
  <title>
</title>
<meta http-equiv="Content-Type" content="text/html;charset=utf-8" />
  <meta name='ocr-system' content='tesseract 3.04.00' />
  <meta name='ocr-capabilities' content='ocr_page ocr_carea ocr_par ocr_line ocrx_word'/>
</head>
<body>
  <div class='ocr_page' id='page_1' title='image "./monumentavatica00vatigoog_0154.png"; bbox 0 0 3990 6052; ppageno 0'>
   <div class='ocr_carea' id='block_1_1' title="bbox 777 418 1760 496">
    <p class='ocr_par' dir='ltr' id='par_1_1' title="bbox 777 418 1760 496">
     <span class='ocr_line' id='line_1_1' title="bbox 777 418 1760 496; baseline 0.002 -22"><span class='ocrx_word' id='word_1_1' title='bbox 777 424 846 474; x_wconf 77' lang='lat' dir='ltr'><strong>ress</strong></span> <span class='ocrx_word' id='word_1_2' title='bbox 863 418 968 488; x_wconf 78' lang='lat' dir='ltr'>Aprilis</span> <span class='ocrx_word' id='word_1_3' title='bbox 985 426 1001 475; x_wconf 89' lang='lat' dir='ltr'><strong>s</strong></span> <span class='ocrx_word' id='word_1_4' title='bbox 1019 449 1053 461; x_wconf 92' lang='lat'><em>-</em></span> <span class='ocrx_word' id='word_1_5' title='bbox 1070 420 1176 489; x_wconf 80' lang='lat' dir='ltr'><strong>Aprilis</strong></span> <span class='ocrx_word' id='word_1_6' title='bbox 1195 429 1236 477; x_wconf 86' lang='lat' dir='ltr'><strong>rs.</strong></span> <span class='ocrx_word' id='word_1_7' title='bbox 1719 431 1760 496; x_wconf 77' lang='lat' dir='ltr'><strong>pp</strong></span> 
     </span>
    </p>
   </div>
   <div class='ocr_carea' id='block_1_2' title="bbox 248 628 1760 2363">
    <p class='ocr_par' dir='ltr' id='par_1_2' title="bbox 381 628 514 696">
     <span class='ocr_line' id='line_1_2' title="bbox 381 628 514 696; baseline -0.015 -1"><span class='ocrx_word' id='word_1_8' title='bbox 381 631 454 696; x_wconf 85' lang='lat' dir='ltr'><strong>Fiat</strong></span> <span class='ocrx_word' id='word_1_9' title='bbox 478 628 514 694; x_wconf 83' lang='lat' dir='ltr'><strong>(l.</strong></span> 
     </span>
    </p>

    <p class='ocr_par' dir='ltr' id='par_1_3' title="bbox 250 731 1760 1026">
     <span class='ocr_line' id='line_1_3' title="bbox 380 731 1758 818; baseline 0.004 -18"><span class='ocrx_word' id='word_1_10' title='bbox 380 736 464 800; x_wconf 85' lang='lat' dir='ltr'><strong>Item</strong></span> <span class='ocrx_word' id='word_1_11' title='bbox 487 733 638 814; x_wconf 75' lang='lat' dir='ltr'><strong>quatinus</strong></span> <span class='ocrx_word' id='word_1_12' title='bbox 668 731 729 798; x_wconf 91' lang='lat' dir='ltr'><strong>sibi</strong></span> <span class='ocrx_word' id='word_1_13' title='bbox 758 738 793 798; x_wconf 90' lang='lat' dir='ltr'><strong>et</strong></span> <span class='ocrx_word' id='word_1_14' title='bbox 815 733 900 797; x_wconf 86' lang='lat' dir='ltr'><strong>dicte</strong></span> <span class='ocrx_word' id='word_1_15' title='bbox 923 733 994 798; x_wconf 89' lang='lat' dir='ltr'><strong>eius</strong></span> <span class='ocrx_word' id='word_1_16' title='bbox 1015 733 1107 799; x_wconf 79' lang='lat' dir='ltr'><strong>uxori</strong></span> <span class='ocrx_word' id='word_1_17' title='bbox 1131 753 1168 799; x_wconf 88' lang='lat' dir='ltr'><strong>ac</strong></span> <span class='ocrx_word' id='word_1_18' title='bbox 1190 735 1304 816; x_wconf 88' lang='lat' dir='ltr'><strong>viginti</strong></span> <span class='ocrx_word' id='word_1_19' title='bbox 1327 737 1473 818; x_wconf 90' lang='lat' dir='ltr'><strong>personis</strong></span> <span class='ocrx_word' id='word_1_20' title='bbox 1496 737 1529 802; x_wconf 91' lang='lat' dir='ltr'><strong>in</strong></span> <span class='ocrx_word' id='word_1_21' title='bbox 1564 739 1758 806; x_wconf 88' lang='lat' dir='ltr'><strong>cancellaria</strong></span> 
     </span>
     <span class='ocr_line' id='line_1_4' title="bbox 250 837 1760 926; baseline 0.005 -22"><span class='ocrx_word' id='word_1_22' title='bbox 250 839 453 905; x_wconf 77' lang='lat' dir='ltr'><strong>nominandis</strong></span> <span class='ocrx_word' id='word_1_23' title='bbox 475 838 578 904; x_wconf 88' lang='lat' dir='ltr'><strong>semel</strong></span> <span class='ocrx_word' id='word_1_24' title='bbox 600 839 767 903; x_wconf 80' lang='lat' dir='ltr'><strong>dumtaxat</strong></span> <span class='ocrx_word' id='word_1_25' title='bbox 788 837 822 902; x_wconf 90' lang='lat' dir='ltr'><strong>in</strong></span> <span class='ocrx_word' id='word_1_26' title='bbox 844 837 956 904; x_wconf 88' lang='lat' dir='ltr'><strong>mortis</strong></span> <span class='ocrx_word' id='word_1_27' title='bbox 978 839 1113 904; x_wconf 88' lang='lat' dir='ltr'><strong>articulo</strong></span> <span class='ocrx_word' id='word_1_28' title='bbox 1137 841 1314 905; x_wconf 91' lang='lat' dir='ltr'><strong>concedere</strong></span> <span class='ocrx_word' id='word_1_29' title='bbox 1338 841 1512 923; x_wconf 89' lang='lat' dir='ltr'><strong>dignemini</strong></span> <span class='ocrx_word' id='word_1_30' title='bbox 1535 843 1760 926; x_wconf 88' lang='lat' dir='ltr'><strong>plenissimam</strong></span> 
     </span>
     <span class='ocr_line' id='line_1_5' title="bbox 251 943 709 1026; baseline -0.004 -19"><span class='ocrx_word' id='word_1_31' title='bbox 251 943 473 1009; x_wconf 81' lang='lat' dir='ltr'><strong>remissionem</strong></span> <span class='ocrx_word' id='word_1_32' title='bbox 496 948 709 1026; x_wconf 89' lang='lat' dir='ltr'><strong>peccatorum.</strong></span> 
     </span>
    </p>

    <p class='ocr_par' dir='ltr' id='par_1_4' title="bbox 381 1046 857 1129">
     <span class='ocr_line' id='line_1_6' title="bbox 381 1046 857 1129; baseline 0 -18"><span class='ocrx_word' id='word_1_33' title='bbox 381 1047 455 1112; x_wconf 85' lang='lat' dir='ltr'><strong>Fiat</strong></span> <span class='ocrx_word' id='word_1_34' title='bbox 477 1047 575 1112; x_wconf 88' lang='lat' dir='ltr'><strong>etde</strong></span> <span class='ocrx_word' id='word_1_35' title='bbox 598 1047 627 1112; x_wconf 87' lang='lat' dir='ltr'>X</span> <span class='ocrx_word' id='word_1_36' title='bbox 650 1046 796 1129; x_wconf 86' lang='lat' dir='ltr'><strong>personis</strong></span> <span class='ocrx_word' id='word_1_37' title='bbox 820 1046 857 1112; x_wconf 90' lang='lat' dir='ltr'><strong>G.</strong></span> 
     </span>
    </p>

    <p class='ocr_par' dir='ltr' id='par_1_5' title="bbox 249 1149 1758 1441">
     <span class='ocr_line' id='line_1_7' title="bbox 380 1149 1758 1235; baseline 0.004 -21"><span class='ocrx_word' id='word_1_38' title='bbox 380 1150 463 1215; x_wconf 84' lang='lat' dir='ltr'><strong>Item</strong></span> <span class='ocrx_word' id='word_1_39' title='bbox 487 1149 571 1232; x_wconf 89' lang='lat' dir='ltr'><strong>quod</strong></span> <span class='ocrx_word' id='word_1_40' title='bbox 592 1149 678 1215; x_wconf 91' lang='lat' dir='ltr'><strong>idem</strong></span> <span class='ocrx_word' id='word_1_41' title='bbox 701 1166 771 1216; x_wconf 92' lang='lat' dir='ltr'><strong>cum</strong></span> <span class='ocrx_word' id='word_1_42' title='bbox 803 1150 1013 1233; x_wconf 85' lang='lat' dir='ltr'><strong>quadraginta</strong></span> <span class='ocrx_word' id='word_1_43' title='bbox 1043 1151 1190 1232; x_wconf 90' lang='lat' dir='ltr'><strong>personis</strong></span> <span class='ocrx_word' id='word_1_44' title='bbox 1214 1169 1338 1217; x_wconf 89' lang='lat' dir='ltr'><strong>sacrum</strong></span> <span class='ocrx_word' id='word_1_45' title='bbox 1362 1153 1541 1235; x_wconf 90' lang='lat' dir='ltr'><strong>sepulcrum</strong></span> <span class='ocrx_word' id='word_1_46' title='bbox 1564 1154 1758 1220; x_wconf 90' lang='lat' dir='ltr'><strong>dominicum</strong></span> 
     </span>
     <span class='ocr_line' id='line_1_8' title="bbox 251 1254 1757 1335; baseline 0.003 -16"><span class='ocrx_word' id='word_1_47' title='bbox 251 1261 286 1320; x_wconf 90' lang='lat' dir='ltr'><strong>et</strong></span> <span class='ocrx_word' id='word_1_48' title='bbox 309 1255 373 1320; x_wconf 86' lang='lat' dir='ltr'><strong>alia</strong></span> <span class='ocrx_word' id='word_1_49' title='bbox 396 1272 488 1319; x_wconf 90' lang='lat' dir='ltr'><strong>sacra</strong></span> <span class='ocrx_word' id='word_1_50' title='bbox 509 1254 579 1319; x_wconf 89' lang='lat' dir='ltr'><strong>loca</strong></span> <span class='ocrx_word' id='word_1_51' title='bbox 601 1254 810 1320; x_wconf 87' lang='lat' dir='ltr'><strong>ultramarina</strong></span> <span class='ocrx_word' id='word_1_52' title='bbox 843 1256 962 1335; x_wconf 88' lang='lat' dir='ltr'><strong>absque</strong></span> <span class='ocrx_word' id='word_1_53' title='bbox 985 1255 1166 1320; x_wconf 80' lang='lat' dir='ltr'><strong>incursione</strong></span> <span class='ocrx_word' id='word_1_54' title='bbox 1190 1256 1325 1320; x_wconf 88' lang='lat' dir='ltr'><strong>alicuius</strong></span> <span class='ocrx_word' id='word_1_55' title='bbox 1349 1258 1514 1322; x_wconf 89' lang='lat' dir='ltr'><strong>sentencie</strong></span> <span class='ocrx_word' id='word_1_56' title='bbox 1536 1257 1624 1322; x_wconf 89' lang='lat' dir='ltr'><strong>licite</strong></span> <span class='ocrx_word' id='word_1_57' title='bbox 1649 1259 1757 1325; x_wconf 89' lang='lat' dir='ltr'><strong>valeat</strong></span> 
     </span>
     <span class='ocr_line' id='line_1_9' title="bbox 249 1357 1049 1441; baseline 0.001 -19"><span class='ocrx_word' id='word_1_58' title='bbox 249 1358 392 1440; x_wconf 85' lang='lat' dir='ltr'><strong>visitare,</strong></span> <span class='ocrx_word' id='word_1_59' title='bbox 416 1357 478 1423; x_wconf 89' lang='lat' dir='ltr'><strong>sibi</strong></span> <span class='ocrx_word' id='word_1_60' title='bbox 501 1359 677 1423; x_wconf 91' lang='lat' dir='ltr'><strong>concedere</strong></span> <span class='ocrx_word' id='word_1_61' title='bbox 701 1359 874 1441; x_wconf 85' lang='lat' dir='ltr'><strong>dignemini</strong></span> <span class='ocrx_word' id='word_1_62' title='bbox 897 1358 1049 1440; x_wconf 87' lang='lat' dir='ltr'><strong>graciose.</strong></span> 
     </span>
    </p>

    <p class='ocr_par' dir='ltr' id='par_1_6' title="bbox 378 1462 516 1527">
     <span class='ocr_line' id='line_1_10' title="bbox 378 1462 516 1527; baseline 0.007 -1"><span class='ocrx_word' id='word_1_63' title='bbox 378 1462 451 1527; x_wconf 84' lang='lat' dir='ltr'><strong>Fiat</strong></span> <span class='ocrx_word' id='word_1_64' title='bbox 479 1462 516 1527; x_wconf 84' lang='lat' dir='ltr'><strong>G.</strong></span> 
     </span>
    </p>

    <p class='ocr_par' dir='ltr' id='par_1_7' title="bbox 248 1565 1757 2171">
     <span class='ocr_line' id='line_1_11' title="bbox 381 1565 1756 1647; baseline 0.004 -17"><span class='ocrx_word' id='word_1_65' title='bbox 381 1565 463 1630; x_wconf 89' lang='lat' dir='ltr'><strong>item</strong></span> <span class='ocrx_word' id='word_1_66' title='bbox 493 1573 651 1647; x_wconf 87' lang='lat' dir='ltr'><strong>quatenus</strong></span> <span class='ocrx_word' id='word_1_67' title='bbox 682 1567 799 1632; x_wconf 81' lang='lat' dir='ltr'><strong>ddecto</strong></span> <span class='ocrx_word' id='word_1_68' title='bbox 833 1585 891 1632; x_wconf 92' lang='lat' dir='ltr'><strong>suo</strong></span> <span class='ocrx_word' id='word_1_69' title='bbox 921 1567 1051 1632; x_wconf 84' lang='lat' dir='ltr'><strong>Nicolao</strong></span> <span class='ocrx_word' id='word_1_70' title='bbox 1079 1568 1236 1633; x_wconf 86' lang='lat' dir='ltr'><strong>Ponekow</strong></span> <span class='ocrx_word' id='word_1_71' title='bbox 1267 1567 1383 1634; x_wconf 88' lang='lat' dir='ltr'><strong>clerico</strong></span> <span class='ocrx_word' id='word_1_72' title='bbox 1414 1569 1588 1634; x_wconf 86' lang='lat' dir='ltr'><strong>liisnensis</strong></span> <span class='ocrx_word' id='word_1_73' title='bbox 1611 1571 1690 1636; x_wconf 93' lang='lat' dir='ltr'><strong>dioc.</strong></span> <span class='ocrx_word' id='word_1_74' title='bbox 1716 1571 1756 1636; x_wconf 90' lang='lat' dir='ltr'><strong>de</strong></span> 
     </span>
     <span class='ocr_line' id='line_1_12' title="bbox 250 1671 1757 1756; baseline 0.003 -21"><span class='ocrx_word' id='word_1_75' title='bbox 250 1671 438 1736; x_wconf 78' lang='lat' dir='ltr'><strong>canonicatu</strong></span> <span class='ocrx_word' id='word_1_76' title='bbox 461 1679 495 1735; x_wconf 91' lang='lat' dir='ltr'><strong>et</strong></span> <span class='ocrx_word' id='word_1_77' title='bbox 518 1672 682 1754; x_wconf 89' lang='lat' dir='ltr'><strong>prebenda</strong></span> <span class='ocrx_word' id='word_1_78' title='bbox 705 1672 839 1737; x_wconf 87' lang='lat' dir='ltr'><strong>ecclesie</strong></span> <span class='ocrx_word' id='word_1_79' title='bbox 862 1672 1147 1755; x_wconf 82' lang='lat' dir='ltr'><strong>Wratislauiensis,</strong></span> <span class='ocrx_word' id='word_1_80' title='bbox 1172 1672 1199 1736; x_wconf 89' lang='lat' dir='ltr'><strong>si</strong></span> <span class='ocrx_word' id='word_1_81' title='bbox 1221 1680 1336 1738; x_wconf 87' lang='lat' dir='ltr'><strong>vacant</strong></span> <span class='ocrx_word' id='word_1_82' title='bbox 1359 1673 1399 1737; x_wconf 88' lang='lat' dir='ltr'><strong>ad</strong></span> <span class='ocrx_word' id='word_1_83' title='bbox 1422 1690 1555 1756; x_wconf 88' lang='lat' dir='ltr'><strong>presens</strong></span> <span class='ocrx_word' id='word_1_84' title='bbox 1589 1674 1638 1738; x_wconf 85' lang='lat' dir='ltr'><strong>vel</strong></span> <span class='ocrx_word' id='word_1_85' title='bbox 1663 1693 1757 1756; x_wconf 90' lang='lat' dir='ltr'><strong>quam</strong></span> 
     </span>
     <span class='ocr_line' id='line_1_13' title="bbox 249 1775 1755 1862; baseline 0.002 -23"><span class='ocrx_word' id='word_1_86' title='bbox 249 1775 384 1857; x_wconf 89' lang='lat' dir='ltr'><strong>primum</strong></span> <span class='ocrx_word' id='word_1_87' title='bbox 418 1775 511 1840; x_wconf 91' lang='lat' dir='ltr'><strong>simul</strong></span> <span class='ocrx_word' id='word_1_88' title='bbox 542 1781 598 1840; x_wconf 89' lang='lat' dir='ltr'><strong>aut</strong></span> <span class='ocrx_word' id='word_1_89' title='bbox 628 1776 807 1841; x_wconf 87' lang='lat' dir='ltr'><strong>successive</strong></span> <span class='ocrx_word' id='word_1_90' title='bbox 838 1777 1031 1852; x_wconf 84' lang='lat' dir='ltr'><strong>vacaverint,</strong></span> <span class='ocrx_word' id='word_1_91' title='bbox 1068 1776 1241 1858; x_wconf 82' lang='lat' dir='ltr'><strong>dignemini</strong></span> <span class='ocrx_word' id='word_1_92' title='bbox 1271 1778 1304 1841; x_wconf 92' lang='lat' dir='ltr'><strong>iu</strong></span> <span class='ocrx_word' id='word_1_93' title='bbox 1334 1776 1436 1843; x_wconf 85' lang='lat' dir='ltr'><strong>forma</strong></span> <span class='ocrx_word' id='word_1_94' title='bbox 1459 1778 1555 1843; x_wconf 89' lang='lat' dir='ltr'><strong>solita</strong></span> <span class='ocrx_word' id='word_1_95' title='bbox 1576 1778 1755 1862; x_wconf 87' lang='lat' dir='ltr'><strong>providere,</strong></span> 
     </span>
     <span class='ocr_line' id='line_1_14' title="bbox 250 1880 1754 1963; baseline 0.004 -21"><span class='ocrx_word' id='word_1_96' title='bbox 250 1880 493 1958; x_wconf 86' lang='lat' dir='ltr'><strong>nonobstante,</strong></span> <span class='ocrx_word' id='word_1_97' title='bbox 533 1881 616 1962; x_wconf 89' lang='lat' dir='ltr'><strong>quod</strong></span> <span class='ocrx_word' id='word_1_98' title='bbox 638 1887 826 1963; x_wconf 86' lang='lat' dir='ltr'><strong>perpetuam</strong></span> <span class='ocrx_word' id='word_1_99' title='bbox 848 1881 999 1946; x_wconf 81' lang='lat' dir='ltr'><strong>vicariam</strong></span> <span class='ocrx_word' id='word_1_100' title='bbox 1023 1881 1134 1945; x_wconf 85' lang='lat' dir='ltr'><strong>altaris</strong></span> <span class='ocrx_word' id='word_1_101' title='bbox 1157 1887 1339 1945; x_wconf 88' lang='lat' dir='ltr'><strong>sauctorum</strong></span> <span class='ocrx_word' id='word_1_102' title='bbox 1365 1881 1483 1946; x_wconf 86' lang='lat' dir='ltr'><strong>Felicis</strong></span> <span class='ocrx_word' id='word_1_103' title='bbox 1506 1890 1540 1946; x_wconf 91' lang='lat' dir='ltr'><strong>et</strong></span> <span class='ocrx_word' id='word_1_104' title='bbox 1561 1883 1699 1948; x_wconf 79' lang='lat' dir='ltr'><strong>Adducti</strong></span> <span class='ocrx_word' id='word_1_105' title='bbox 1720 1883 1754 1947; x_wconf 91' lang='lat' dir='ltr'><strong>iu</strong></span> 
     </span>
     <span class='ocr_line' id='line_1_15' title="bbox 250 1982 1754 2067; baseline 0.003 -21"><span class='ocrx_word' id='word_1_106' title='bbox 250 1982 387 2047; x_wconf 86' lang='lat' dir='ltr'><strong>ecelesia</strong></span> <span class='ocrx_word' id='word_1_107' title='bbox 409 2001 434 2048; x_wconf 91' lang='lat' dir='ltr'><strong>s.</strong></span> <span class='ocrx_word' id='word_1_108' title='bbox 460 1983 578 2066; x_wconf 85' lang='lat' dir='ltr'><strong>Georgi</strong></span> <span class='ocrx_word' id='word_1_109' title='bbox 600 1984 633 2048; x_wconf 92' lang='lat' dir='ltr'><strong>in</strong></span> <span class='ocrx_word' id='word_1_110' title='bbox 655 1984 903 2067; x_wconf 88' lang='lat' dir='ltr'><strong>Munsterbergh</strong></span> <span class='ocrx_word' id='word_1_111' title='bbox 926 1983 1202 2048; x_wconf 88' lang='lat' dir='ltr'><strong>Wratislauieusis</strong></span> <span class='ocrx_word' id='word_1_112' title='bbox 1226 1983 1305 2049; x_wconf 89' lang='lat' dir='ltr'><strong>dioc.</strong></span> <span class='ocrx_word' id='word_1_113' title='bbox 1330 1985 1472 2050; x_wconf 90' lang='lat' dir='ltr'><strong>noscitur</strong></span> <span class='ocrx_word' id='word_1_114' title='bbox 1496 1984 1651 2065; x_wconf 82' lang='lat' dir='ltr'><strong>obtinere,</strong></span> <span class='ocrx_word' id='word_1_115' title='bbox 1684 2003 1754 2052; x_wconf 93' lang='lat' dir='ltr'><strong>cum</strong></span> 
     </span>
     <span class='ocr_line' id='line_1_16' title="bbox 248 2086 1367 2171; baseline 0 -21"><span class='ocrx_word' id='word_1_116' title='bbox 248 2086 320 2151; x_wconf 88' lang='lat' dir='ltr'><strong>aliis</strong></span> <span class='ocrx_word' id='word_1_117' title='bbox 342 2103 406 2151; x_wconf 89' lang='lat' dir='ltr'><strong>uon</strong></span> <span class='ocrx_word' id='word_1_118' title='bbox 428 2088 630 2154; x_wconf 84' lang='lat' dir='ltr'><strong>obstantibus</strong></span> <span class='ocrx_word' id='word_1_119' title='bbox 653 2094 688 2153; x_wconf 90' lang='lat' dir='ltr'><strong>et</strong></span> <span class='ocrx_word' id='word_1_120' title='bbox 709 2088 862 2154; x_wconf 86' lang='lat' dir='ltr'><strong>clausulis</strong></span> <span class='ocrx_word' id='word_1_121' title='bbox 885 2088 1051 2171; x_wconf 87' lang='lat' dir='ltr'><strong>oportunis</strong></span> <span class='ocrx_word' id='word_1_122' title='bbox 1074 2106 1110 2152; x_wconf 91' lang='lat' dir='ltr'><strong>ac</strong></span> <span class='ocrx_word' id='word_1_123' title='bbox 1133 2087 1367 2153; x_wconf 82' lang='lat' dir='ltr'><strong>executoribus.</strong></span> 
     </span>
    </p>

    <p class='ocr_par' dir='ltr' id='par_1_8' title="bbox 376 2191 1587 2273">
     <span class='ocr_line' id='line_1_17' title="bbox 376 2191 1587 2273; baseline 0.003 -18"><span class='ocrx_word' id='word_1_124' title='bbox 376 2191 449 2256; x_wconf 87' lang='lat' dir='ltr'><strong>Fiat</strong></span> <span class='ocrx_word' id='word_1_125' title='bbox 472 2192 508 2256; x_wconf 85' lang='lat' dir='ltr'><strong>G.</strong></span> <span class='ocrx_word' id='word_1_126' title='bbox 533 2193 577 2258; x_wconf 86' lang='lat' dir='ltr'><strong>Et</strong></span> <span class='ocrx_word' id='word_1_127' title='bbox 599 2194 684 2273; x_wconf 87' lang='lat' dir='ltr'><strong>quud</strong></span> <span class='ocrx_word' id='word_1_128' title='bbox 706 2198 850 2258; x_wconf 86' lang='lat' dir='ltr'><strong>trauseat</strong></span> <span class='ocrx_word' id='word_1_129' title='bbox 872 2193 941 2257; x_wconf 90' lang='lat' dir='ltr'><strong>siue</strong></span> <span class='ocrx_word' id='word_1_130' title='bbox 965 2192 1110 2256; x_wconf 81' lang='lat' dir='ltr'><strong>examine</strong></span> <span class='ocrx_word' id='word_1_131' title='bbox 1134 2198 1168 2257; x_wconf 94' lang='lat' dir='ltr'><strong>et</strong></span> <span class='ocrx_word' id='word_1_132' title='bbox 1191 2192 1255 2257; x_wconf 88' lang='lat' dir='ltr'><strong>alia</strong></span> <span class='ocrx_word' id='word_1_133' title='bbox 1277 2192 1429 2257; x_wconf 88' lang='lat' dir='ltr'><strong>leccione.</strong></span> <span class='ocrx_word' id='word_1_134' title='bbox 1454 2193 1528 2258; x_wconf 85' lang='lat' dir='ltr'><strong>Fiat</strong></span> <span class='ocrx_word' id='word_1_135' title='bbox 1551 2194 1587 2259; x_wconf 90' lang='lat' dir='ltr'><strong>G.</strong></span> 
     </span>
    </p>

    <p class='ocr_par' dir='ltr' id='par_1_9' title="bbox 376 2292 1124 2363">
     <span class='ocr_line' id='line_1_18' title="bbox 376 2292 1124 2363; baseline 0.001 -4"><span class='ocrx_word' id='word_1_136' title='bbox 376 2294 415 2359; x_wconf 86' lang='lat' dir='ltr'><strong>i).</strong></span> <span class='ocrx_word' id='word_1_137' title='bbox 439 2295 597 2362; x_wconf 72' lang='lat' dir='ltr'><strong>,iuluione</strong></span> <span class='ocrx_word' id='word_1_138' title='bbox 620 2296 712 2361; x_wconf 85' lang='lat' dir='ltr'>XVII</span> <span class='ocrx_word' id='word_1_139' title='bbox 734 2292 796 2363; x_wconf 84' lang='lat' dir='ltr'><strong>kal.</strong></span> <span class='ocrx_word' id='word_1_140' title='bbox 821 2294 900 2361; x_wconf 91' lang='lat' dir='ltr'><strong>Maii</strong></span> <span class='ocrx_word' id='word_1_141' title='bbox 923 2315 951 2361; x_wconf 92' lang='lat' dir='ltr'><strong>a.</strong></span> <span class='ocrx_word' id='word_1_142' title='bbox 975 2296 1124 2362; x_wconf 91' lang='lat' dir='ltr'><strong>secundo.</strong></span> 
     </span>
    </p>
   </div>
   <div class='ocr_carea' id='block_1_3' title="bbox 378 2482 714 2553">
    <p class='ocr_par' dir='ltr' id='par_1_10' title="bbox 378 2482 714 2553">
     <span class='ocr_line' id='line_1_19' title="bbox 378 2482 714 2553; baseline 0.003 -17"><span class='ocrx_word' id='word_1_143' title='bbox 378 2482 410 2536; x_wconf 88' lang='lat' dir='ltr'><strong>R.</strong></span> <span class='ocrx_word' id='word_1_144' title='bbox 431 2482 526 2553; x_wconf 86' lang='lat' dir='ltr'><strong>Suppl.</strong></span> <span class='ocrx_word' id='word_1_145' title='bbox 545 2491 579 2538; x_wconf 74' lang='lat'><strong>26</strong></span> <span class='ocrx_word' id='word_1_146' title='bbox 597 2483 645 2539; x_wconf 85' lang='lat' dir='ltr'><strong>iol.</strong></span> <span class='ocrx_word' id='word_1_147' title='bbox 663 2491 714 2540; x_wconf 79' lang='lat'><strong>86⁴.</strong></span> 
     </span>
    </p>
   </div>
   <div class='ocr_carea' id='block_1_4' title="bbox 896 2644 1101 2651">
    <p class='ocr_par' dir='ltr' id='par_1_11' title="bbox 896 2644 1101 2651">
     <span class='ocr_line' id='line_1_20' title="bbox 896 2644 1101 2651; baseline 0.01 -3"><span class='ocrx_word' id='word_1_148' title='bbox 896 2644 1101 2651; x_wconf 54' lang='grc' dir='ltr'>ῃ</span> 
     </span>
    </p>
   </div>
   <div class='ocr_carea' id='block_1_5' title="bbox 239 2811 1751 3314">
    <p class='ocr_par' dir='ltr' id='par_1_12' title="bbox 239 2811 1751 3314">
     <span class='ocr_line' id='line_1_21' title="bbox 247 2811 1751 2899; baseline 0.002 -24"><span class='ocrx_word' id='word_1_149' title='bbox 247 2811 334 2878; x_wconf 71' lang='lat'><strong>229.</strong></span> <span class='ocrx_word' id='word_1_150' title='bbox 361 2812 494 2877; x_wconf 83' lang='lat' dir='ltr'><strong>Nicolao</strong></span> <span class='ocrx_word' id='word_1_151' title='bbox 517 2813 668 2878; x_wconf 73' lang='lat' dir='ltr'><strong>Pondrow</strong></span> <span class='ocrx_word' id='word_1_152' title='bbox 687 2813 871 2899; x_wconf 80' lang='lat' dir='ltr'><strong>providetur</strong></span> <span class='ocrx_word' id='word_1_153' title='bbox 892 2815 930 2878; x_wconf 85' lang='lat' dir='ltr'><strong>de</strong></span> <span class='ocrx_word' id='word_1_154' title='bbox 953 2816 1140 2881; x_wconf 67' lang='lat' dir='ltr'><strong>eunonuotu</strong></span> <span class='ocrx_word' id='word_1_155' title='bbox 1162 2815 1308 2881; x_wconf 70' lang='lat' dir='ltr'><strong>eulesim</strong></span> <span class='ocrx_word' id='word_1_156' title='bbox 1334 2814 1590 2880; x_wconf 81' lang='lat' dir='ltr'><strong>Vrotisluoiensis</strong></span> <span class='ocrx_word' id='word_1_157' title='bbox 1612 2813 1669 2878; x_wconf 85' lang='lat' dir='ltr'><strong>sub</strong></span> <span class='ocrx_word' id='word_1_158' title='bbox 1696 2834 1751 2879; x_wconf 79' lang='lat' dir='ltr'><strong>er-</strong></span> 
     </span>
     <span class='ocr_line' id='line_1_22' title="bbox 239 2917 1751 3004; baseline 0.003 -26"><span class='ocrx_word' id='word_1_159' title='bbox 239 2917 417 2996; x_wconf 72' lang='lat' dir='ltr'><strong>pactuatione</strong></span> <span class='ocrx_word' id='word_1_160' title='bbox 429 2917 636 3000; x_wconf 69' lang='lat' dir='ltr'><strong>praeustae,</strong></span> <span class='ocrx_word' id='word_1_161' title='bbox 650 2940 713 2982; x_wconf 89' lang='lat' dir='ltr'><strong>non</strong></span> <span class='ocrx_word' id='word_1_162' title='bbox 726 2918 920 2984; x_wconf 82' lang='lat' dir='ltr'><strong>obstantibus</strong></span> <span class='ocrx_word' id='word_1_163' title='bbox 941 2925 977 2984; x_wconf 91' lang='lat' dir='ltr'><strong>ut</strong></span> <span class='ocrx_word' id='word_1_164' title='bbox 992 2921 1027 2985; x_wconf 87' lang='lat' dir='ltr'><strong>in</strong></span> <span class='ocrx_word' id='word_1_165' title='bbox 1040 2919 1271 3004; x_wconf 73' lang='lat' dir='ltr'><strong>supplicatione</strong></span> <span class='ocrx_word' id='word_1_166' title='bbox 1291 2919 1348 2983; x_wconf 83' lang='lat' dir='ltr'><strong>sul</strong></span> <span class='ocrx_word' id='word_1_167' title='bbox 1363 2941 1412 2984; x_wconf 88' lang='lat' dir='ltr'><strong>nr.</strong></span> <span class='ocrx_word' id='word_1_168' title='bbox 1434 2918 1508 2984; x_wconf 87' lang='lat'><em>228.</em></span> <span class='ocrx_word' id='word_1_169' title='bbox 1535 2917 1751 2999; x_wconf 76' lang='lat' dir='ltr'><strong>„Laudabilia</strong></span> 
     </span>
     <span class='ocr_line' id='line_1_23' title="bbox 244 3007 1746 3104; baseline 0.005 -24"><span class='ocrx_word' id='word_1_170' title='bbox 244 3021 295 3081; x_wconf 65' lang='lat' dir='ltr'><strong>rue</strong></span> <span class='ocrx_word' id='word_1_171' title='bbox 308 3020 498 3101; x_wconf 63' lang='lat' dir='ltr'><strong>praesumas</strong></span> <span class='ocrx_word' id='word_1_172' title='bbox 528 3021 700 3104; x_wconf 69' lang='lat' dir='ltr'><strong>„sarnam</strong></span> <span class='ocrx_word' id='word_1_173' title='bbox 736 3023 841 3088; x_wconf 74' lang='lat' dir='ltr'><strong>surr</strong></span> <span class='ocrx_word' id='word_1_174' title='bbox 871 3023 935 3090; x_wconf 77' lang='lat' dir='ltr'><strong>aar.</strong></span> <span class='ocrx_word' id='word_1_175' title='bbox 974 3007 1061 3088; x_wconf 73' lang='lat' dir='ltr'><strong>nasi</strong></span> <span class='ocrx_word' id='word_1_176' title='bbox 1093 3046 1124 3089; x_wconf 76' lang='lat' dir='ltr'><strong>a.</strong></span> <span class='ocrx_word' id='word_1_177' title='bbox 1156 3024 1319 3089; x_wconf 66' lang='lat' dir='ltr'><strong>sesanna</strong></span> <span class='ocrx_word' id='word_1_178' title='bbox 1342 3060 1376 3070; x_wconf 88' lang='lat'>-</span> <span class='ocrx_word' id='word_1_179' title='bbox 1394 3024 1434 3087; x_wconf 77' lang='lat' dir='ltr'><strong>a</strong></span> <span class='ocrx_word' id='word_1_180' title='bbox 1455 3045 1480 3088; x_wconf 68' lang='lat' dir='ltr'><strong>a.</strong></span> <span class='ocrx_word' id='word_1_181' title='bbox 1503 3043 1543 3086; x_wconf 80' lang='lat' dir='ltr'><strong>m.</strong></span> <span class='ocrx_word' id='word_1_182' title='bbox 1566 3042 1592 3088; x_wconf 81' lang='lat' dir='ltr'><strong>s.</strong></span> <span class='ocrx_word' id='word_1_183' title='bbox 1618 3022 1746 3087; x_wconf 76' lang='lat' dir='ltr'><strong>narsae</strong></span> 
     </span>
     <span class='ocr_line' id='line_1_24' title="bbox 245 3121 1750 3210; baseline 0.004 -26"><span class='ocrx_word' id='word_1_184' title='bbox 245 3121 279 3184; x_wconf 91' lang='lat' dir='ltr'><strong>in</strong></span> <span class='ocrx_word' id='word_1_185' title='bbox 299 3126 408 3189; x_wconf 84' lang='lat' dir='ltr'><strong>Arena</strong></span> <span class='ocrx_word' id='word_1_186' title='bbox 431 3129 508 3192; x_wconf 88' lang='lat' dir='ltr'><strong>ets.</strong></span> <span class='ocrx_word' id='word_1_187' title='bbox 540 3126 696 3192; x_wconf 87' lang='lat' dir='ltr'><strong>Vincencii</strong></span> <span class='ocrx_word' id='word_1_188' title='bbox 710 3148 812 3210; x_wconf 90' lang='lat' dir='ltr'><strong>prope</strong></span> <span class='ocrx_word' id='word_1_189' title='bbox 843 3127 1070 3194; x_wconf 85' lang='lat' dir='ltr'><strong>Vratislaviam</strong></span> <span class='ocrx_word' id='word_1_190' title='bbox 1091 3129 1352 3193; x_wconf 69' lang='lat' dir='ltr'><strong>monasteriorum</strong></span> <span class='ocrx_word' id='word_1_191' title='bbox 1382 3126 1548 3191; x_wconf 82' lang='lat' dir='ltr'><strong>abbatibus</strong></span> <span class='ocrx_word' id='word_1_192' title='bbox 1570 3145 1608 3190; x_wconf 86' lang='lat' dir='ltr'><strong>ac</strong></span> <span class='ocrx_word' id='word_1_193' title='bbox 1631 3125 1750 3191; x_wconf 55' lang='lat' dir='ltr'><strong>&amp;cano</strong></span> 
     </span>
     <span class='ocr_line' id='line_1_25' title="bbox 690 3231 1299 3314; baseline 0.002 -19"><span class='ocrx_word' id='word_1_194' title='bbox 690 3231 836 3297; x_wconf 85' lang='lat' dir='ltr'><strong>ecclesiae</strong></span> <span class='ocrx_word' id='word_1_195' title='bbox 857 3254 883 3298; x_wconf 86' lang='lat' dir='ltr'><strong>s.</strong></span> <span class='ocrx_word' id='word_1_196' title='bbox 907 3232 1048 3314; x_wconf 75' lang='lat' dir='ltr'><strong>Apricoli</strong></span> <span class='ocrx_word' id='word_1_197' title='bbox 1070 3232 1299 3296; x_wconf 77' lang='lat' dir='ltr'><strong>Aninionensis.</strong></span> 
     </span>
    </p>
   </div>
   <div class='ocr_carea' id='block_1_6' title="bbox 1212 3368 1704 3454">
    <p class='ocr_par' dir='ltr' id='par_1_13' title="bbox 1212 3368 1704 3454">
     <span class='ocr_line' id='line_1_26' title="bbox 1212 3368 1704 3454; baseline -0.006 -18"><span class='ocrx_word' id='word_1_198' title='bbox 1212 3371 1376 3454; x_wconf 83' lang='lat' dir='ltr'><strong>Aninioue,</strong></span> <span class='ocrx_word' id='word_1_199' title='bbox 1402 3370 1486 3436; x_wconf 78' lang='lat'><strong><em>1354</em></strong></span> <span class='ocrx_word' id='word_1_200' title='bbox 1508 3368 1630 3452; x_wconf 76' lang='lat' dir='ltr'><strong>Aprilis</strong></span> <span class='ocrx_word' id='word_1_201' title='bbox 1652 3371 1704 3434; x_wconf 80' lang='lat'><strong>15.</strong></span> 
     </span>
    </p>
   </div>
   <div class='ocr_carea' id='block_1_7' title="bbox 291 3283 393 3471">
    <p class='ocr_par' dir='ltr' id='par_1_14' title="bbox 291 3283 393 3471">
     <span class='ocr_line' id='line_1_27' title="bbox 326 3283 379 3394; baseline 0 -18"><span class='ocrx_word' id='word_1_202' title='bbox 326 3283 379 3394; x_wconf 60' lang='lat' dir='ltr'><strong>pl</strong></span> 
     </span>
     <span class='ocr_line' id='line_1_28' title="bbox 291 3388 393 3471; baseline 0.029 -3"><span class='ocrx_word' id='word_1_203' title='bbox 291 3388 393 3471; x_wconf 62' lang='lat' dir='ltr'><strong>‚rii</strong></span> 
     </span>
    </p>
   </div>
   <div class='ocr_carea' id='block_1_8' title="bbox 370 3557 1409 3629">
    <p class='ocr_par' dir='ltr' id='par_1_15' title="bbox 370 3557 1409 3629">
     <span class='ocr_line' id='line_1_29' title="bbox 370 3557 1409 3629; baseline 0 -18"><span class='ocrx_word' id='word_1_204' title='bbox 370 3557 401 3611; x_wconf 79' lang='lat' dir='ltr'><strong>u</strong></span> <span class='ocrx_word' id='word_1_205' title='bbox 419 3561 470 3613; x_wconf 85' lang='lat' dir='ltr'><strong>Av.</strong></span> <span class='ocrx_word' id='word_1_206' title='bbox 489 3564 539 3613; x_wconf 70' lang='lat'><strong>126</strong></span> <span class='ocrx_word' id='word_1_207' title='bbox 557 3559 604 3615; x_wconf 86' lang='lat' dir='ltr'><strong>iol.</strong></span> <span class='ocrx_word' id='word_1_208' title='bbox 623 3566 682 3614; x_wconf 80' lang='lat'><strong>401.</strong></span> <span class='ocrx_word' id='word_1_209' title='bbox 702 3589 735 3601; x_wconf 93' lang='lat'><em>-</em></span> <span class='ocrx_word' id='word_1_210' title='bbox 753 3561 820 3629; x_wconf 85' lang='lat' dir='ltr'><strong>Reg.</strong></span> <span class='ocrx_word' id='word_1_211' title='bbox 838 3561 867 3615; x_wconf 89' lang='lat' dir='ltr'><strong>in</strong></span> <span class='ocrx_word' id='word_1_212' title='bbox 885 3561 983 3618; x_wconf 82' lang='lat' dir='ltr'><strong>ZVGA</strong></span> <span class='ocrx_word' id='word_1_213' title='bbox 1001 3561 1157 3618; x_wconf 83' lang='lat' dir='ltr'><strong>Sahlesieus</strong></span> <span class='ocrx_word' id='word_1_214' title='bbox 1177 3558 1252 3612; x_wconf 87' lang='lat' dir='ltr'><strong>XXV</strong></span> <span class='ocrx_word' id='word_1_215' title='bbox 1271 3575 1331 3628; x_wconf 85' lang='lat' dir='ltr'><strong>pag.</strong></span> <span class='ocrx_word' id='word_1_216' title='bbox 1351 3565 1409 3612; x_wconf 74' lang='lat'>297.</span> 
     </span>
    </p>
   </div>
   <div class='ocr_carea' id='block_1_9' title="bbox 244 3940 1748 4220">
    <p class='ocr_par' dir='ltr' id='par_1_16' title="bbox 244 3940 1748 4220">
     <span class='ocr_line' id='line_1_30' title="bbox 245 3940 1746 4031; baseline -0.002 -23"><span class='ocrx_word' id='word_1_217' title='bbox 245 3940 330 4008; x_wconf 76' lang='lat'><strong><em>23⁰.</em></strong></span> <span class='ocrx_word' id='word_1_218' title='bbox 362 3943 507 4009; x_wconf 75' lang='lat' dir='ltr'><strong>Metilius</strong></span> <span class='ocrx_word' id='word_1_219' title='bbox 530 3958 630 4010; x_wconf 85' lang='lat' dir='ltr'><strong>comes</strong></span> <span class='ocrx_word' id='word_1_220' title='bbox 651 3942 689 4010; x_wconf 75' lang='lat' dir='ltr'><strong>cle</strong></span> <span class='ocrx_word' id='word_1_221' title='bbox 715 3946 847 4013; x_wconf 74' lang='lat' dir='ltr'><strong>ilentin</strong></span> <span class='ocrx_word' id='word_1_222' title='bbox 867 3947 1039 4031; x_wconf 87' lang='lat' dir='ltr'><strong>supplicat,</strong></span> <span class='ocrx_word' id='word_1_223' title='bbox 1069 3949 1223 4027; x_wconf 80' lang='lat' dir='ltr'><strong>quatenus</strong></span> <span class='ocrx_word' id='word_1_224' title='bbox 1245 3941 1307 4007; x_wconf 82' lang='lat' dir='ltr'><strong>sibi</strong></span> <span class='ocrx_word' id='word_1_225' title='bbox 1333 3941 1475 4006; x_wconf 81' lang='lat' dir='ltr'><strong>diversae</strong></span> <span class='ocrx_word' id='word_1_226' title='bbox 1495 3940 1622 4021; x_wconf 77' lang='lat' dir='ltr'><strong>pretias</strong></span> <span class='ocrx_word' id='word_1_227' title='bbox 1643 3960 1746 4005; x_wconf 86' lang='lat' dir='ltr'><strong>conce·</strong></span> 
     </span>
     <span class='ocr_line' id='line_1_31' title="bbox 244 4042 1748 4132; baseline -0.003 -21"><span class='ocrx_word' id='word_1_228' title='bbox 244 4047 358 4112; x_wconf 84' lang='lat' dir='ltr'><strong>dantur</strong></span> <span class='ocrx_word' id='word_1_229' title='bbox 372 4055 401 4113; x_wconf 88' lang='lat' dir='ltr'><strong>et</strong></span> <span class='ocrx_word' id='word_1_230' title='bbox 416 4049 536 4117; x_wconf 67' lang='lat' dir='ltr'><strong>,Iacobo</strong></span> <span class='ocrx_word' id='word_1_231' title='bbox 558 4051 596 4114; x_wconf 75' lang='lat' dir='ltr'><strong>cte</strong></span> <span class='ocrx_word' id='word_1_232' title='bbox 611 4051 825 4132; x_wconf 79' lang='lat' dir='ltr'><strong>Kunsendorf</strong></span> <span class='ocrx_word' id='word_1_233' title='bbox 832 4049 1012 4130; x_wconf 76' lang='lat' dir='ltr'><strong>beneficium</strong></span> <span class='ocrx_word' id='word_1_234' title='bbox 1026 4049 1270 4115; x_wconf 82' lang='lat' dir='ltr'><strong>ecclesiasticum</strong></span> <span class='ocrx_word' id='word_1_235' title='bbox 1293 4048 1328 4109; x_wconf 90' lang='lat' dir='ltr'><strong>in</strong></span> <span class='ocrx_word' id='word_1_236' title='bbox 1351 4045 1482 4110; x_wconf 73' lang='lat' dir='ltr'><strong>roclena</strong></span> <span class='ocrx_word' id='word_1_237' title='bbox 1505 4042 1748 4109; x_wconf 84' lang='lat' dir='ltr'><strong>Vratislaoiensi</strong></span> 
     </span>
     <span class='ocr_line' id='line_1_32' title="bbox 903 4158 1085 4220; baseline 0.011 -2"><span class='ocrx_word' id='word_1_238' title='bbox 903 4158 1085 4220; x_wconf 80' lang='lat' dir='ltr'><strong>reservetur.</strong></span> 
     </span>
    </p>
   </div>
   <div class='ocr_carea' id='block_1_10' title="bbox 1206 4288 1700 4369">
    <p class='ocr_par' dir='ltr' id='par_1_17' title="bbox 1206 4288 1700 4369">
     <span class='ocr_line' id='line_1_33' title="bbox 1206 4288 1700 4369; baseline -0.012 -10"><span class='ocrx_word' id='word_1_239' title='bbox 1206 4292 1369 4368; x_wconf 82' lang='lat' dir='ltr'><strong>Aninione,</strong></span> <span class='ocrx_word' id='word_1_240' title='bbox 1392 4291 1478 4354; x_wconf 80' lang='lat'><strong><em>1354</em></strong></span> <span class='ocrx_word' id='word_1_241' title='bbox 1500 4288 1627 4369; x_wconf 83' lang='lat' dir='ltr'><strong>Aprilis</strong></span> <span class='ocrx_word' id='word_1_242' title='bbox 1648 4290 1700 4353; x_wconf 83' lang='lat'><strong>15.</strong></span> 
     </span>
    </p>
   </div>
   <div class='ocr_carea' id='block_1_11' title="bbox 244 4479 1744 4676">
    <p class='ocr_par' dir='ltr' id='par_1_18' title="bbox 244 4479 1744 4676">
     <span class='ocr_line' id='line_1_34' title="bbox 368 4479 1744 4568; baseline -0.004 -20"><span class='ocrx_word' id='word_1_243' title='bbox 368 4483 532 4568; x_wconf 87' lang='lat' dir='ltr'><strong>Supplicat</strong></span> <span class='ocrx_word' id='word_1_244' title='bbox 547 4483 587 4552; x_wconf 79' lang='lat' dir='ltr'><strong>Sti</strong></span> <span class='ocrx_word' id='word_1_245' title='bbox 614 4487 667 4552; x_wconf 74' lang='lat' dir='ltr'><strong>V¹⁶</strong></span> <span class='ocrx_word' id='word_1_246' title='bbox 684 4488 818 4552; x_wconf 87' lang='lat' dir='ltr'><strong>devotus</strong></span> <span class='ocrx_word' id='word_1_247' title='bbox 834 4485 917 4550; x_wconf 87' lang='lat' dir='ltr'><strong>iilius</strong></span> <span class='ocrx_word' id='word_1_248' title='bbox 933 4491 1041 4551; x_wconf 86' lang='lat' dir='ltr'><strong>vester</strong></span> <span class='ocrx_word' id='word_1_249' title='bbox 1056 4483 1196 4548; x_wconf 87' lang='lat' dir='ltr'><strong>Mathias</strong></span> <span class='ocrx_word' id='word_1_250' title='bbox 1212 4500 1316 4547; x_wconf 89' lang='lat' dir='ltr'><strong>comes</strong></span> <span class='ocrx_word' id='word_1_251' title='bbox 1339 4481 1379 4545; x_wconf 91' lang='lat' dir='ltr'><strong>de</strong></span> <span class='ocrx_word' id='word_1_252' title='bbox 1402 4479 1530 4550; x_wconf 76' lang='lat' dir='ltr'><strong>uranu.</strong></span> <span class='ocrx_word' id='word_1_253' title='bbox 1553 4479 1646 4544; x_wconf 90' lang='lat' dir='ltr'><strong>miles</strong></span> <span class='ocrx_word' id='word_1_254' title='bbox 1670 4480 1744 4544; x_wconf 90' lang='lat' dir='ltr'><strong>Pra-</strong></span> 
     </span>
     <span class='ocr_line' id='line_1_35' title="bbox 244 4582 1744 4676; baseline -0.007 -17"><span class='ocrx_word' id='word_1_255' title='bbox 244 4596 346 4675; x_wconf 85' lang='lat' dir='ltr'><strong>geusis</strong></span> <span class='ocrx_word' id='word_1_256' title='bbox 375 4594 465 4676; x_wconf 82' lang='lat' dir='ltr'><strong>dioc,</strong></span> <span class='ocrx_word' id='word_1_257' title='bbox 505 4599 662 4675; x_wconf 85' lang='lat' dir='ltr'><strong>quatenus</strong></span> <span class='ocrx_word' id='word_1_258' title='bbox 692 4592 754 4658; x_wconf 92' lang='lat' dir='ltr'><strong>sibi</strong></span> <span class='ocrx_word' id='word_1_259' title='bbox 783 4597 818 4656; x_wconf 91' lang='lat' dir='ltr'><strong>et</strong></span> <span class='ocrx_word' id='word_1_260' title='bbox 845 4591 947 4674; x_wconf 88' lang='lat' dir='ltr'><strong>ipsius</strong></span> <span class='ocrx_word' id='word_1_261' title='bbox 976 4589 1067 4653; x_wconf 82' lang='lat' dir='ltr'><strong>uxori</strong></span> <span class='ocrx_word' id='word_1_262' title='bbox 1101 4607 1137 4652; x_wconf 91' lang='lat' dir='ltr'><strong>ac</strong></span> <span class='ocrx_word' id='word_1_263' title='bbox 1178 4605 1234 4651; x_wconf 86' lang='lat' dir='ltr'><strong>sex</strong></span> <span class='ocrx_word' id='word_1_264' title='bbox 1276 4583 1422 4667; x_wconf 88' lang='lat' dir='ltr'><strong>personis</strong></span> <span class='ocrx_word' id='word_1_265' title='bbox 1456 4582 1528 4648; x_wconf 89' lang='lat' dir='ltr'><strong>aliis</strong></span> <span class='ocrx_word' id='word_1_266' title='bbox 1568 4584 1601 4647; x_wconf 91' lang='lat' dir='ltr'><strong>in</strong></span> <span class='ocrx_word' id='word_1_267' title='bbox 1637 4590 1744 4649; x_wconf 87' lang='lat' dir='ltr'><strong>vestra</strong></span> 
     </span>
    </p>
   </div>
   <div class='ocr_carea' id='block_1_12' title="bbox 244 4686 1744 4886">
    <p class='ocr_par' dir='ltr' id='par_1_19' title="bbox 244 4686 1744 4886">
     <span class='ocr_line' id='line_1_36' title="bbox 244 4686 1743 4782; baseline -0.008 -20"><span class='ocrx_word' id='word_1_268' title='bbox 244 4698 428 4764; x_wconf 80' lang='lat' dir='ltr'><strong>amsellaria</strong></span> <span class='ocrx_word' id='word_1_269' title='bbox 450 4698 665 4782; x_wconf 80' lang='lat' dir='ltr'><strong>exprimendis</strong></span> <span class='ocrx_word' id='word_1_270' title='bbox 688 4698 728 4763; x_wconf 94' lang='lat' dir='ltr'><strong>de</strong></span> <span class='ocrx_word' id='word_1_271' title='bbox 744 4695 875 4780; x_wconf 87' lang='lat' dir='ltr'><strong>speciali</strong></span> <span class='ocrx_word' id='word_1_272' title='bbox 890 4694 997 4777; x_wconf 81' lang='lat' dir='ltr'><strong>gracia</strong></span> <span class='ocrx_word' id='word_1_273' title='bbox 1013 4691 1186 4775; x_wconf 88' lang='lat' dir='ltr'><strong>dignemini</strong></span> <span class='ocrx_word' id='word_1_274' title='bbox 1201 4690 1378 4771; x_wconf 88' lang='lat' dir='ltr'><strong>indulgere,</strong></span> <span class='ocrx_word' id='word_1_275' title='bbox 1401 4693 1438 4752; x_wconf 91' lang='lat' dir='ltr'><strong>ut</strong></span> <span class='ocrx_word' id='word_1_276' title='bbox 1456 4686 1626 4770; x_wconf 81' lang='lat' dir='ltr'><strong>confessor,</strong></span> <span class='ocrx_word' id='word_1_277' title='bbox 1650 4706 1743 4769; x_wconf 91' lang='lat' dir='ltr'><strong>quem</strong></span> 
     </span>
     <span class='ocr_line' id='line_1_37' title="bbox 245 4790 1744 4886; baseline -0.007 -19"><span class='ocrx_word' id='word_1_278' title='bbox 245 4803 374 4883; x_wconf 86' lang='lat' dir='ltr'><strong>quilibet</strong></span> <span class='ocrx_word' id='word_1_279' title='bbox 395 4805 536 4886; x_wconf 90' lang='lat' dir='ltr'><strong>ipsorum</strong></span> <span class='ocrx_word' id='word_1_280' title='bbox 559 4802 687 4867; x_wconf 83' lang='lat' dir='ltr'><strong>duxerit</strong></span> <span class='ocrx_word' id='word_1_281' title='bbox 709 4800 901 4884; x_wconf 86' lang='lat' dir='ltr'><strong>eligendum,</strong></span> <span class='ocrx_word' id='word_1_282' title='bbox 925 4797 1025 4863; x_wconf 90' lang='lat' dir='ltr'><strong>semel</strong></span> <span class='ocrx_word' id='word_1_283' title='bbox 1040 4802 1164 4861; x_wconf 89' lang='lat' dir='ltr'><strong>tautum</strong></span> <span class='ocrx_word' id='word_1_284' title='bbox 1186 4794 1219 4858; x_wconf 90' lang='lat' dir='ltr'><strong>iu</strong></span> <span class='ocrx_word' id='word_1_285' title='bbox 1242 4793 1354 4857; x_wconf 87' lang='lat' dir='ltr'><strong>mortis</strong></span> <span class='ocrx_word' id='word_1_286' title='bbox 1378 4790 1511 4856; x_wconf 87' lang='lat' dir='ltr'><strong>articulo</strong></span> <span class='ocrx_word' id='word_1_287' title='bbox 1535 4791 1582 4857; x_wconf 89' lang='lat' dir='ltr'><strong>eis</strong></span> <span class='ocrx_word' id='word_1_288' title='bbox 1605 4793 1744 4857; x_wconf 90' lang='lat' dir='ltr'><strong>omnium</strong></span> 
     </span>
    </p>
   </div>
   <div class='ocr_carea' id='block_1_13' title="bbox 245 4895 1743 5409">
    <p class='ocr_par' dir='ltr' id='par_1_20' title="bbox 245 4895 1743 5409">
     <span class='ocr_line' id='line_1_38' title="bbox 246 4895 1668 4989; baseline -0.008 -18"><span class='ocrx_word' id='word_1_289' title='bbox 246 4915 439 4988; x_wconf 85' lang='lat' dir='ltr'><strong>peccatorum</strong></span> <span class='ocrx_word' id='word_1_290' title='bbox 463 4926 591 4975; x_wconf 88' lang='lat' dir='ltr'><strong>suorum</strong></span> <span class='ocrx_word' id='word_1_291' title='bbox 613 4906 799 4989; x_wconf 90' lang='lat' dir='ltr'><strong>impendere</strong></span> <span class='ocrx_word' id='word_1_292' title='bbox 822 4902 930 4968; x_wconf 82' lang='lat' dir='ltr'><strong>valeat</strong></span> <span class='ocrx_word' id='word_1_293' title='bbox 950 4900 1168 4984; x_wconf 89' lang='lat' dir='ltr'><strong>plenissimam</strong></span> <span class='ocrx_word' id='word_1_294' title='bbox 1191 4898 1421 4977; x_wconf 89' lang='lat' dir='ltr'><strong>remissionem,</strong></span> <span class='ocrx_word' id='word_1_295' title='bbox 1446 4903 1481 4960; x_wconf 94' lang='lat' dir='ltr'><strong>ut</strong></span> <span class='ocrx_word' id='word_1_296' title='bbox 1503 4896 1536 4959; x_wconf 93' lang='lat' dir='ltr'><strong>in</strong></span> <span class='ocrx_word' id='word_1_297' title='bbox 1558 4895 1668 4961; x_wconf 81' lang='lat' dir='ltr'><strong>forma.</strong></span> 
     </span>
     <span class='ocr_line' id='line_1_39' title="bbox 367 5013 502 5079; baseline -0.007 -2"><span class='ocrx_word' id='word_1_298' title='bbox 367 5013 440 5078; x_wconf 86' lang='lat' dir='ltr'><strong>Fiat</strong></span> <span class='ocrx_word' id='word_1_299' title='bbox 463 5014 502 5079; x_wconf 85' lang='lat' dir='ltr'><strong>G.</strong></span> 
     </span>
     <span class='ocr_line' id='line_1_40' title="bbox 366 5102 1743 5200; baseline -0.012 -16"><span class='ocrx_word' id='word_1_300' title='bbox 366 5119 447 5184; x_wconf 89' lang='lat' dir='ltr'><strong>Item</strong></span> <span class='ocrx_word' id='word_1_301' title='bbox 471 5118 638 5200; x_wconf 69' lang='lat' dir='ltr'><strong>supplicat</strong></span> <span class='ocrx_word' id='word_1_302' title='bbox 669 5121 827 5198; x_wconf 88' lang='lat' dir='ltr'><strong>quatenus</strong></span> <span class='ocrx_word' id='word_1_303' title='bbox 857 5113 918 5179; x_wconf 89' lang='lat' dir='ltr'><strong>sibi</strong></span> <span class='ocrx_word' id='word_1_304' title='bbox 948 5114 981 5177; x_wconf 91' lang='lat' dir='ltr'><strong>ia</strong></span> <span class='ocrx_word' id='word_1_305' title='bbox 1004 5128 1172 5194; x_wconf 86' lang='lat' dir='ltr'><strong>personam</strong></span> <span class='ocrx_word' id='word_1_306' title='bbox 1196 5108 1306 5174; x_wconf 89' lang='lat' dir='ltr'><strong>dilecti</strong></span> <span class='ocrx_word' id='word_1_307' title='bbox 1337 5108 1386 5172; x_wconf 87' lang='lat' dir='ltr'><strong>sui</strong></span> <span class='ocrx_word' id='word_1_308' title='bbox 1409 5105 1520 5171; x_wconf 85' lang='lat' dir='ltr'><strong>lacobi</strong></span> <span class='ocrx_word' id='word_1_309' title='bbox 1544 5104 1583 5168; x_wconf 91' lang='lat' dir='ltr'><strong>de</strong></span> <span class='ocrx_word' id='word_1_310' title='bbox 1608 5102 1743 5167; x_wconf 87' lang='lat' dir='ltr'><strong>Concin-</strong></span> 
     </span>
     <span class='ocr_line' id='line_1_41' title="bbox 245 5206 1741 5302; baseline -0.011 -17"><span class='ocrx_word' id='word_1_311' title='bbox 245 5221 312 5286; x_wconf 89' lang='lat' dir='ltr'><strong>dori</strong></span> <span class='ocrx_word' id='word_1_312' title='bbox 331 5223 437 5287; x_wconf 84' lang='lat' dir='ltr'><strong>clerici</strong></span> <span class='ocrx_word' id='word_1_313' title='bbox 462 5221 734 5288; x_wconf 87' lang='lat' dir='ltr'><strong>Wratislauiensis</strong></span> <span class='ocrx_word' id='word_1_314' title='bbox 747 5220 826 5284; x_wconf 91' lang='lat' dir='ltr'><strong>dioc.</strong></span> <span class='ocrx_word' id='word_1_315' title='bbox 851 5218 1023 5302; x_wconf 87' lang='lat' dir='ltr'><strong>specialem</strong></span> <span class='ocrx_word' id='word_1_316' title='bbox 1047 5213 1183 5298; x_wconf 89' lang='lat' dir='ltr'><strong>graciam</strong></span> <span class='ocrx_word' id='word_1_317' title='bbox 1199 5212 1364 5294; x_wconf 67' lang='lat' dir='ltr'><strong>iacientes</strong></span> <span class='ocrx_word' id='word_1_318' title='bbox 1388 5208 1576 5275; x_wconf 88' lang='lat' dir='ltr'><strong>beneficium</strong></span> <span class='ocrx_word' id='word_1_319' title='bbox 1592 5206 1741 5271; x_wconf 88' lang='lat' dir='ltr'><strong>ecclesia·</strong></span> 
     </span>
     <span class='ocr_line' id='line_1_42' title="bbox 245 5309 1742 5409; baseline -0.01 -22"><span class='ocrx_word' id='word_1_320' title='bbox 245 5324 352 5391; x_wconf 85' lang='lat' dir='ltr'><strong>sticum</strong></span> <span class='ocrx_word' id='word_1_321' title='bbox 374 5327 443 5393; x_wconf 89' lang='lat' dir='ltr'><strong>siue</strong></span> <span class='ocrx_word' id='word_1_322' title='bbox 465 5345 550 5405; x_wconf 87' lang='lat' dir='ltr'><strong>cura,</strong></span> <span class='ocrx_word' id='word_1_323' title='bbox 574 5331 723 5409; x_wconf 89' lang='lat' dir='ltr'><strong>spectans</strong></span> <span class='ocrx_word' id='word_1_324' title='bbox 746 5323 956 5388; x_wconf 81' lang='lat' dir='ltr'><strong>conunruniter</strong></span> <span class='ocrx_word' id='word_1_325' title='bbox 977 5321 1029 5387; x_wconf 86' lang='lat' dir='ltr'><strong>vel</strong></span> <span class='ocrx_word' id='word_1_326' title='bbox 1053 5318 1178 5385; x_wconf 86' lang='lat' dir='ltr'><strong>divisim</strong></span> <span class='ocrx_word' id='word_1_327' title='bbox 1202 5318 1242 5381; x_wconf 86' lang='lat' dir='ltr'><strong>ad</strong></span> <span class='ocrx_word' id='word_1_328' title='bbox 1265 5316 1521 5381; x_wconf 79' lang='lat' dir='ltr'><strong>collationem..</strong></span> <span class='ocrx_word' id='word_1_329' title='bbox 1542 5361 1549 5374; x_wconf 91' lang='lat'><em>.</em></span> <span class='ocrx_word' id='word_1_330' title='bbox 1570 5364 1576 5376; x_wconf 91' lang='lat'><strong>.</strong></span> <span class='ocrx_word' id='word_1_331' title='bbox 1600 5309 1742 5392; x_wconf 89' lang='lat' dir='ltr'><strong>episcopi</strong></span> 
     </span>
    </p>
   </div>
   <div class='ocr_carea' id='block_1_14' title="bbox 1604 5453 1617 5500">
    <p class='ocr_par' dir='ltr' id='par_1_21' title="bbox 1604 5453 1617 5500">
     <span class='ocr_line' id='line_1_43' title="bbox 1604 5453 1617 5500; baseline 0 0"><span class='ocrx_word' id='word_1_332' title='bbox 1604 5453 1617 5500; x_wconf 78' lang='lat' dir='ltr'><strong>l</strong></span> 
     </span>
    </p>
   </div>
   <div class='ocr_carea' id='block_1_15' title="bbox 0 0 2000 6052">
    <p class='ocr_par' dir='ltr' id='par_1_22' title="bbox 0 0 2000 6052">
     <span class='ocr_line' id='line_1_44' title="bbox 0 0 2000 6052; baseline 0 0"><span class='ocrx_word' id='word_1_333' title='bbox 0 0 2000 6052; x_wconf 95' lang='lat' dir='ltr'><strong> </strong></span> 
     </span>
    </p>
   </div>
  </div>
 </body>
</html>
