3944 6060
231 432 295 498 376
834 423 908 478 Acta
921 419 1139 480 iunocentiivl.

231 639 321 703 aione
351 638 412 702 Vll
429 635 492 702 bol.
515 635 608 702 Janti
630 656 660 699 o.
684 633 844 715 septimo.“
874 633 970 696 -Ia
991 653 1016 697 e.
1040 651 1080 695 m.
1104 630 1245 711 episcopo
1269 627 1492 711 Arpeatiaeasi
1513 633 1542 693 ct
1565 632 1686 697 decom
1709 650 1736 695 s.

409 738 550 824 Apostoli
571 738 791 805 Aoiaioaeast's
814 759 851 803 oc
871 735 1093 803 oretridt'ocoao
1109 732 1351 800 Beneventanus
1370 732 1582 801 ecclesiaram.

319 882 350 1020 ὲ
418 847 430 925 )
1242 874 1404 953 osanam,
1427 874 1513 939 1359
1536 872 1696 939 11111.

388 1089 462 1159 ‚Aua
483 1093 531 1141 141
551 1086 596 1140 fol.
617 1091 684 1140 1³4¹.
702 1116 736 1126 -
756 1090 782 1150 ι)
801 1083 956 1139 Praecedit:
975 1072 1009 1166 ,ᾗ
1018 1035 1070 1154 Ξχί,
1089 1083 1139 1138 sed
1159 1082 1340 1137 cancellatum
1358 1087 1409 1135 eet.

884 1323 1089 1333 ———

236 1490 326 1558 949.
348 1488 496 1554 Andreae
518 1487 677 1555 Jobonais
714 1485 810 1551 Pauli
844 1454 1050 1564 confortatur
1082 1485 1286 1550 canonicatus
1319 1488 1349 1548 et
1377 1482 1560 1567 praebendo
1594 1483 1743 1550 ecclesiae

389 1645 394 1710 Ι
423 1646 435 1725 )
809 1610 834 1655 s.
859 1589 967 1671 Epidii
992 1590 1170 1671 Propcasis

302 1681 357 1820 ὲ
420 1804 428 1819 ‚
1244 1728 1404 1800 Aoim'one.
1430 1725 1623 1794 13591111
1644 1729 1698 1795 26ss

367 1889 405 1953 b.
429 1886 450 1953 f.
475 1888 601 1954 Andree
623 1887 777 1954 lobannis
799 1885 901 1968 Pauli,
924 1885 1074 1950 canonico
1097 1884 1233 1949 ecclesie
1249 1902 1273 1949 s.
1291 1883 1398 1967 Egidii
1415 1885 1584 1966 Ptagensis
1602 1886 1742 1951 salutem

240 1998 301 2056 etc.
327 1991 501 2057 Laudabile
524 1991 740 2058 testimonium
760 2042 766 2054 .
786 2043 792 2054 .
813 2042 846 2058 ..
893 1988 970 2053 Cum
1000 1989 1109 2070 itaque
1140 1988 1343 2054 canonicatus
1367 1994 1400 2053 et
1422 1989 1583 2070 prebenda
1604 1990 1744 2054 ecclesie

241 2114 265 2160 s.
290 2096 397 2178 Egiclii
419 2097 598 2179 Pacensis,
633 2114 711 2178 quos
742 2095 771 2160 d.
795 2093 990 2159 11111111
1023 2093 1154 2158 l'ridlini
1185 2093 1258 2158 olim
1290 2093 1460 2158 canonicus
1483 2092 1583 2176 ipsius
1606 2093 1744 2159 ecclesie

240 2200 398 2265 incedam
420 2198 556 2265 ecclesia
583 2206 657 2264 tunc
681 2199 834 2281 temporis
857 2197 1031 2274 obtinebat,
1055 2214 1113 2279 per·
1135 2197 1267 2261 liberam
1290 2197 1539 2279 resignacionem
1562 2198 1664 2280 ipsius
1687 2199 1746 2264 Ni-

242 2304 323 2370 colai
346 2304 378 2368 in
401 2304 545 2370 manibus
568 2323 637 2369 ven.
662 2302 699 2368 ir.
723 2302 877 2384 Stephani
893 2300 1123 2383 archiepiscopi
1139 2300 1318 2391 Tholosani,
1342 2301 1507 2365 camerarii
1522 2303 1633 2386 nostri,
1658 2304 1745 2385 apud

241 2410 350 2474 sedem
381 2408 588 2491 apostolicam
621 2414 736 2491 sponte
771 2406 886 2472 factam
917 2412 951 2470 et
981 2424 1039 2488 per
1068 2405 1203 2469 eundem
1226 2404 1497 2487 archiepiscopum
1531 2405 1745 2473 demandato

242 2519 350 2579 nostro
373 2531 470 2595 super
498 2512 557 2578 boc
588 2512 658 2577 vive
688 2511 773 2577 vocis
803 2511 930 2576 oraculo
964 2511 1024 2575 sibi
1055 2510 1138 2575 facto
1169 2509 1253 2591 apud
1276 2509 1408 2574 earrdem
1432 2509 1540 2574 sedem
1562 2510 1746 2596 admissam,

243 2617 327 2699 apud
343 2617 450 2682 sedem
467 2617 567 2700 ipsam
591 2617 773 2682 vacaverint
795 2621 829 2679 et
851 2634 964 2679 vacare
986 2621 1158 2678 noscantur
1181 2613 1221 2677 ad
1245 2630 1377 2695 presens
1380 2661 1493 2687 .....
1517 2631 1575 2677 nos
1597 2615 1744 2680 volentes

244 2720 303 2786 tibi
321 2772 328 2785 .
349 2770 356 2785 .
377 2771 411 2786 ..
435 2721 573 2803 graciam
595 2719 699 2785 facere
723 2719 903 2802 specialem,
928 2719 1146 2783 canonicatum
1170 2723 1203 2781 et
1226 2717 1419 2799 prebendam
1443 2717 1603 2800 predictos
1627 2720 1673 2784 sic
1693 2739 1748 2784 va·

245 2831 354 2890 cantes
373 2875 380 2889 .
400 2875 406 2888 .
426 2875 434 2891 .
455 2824 649 2907 apostolica
660 2824 721 2889 tibi
733 2823 923 2888 auctoritate
935 2821 1124 2888 conterimus
1140 2826 1175 2885 et
1186 2821 1226 2884 de
1239 2821 1304 2885 illis
1313 2821 1413 2886 eciam
1426 2821 1629 2904 providemus
1648 2873 1655 2889 .
1675 2873 1682 2885 .
1703 2877 1711 2890 .
1730 2873 1747 2905 .,

244 2949 306 2995 non
329 2929 581 2995 obstantibus..
602 2979 646 3013 ..,
669 2929 752 3011 quod
775 2928 870 2994 bodie
893 2929 933 2993 de
957 2928 1142 2993 canonicatu
1166 2934 1200 2992 et
1222 2927 1385 3010 prebenda
1414 2926 1551 2992 ecclesie
1575 2927 1750 2993 Wormaci·

245 3035 331 3100 ensis
354 3040 429 3098 tunc
459 3035 643 3100 vacantibus
673 3052 731 3116 per
754 3033 834 3098 alias
857 3038 983 3098 nostras
1014 3033 1124 3098 literas
1158 3033 1217 3098 tibi
1241 3032 1387 3097 duximus
1410 3032 1638 3114 providendum
1657 3081 1665 3096 .
1684 3085 1692 3098 .
1712 3083 1747 3099 ..

247 3140 285 3205 D.
309 3138 465 3204 Auinione
491 3137 549 3202 Vll
572 3137 635 3203 kal.
659 3137 747 3204 Junii
771 3157 798 3202 a.
823 3137 966 3220 septimo.
1221 3129 1224 3135 ’

376 3243 414 3308 In
437 3261 463 3308 e.
486 3263 526 3308 m.
550 3261 620 3309 ven.
644 3241 682 3308 lr.
715 3242 863 3325 episcopo
897 3241 1059 3307 Mindansi
1091 3248 1125 3307 at
1154 3242 1274 3308 decano
1305 3259 1330 3305 s.
1355 3240 1493 3324 Agricoli
1523 3240 1753 3309 Aninionansis

248 3366 285 3414 ec
302 3392 338 3415 ..
363 3347 583 3414 archidiacono
606 3347 835 3412 Beueuentane
858 3345 1074 3411 ecclesiarum.
1474 3349 1475 3352 ’

378 3555 410 3609 R.
429 3557 479 3610 Αν.
502 3561 550 3610 141
571 3554 617 3610 iol.
640 3560 695 3609 131.
720 3584 745 3594 -
770 3556 794 3621 Ι)
814 3553 968 3609 Praecedit:
985 3522 1081 3641 ,ῗῖι
1109 3554 1181 3622 quod
1208 3553 1360 3608 cancellare
1388 3559 1418 3607 ut
1444 3552 1472 3607 in
1500 3570 1540 3610 ur.
1567 3553 1754 3624 praecedente

249 3643 367 3713 scriptor
386 3642 486 3698 omisit.

900 3782 1102 3797 *u*—

251 3959 342 4028 950.
364 3956 497 4024 Nicoloo
523 3956 660 4023 Fridliai
681 3960 887 4037 conseruntur
900 3962 986 4021 motu
996 3956 1127 4042 proprio
1149 3958 1351 4022 canonicatus
1367 3956 1755 4038 etproebcadoecclesioc

910 4061 1092 4144 Proooasis.

1256 4167 1418 4246 Aoiaioae,
1439 4169 1526 4257 1359
1548 4169 1633 4236 Maii
1653 4169 1708 4236 26.

396 4131 401 4198 Ι

319 4165 429 4306 :ri-s.

382 4377 420 4440 D.
443 4374 464 4439 l.
488 4375 619 4441 Nicolao
643 4374 775 4440 Fridlini
797 4374 947 4441 carronico
964 4376 1116 4458 Pragensi
1135 4377 1269 4441 salutem
1293 4384 1354 4444 etc.
1378 4378 1543 4444 Attributa
1564 4379 1623 4445 tibi
1661 4429 1668 4443 .
1690 4433 1698 4446 .
1719 4433 1728 4448 .
1748 4358 1769 4446 .’

255 4481 333 4547 Cum
363 4481 470 4562 itaqua
501 4480 704 4546 canonicatus
738 4486 771 4545 et
800 4480 961 4562 prebenda
990 4481 1125 4545 ecclesie
1156 4482 1333 4565 Progensis‚
1364 4502 1442 4564 quos
1465 4483 1494 4548 d.
1517 4481 1538 4547 l.
1563 4484 1760 4553 Guillelmus

254 4585 409 4652 lobannis
443 4585 534 4650 Pauli
560 4587 635 4652 olim
669 4587 838 4651 canonicus
869 4586 1004 4651 ecclesie
1035 4587 1178 4669 predicte
1212 4587 1246 4649 in
1269 4587 1382 4651 eadem
1404 4588 1540 4652 ecclesia
1573 4595 1649 4654 tunc
1671 4595 1761 4657 tom-

255 4690 341 4773 poris
371 4691 543 4771 obtinebat,
576 4709 634 4772 per
671 4690 802 4755 liberam
840 4690 1088 4772 resignacionem
1126 4691 1227 4773 ipsius
1262 4691 1423 4757 Guillelmi
1453 4693 1486 4757 in
1515 4693 1660 4759 manibus
1684 4714 1758 4761 ven.

256 4795 293 4860 ir.
327 4793 481 4876 Stephani
521 4793 751 4876 archiepiscopi
783 4794 962 4876 Tholosani,
988 4795 1155 4861 camerarii
1178 4797 1289 4879 nostri,
1335 4796 1420 4878 apud
1458 4797 1566 4862 sedern
1604 4800 1760 4881 apostoli·

256 4918 324 4963 cam
358 4904 471 4981 sponte
495 4896 609 4962 factam
643 4904 676 4962 et
709 4918 767 4980 por
796 4900 932 4965 eundern
955 4901 1160 4965 camerarium
1191 4900 1230 4965 de
1258 4900 1406 4965 mandato
1436 4907 1544 4966 nostro
1577 4904 1760 4985 superbae

257 5004 327 5067 vive
365 5004 450 5067 vocis
489 5002 616 5068 oraculo
652 5003 713 5067 sibi
743 5003 826 5069 facto
864 5004 948 5086 apud
986 5005 1119 5069 eandem
1161 5006 1268 5071 sedem
1308 5005 1486 5086 admissam,
1525 5007 1609 5088 apud
1647 5007 1760 5073 sedem

256 5107 357 5188 ipsam
387 5108 570 5172 vacaverint
599 5113 633 5172 et
662 5127 776 5172 vacare
806 5115 977 5174 noscantur
1006 5109 1046 5173 ad
1069 5126 1201 5191 presens
1204 5158 1317 5188 .....
1340 5128 1399 5175 nos
1422 5109 1567 5175 volentes
1601 5111 1670 5195 tibi,
1704 5114 1762 5195 qui

258 5210 344 5275 curie
363 5262 370 5275 .
391 5263 397 5275 .
418 5258 452 5276 ..
477 5209 582 5276 Caroli
606 5212 817 5278 Romanorum
839 5213 1066 5296 imperatoria.
1087 5265 1093 5279 .
1114 5265 1120 5277 .
1140 5263 1157 5293 .,
1189 5215 1318 5279 Boemie
1341 5215 1426 5297 regis
1449 5214 1593 5298 illustris,
1615 5216 1763 5284 11111111

258 5315 371 5379 existis
390 5365 396 5379 .
418 5365 424 5378 .
444 5366 450 5378 .
472 5363 489 5398 .,
512 5315 648 5397 graciam
671 5315 776 5382 facere
800 5316 979 5400 specialem,
1013 5317 1231 5383 canonicatum
1255 5325 1289 5383 et
1310 5320 1504 5400 prebendam
1524 5319 1691 5402 ,predictos
1714 5321 1761 5389 sic
