3990 6052
749 408 815 460 13⁶5
832 405 975 474 Eobruulii
995 412 1026 460 1³
1046 433 1077 444 -
1097 405 1190 459 Martii
1208 409 1250 458 20.
1686 409 1746 472 135

244 615 336 696 gistri
365 621 400 680 et
430 615 560 680 fratrum
585 615 811 695 conquestione
834 616 1043 697 percepimus,
1077 615 1259 694 quodlicet
1282 615 1331 679 dd.
1355 612 1387 677 ff.
1411 614 1543 695 priores,
1566 614 1745 696 castellani,

244 718 374 801 baillivi,
397 726 602 801 preceptores
625 727 659 784 et
682 719 957 786 administratores
981 720 1142 784 domorum
1159 724 1192 783 et
1213 719 1362 799 locorum,
1384 716 1562 798 fratresque
1579 723 1613 782 et
1629 718 1749 793 subditi

244 823 409 904 regulares
431 822 600 904 hospitalis
623 823 765 887 eiusdem
801 824 842 886 ad
865 822 1049 888 solvendum
1081 821 1213 904 prefatis
1237 822 1388 903 magistro
1411 828 1445 886 et
1467 821 1618 886 fratribus
1642 821 1747 903 pensi-

247 943 326 991 ones
348 944 406 991 seu
429 927 653 1009 responsiones
685 945 722 991 ac
745 926 852 990 tallias
875 932 910 991 et
932 927 995 990 alia
1018 926 1148 991 deveria
1170 927 1217 991 eis
1240 926 1390 1007 imposita
1411 944 1468 1007 pro
1492 924 1565 990 fidei
1589 925 1745 991 catholice

246 1030 430 1097 defensione
453 1031 613 1111 Terraque
630 1038 740 1095 sancte
755 1031 973 1112 predictorum
997 1031 1134 1094 servicio
1160 1030 1251 1094 iuxta
1267 1031 1367 1112 ipsius
1390 1029 1558 1111 hospitalis
1581 1032 1748 1095 observan-

246 1135 311 1199 cias
336 1140 371 1198 et
393 1140 515 1199 statuta
538 1134 711 1199 efficaciter
734 1141 912 1212 teneantur,
944 1134 1087 1199 nonnulli
1110 1140 1221 1198 tamen
1244 1133 1377 1215 priores,
1411 1133 1589 1209 castellani,
1620 1132 1749 1216 baillivi,

245 1244 458 1321 preceptores,
492 1239 776 1317 administratores,
812 1238 928 1304 fratres
951 1245 984 1304 et
1007 1239 1126 1303 subditi
1150 1237 1324 1319 supradicti
1348 1236 1462 1318 spiritu
1486 1237 1669 1303 rebellionis
1694 1256 1742 1302 as-

244 1348 368 1424 sumpto
399 1342 570 1425 pensiones
594 1359 653 1406 seu
676 1344 900 1424 responsiones
921 1350 953 1407 et
976 1343 1083 1407 tallias
1106 1342 1285 1406 huiusmodi
1309 1341 1434 1422 aliaque
1458 1343 1596 1422 deveria,
1621 1342 1661 1407 ad
1685 1360 1747 1424 quc

244 1446 424 1511 exhibenda
457 1446 578 1511 eisdem
601 1446 752 1528 magistro
787 1452 820 1511 et
849 1445 1000 1511 fratribus
1035 1447 1124 1510 iuxta
1158 1447 1269 1510 eadem
1301 1452 1424 1511 statuta
1458 1452 1491 1509 et
1525 1446 1747 1512 observantias

244 1556 318 1615 sunt
341 1550 472 1632 astricti,
506 1548 643 1633 prefatis
677 1550 829 1632 magistro
859 1556 894 1614 et
915 1550 1067 1615 fratribus
1090 1549 1251 1614 nonnullis
1288 1550 1421 1629 quesitis
1446 1549 1601 1614 coloribus
1625 1551 1748 1615 solvere

244 1659 433 1719 recusarunt
469 1653 623 1720 hacteuus
655 1660 689 1718 et
727 1661 876 1719 recusant
924 1661 1018 1736 prout
1053 1660 1202 1720 tenentur
1243 1653 1374 1717 realiter
1411 1654 1572 1731 exhibere,
1606 1654 1748 1720 nonnulli

244 1759 343 1823 eciam
377 1759 518 1840 ipsorum
551 1759 636 1822 mala
659 1758 752 1822 malis
776 1758 921 1824 addendo
945 1765 1054 1840 preter
1088 1765 1121 1822 et
1144 1759 1228 1822 ultra
1252 1758 1447 1821 voluntatem
1470 1765 1504 1823 et
1526 1758 1691 1823 licenciam
1715 1765 1749 1825 et

245 1869 354 1928 contra
376 1861 600 1926 inhibicionem
624 1879 752 1926 suorum
776 1863 973 1944 superiorum
1007 1870 1116 1927 mutuo
1140 1863 1292 1945 pecunias
1316 1869 1349 1925 et
1372 1861 1436 1927 alia
1458 1863 1618 1945 recipiunt
1640 1883 1659 1928 a
1681 1882 1747 1929 cre·

246 1965 400 2031 ditoribus
434 1966 570 2031 diversis
594 1967 702 2031 domos
725 1973 759 2030 et
782 1968 863 2031 hona
885 1967 986 2048 ipsius
1017 1967 1186 2049 hospitalis
1210 1967 1378 2048 obligando
1402 1966 1441 2031 de
1465 1966 1549 2034 facto
1573 1969 1605 2032 in
1629 1968 1747 2032 anima·

246 2090 312 2134 rum
331 2090 458 2135 suarum
482 2077 516 2135 et
537 2072 679 2135 eiusdem
698 2071 796 2134 Terre
813 2076 922 2136 sancte
939 2072 1150 2153 dispendium,
1175 2071 1391 2152 dictorumque
1407 2073 1549 2154 magistri
1567 2080 1601 2138 et
1616 2073 1747 2138 fratrum

244 2193 280 2239 ac
303 2174 471 2257 hospitalis
493 2175 691 2241 incomodum
714 2182 749 2240 et
764 2177 895 2240 evidens
912 2176 1145 2240 detrimentum.
1172 2175 1248 2239 Cum
1266 2177 1364 2257 igitur
1379 2178 1530 2259 magistro
1547 2184 1581 2243 et
1595 2177 1748 2242 fratribus

244 2279 435 2361 supradictis
468 2279 502 2342 in
533 2280 697 2360 premissis
732 2279 952 2360 persolvendis
983 2285 1017 2344 et
1047 2280 1234 2345 exhibendis
1266 2280 1387 2343 eisdem
1418 2281 1614 2362 profatisque
1637 2299 1746 2348 eorum

245 2383 396 2449 tollendis
431 2383 606 2465 dispendiis
640 2390 735 2465 atque
770 2385 914 2465 dampnis
937 2384 1027 2450 favor
1048 2390 1123 2450 tuus
1146 2386 1190 2449 sit
1212 2384 1380 2466 plurimum
1404 2392 1589 2466 oportunus,
1624 2385 1747 2450 sereni·

244 2493 342 2553 tatem
366 2487 487 2570 regiam
508 2506 656 2571 rogamus
679 2489 838 2553 attencius
861 2494 895 2553 et
917 2489 950 2552 in
973 2488 1099 2554 domino
1123 2489 1335 2570 exhortamur,
1360 2489 1509 2569 quatinus
1532 2489 1654 2554 eisdem
1678 2508 1747 2553 ma·

243 2591 342 2674 gistro
373 2598 407 2656 et
437 2590 596 2670 fratribus,
622 2603 658 2657 ut
687 2593 856 2675 pensiones
886 2611 944 2656 seu
974 2593 1208 2675 responsiones,
1242 2593 1332 2657 tallie
1356 2599 1390 2657 et
1413 2593 1542 2659 deveria
1564 2594 1744 2659 huiusmodi

244 2696 417 2779 aprefatis
440 2698 705 2774 inobedientibus,
729 2703 824 2778 prout
846 2697 963 2760 iustum
988 2704 1048 2774 est,
1072 2698 1196 2779 integre
1227 2696 1450 2779 persolvantur
1475 2704 1509 2763 et
1536 2697 1748 2763 exhibeantur

248 2801 378 2878 eisdem,
403 2804 565 2868 subtracto
588 2802 844 2866 inobedientibus
867 2801 946 2882 ipsis
970 2802 1188 2882 quorumlihet
1210 2801 1359 2883 presidio,
1394 2802 1540 2884 quodque
1563 2803 1659 2867 iidem
1682 2822 1746 2867 ma·

244 2905 342 2988 gister
365 2911 399 2969 et
421 2905 538 2972 fratres
561 2907 610 2971 vel
635 2925 742 2970 eorum
767 2907 877 2971 domus
912 2924 969 2969 seu
992 2905 1062 2970 loca
1084 2906 1265 2970 huiusmodi
1289 2904 1521 2988 obligacionum
1545 2906 1584 2969 dc
1607 2907 1678 2971 iure
1701 2907 1747 2972 vi·

242 3011 328 3074 ribus
345 3029 406 3074 non
430 3010 674 3075 subsistencium
697 3015 845 3092 pretextu
862 3010 1045 3073 nullatenus
1076 3011 1302 3092 opprimantur,
1327 3028 1383 3092 pro
1399 3016 1508 3074 nostra
1524 3016 1557 3075 et
1572 3010 1746 3092 apostolica

243 3115 328 3178 sedis
350 3116 535 3179 reverencia
558 3120 682 3196 prestet
704 3115 844 3179 favorem
868 3115 987 3196 regium
1013 3121 1048 3178 et
1074 3115 1226 3178 auxilium
1243 3120 1431 3196 oportunum
1448 3114 1567 3197 taliter,
1591 3114 1674 3194 quod
1690 3132 1744 3197 pe-

242 3219 331 3282 rinde
355 3219 581 3283 excellenciam
616 3226 702 3283 tuam
727 3220 874 3283 attollere
906 3220 1010 3301 dignis
1034 3220 1185 3284 laudibus
1209 3220 1378 3283 valeamus.
1428 3220 1463 3282 b.
1496 3219 1652 3284 Auinioue
1682 3219 1745 3284 kal.

244 3323 354 3387 Marcii
378 3342 404 3386 a.
428 3326 537 3389 tercio.

370 3510 403 3567 R.
421 3514 470 3564 Av.
492 3511 734 3579 inoblitas.
754 3510 814 3566 Vct.
834 3518 883 3565 231
904 3511 950 3565 fol.
974 3517 1022 3567 rab
1047 3527 1086 3565 nr.
1106 3517 1147 3564 61.

891 3687 1093 3698 ——-—.

241 3826 332 3890 332.
357 3823 552 3908 Reginaldus
570 3825 732 3908 episcopas
756 3825 953 3902 1010011000,
977 3824 1198 3888 thesaurarius
1220 3845 1334 3908 papae,
1357 3826 1501 3909 quitotar
1532 3824 1745 3891 desolatione

243 3929 306 3993 800
317 3927 514 4012 florenorum
544 3931 628 4010 auri,
658 3948 733 4013 quos
763 3926 828 3990 XX
837 3929 877 3992 11
906 3928 956 3991 dle
986 3930 1102 3992 arcensis
1134 3929 1318 3991 Novembris
1349 3929 1458 4011 (1354)
1489 3929 1677 4011 Ruymundo
1706 3930 1744 3993 de

245 4029 429 4096 lucuucino
449 4034 602 4097 servienti
624 4053 795 4109 armorum,
820 4033 991 4114 adportes
1015 4030 1196 4114 Bohemiae,
1231 4032 1391 4112 Poloafac,
1428 4034 1590 4115 Uoporiue
1608 4053 1670 4117 pro
1693 4032 1743 4097 de·

238 4135 384 4220 serendis
395 4135 583 4220 quibasdam
600 4137 811 4218 pecuniarum
825 4138 959 4201 summis
975 4137 1018 4201 ad
1034 4136 1196 4200 ecclesiam
1214 4139 1390 4201 1100000000
1405 4139 1620 4221 spectantibus
1635 4139 1743 4213 misso,

243 4236 341 4304 solvit.
389 4236 488 4320 „Cum
510 4240 548 4303 de
570 4239 723 4323 speciali“
751 4240 929 4322 „Auiafooe
960 4262 1028 4305 ooo.
1056 4243 1176 4305 Marcii
1199 4240 1405 4324 pontificatus
1428 4245 1531 4307 nostri
1560 4264 1591 4306 0.
1613 4243 1741 4306 farciat

1238 4379 1398 4459 Asinium,
1426 4382 1506 4446 1355
1528 4380 1646 4445 Mortis·
1669 4383 1698 4446 7.

371 4514 405 4569 R.
424 4515 488 4570 Vat.
506 4521 556 4570 112
576 4514 624 4570 101.
643 4520 711 4570 1111.
731 4545 761 4555 -
782 4515 842 4570 (101.
861 4532 902 4570 nr.
921 4522 981 4569 311.

241 4796 330 4860 333.
355 4793 441 4858 11010
464 4794 502 4860 de
522 4792 714 4875 obligatione
735 4795 924 4859 monasterii
954 4795 1107 4859 Siloensis
1133 4794 1279 4861 ,Iohanni
1308 4795 1463 4859 Paducno
1494 4794 1610 4859 decom
1642 4795 1742 4859 Visae·

819 4899 972 4980 gradensi
995 4899 1170 4963 0000001000.

1400 5005 1481 5068 1355
1505 5005 1624 5067 Martii
1645 5005 1696 5068 20.

371 5192 429 5255 Die
463 5190 523 5256 XX
545 5193 663 5257 mensis
688 5193 797 5257 Marcii
833 5193 968 5275 predicti
1003 5193 1042 5276 [a.
1068 5192 1136 5277 LV]
1148 5202 1174 5275 ⁸)
1205 5193 1321 5258 domini
1355 5193 1519 5258 camerarii
1543 5211 1601 5274 per
1633 5210 1741 5258 eorum

244 5291 367 5358 litteras
389 5295 615 5360 commiserunt
637 5296 772 5362 dominis
794 5296 931 5362 lohanni
957 5297 1104 5360 l’aduano
1128 5297 1247 5361 decano
1272 5297 1549 5379 Wischegradensi
1573 5297 1651 5362 dioc.
1666 5296 1738 5360 Pra-
