<?xml version="1.0" encoding="UTF-8"?>
<!DOCTYPE html PUBLIC "-//W3C//DTD XHTML 1.0 Transitional//EN"
    "http://www.w3.org/TR/xhtml1/DTD/xhtml1-transitional.dtd">
<html xmlns="http://www.w3.org/1999/xhtml" xml:lang="en" lang="en">
 <head>
  <title>
</title>
<meta http-equiv="Content-Type" content="text/html;charset=utf-8" />
  <meta name='ocr-system' content='tesseract 3.04.00' />
  <meta name='ocr-capabilities' content='ocr_page ocr_carea ocr_par ocr_line ocrx_word'/>
</head>
<body>
  <div class='ocr_page' id='page_1' title='image "./monumentavatica00vatigoog_0180.png"; bbox 0 0 3990 6052; ppageno 0'>
   <div class='ocr_carea' id='block_1_1' title="bbox 682 457 1724 530">
    <p class='ocr_par' dir='ltr' id='par_1_1' title="bbox 682 457 1724 530">
     <span class='ocr_line' id='line_1_1' title="bbox 682 457 1724 530; baseline 0.011 -19"><span class='ocrx_word' id='word_1_1' title='bbox 682 461 747 513; x_wconf 80' lang='lat'>1354</span> <span class='ocrx_word' id='word_1_2' title='bbox 766 457 928 516; x_wconf 80' lang='lat' dir='ltr'><strong><em>Novembris</em></strong></span> <span class='ocrx_word' id='word_1_3' title='bbox 950 467 1031 515; x_wconf 86' lang='lat'><strong><em>10—</em></strong></span> <span class='ocrx_word' id='word_1_4' title='bbox 1050 459 1212 516; x_wconf 81' lang='lat' dir='ltr'><strong><em>Novembris</em></strong></span> <span class='ocrx_word' id='word_1_5' title='bbox 1231 467 1272 514; x_wconf 73' lang='lat'><strong><em>22.</em></strong></span> <span class='ocrx_word' id='word_1_6' title='bbox 1664 463 1724 530; x_wconf 82' lang='lat'><strong><em>123</em></strong></span> 
     </span>
    </p>
   </div>
   <div class='ocr_carea' id='block_1_2' title="bbox 215 668 1724 1059">
    <p class='ocr_par' dir='ltr' id='par_1_2' title="bbox 215 668 1724 1059">
     <span class='ocr_line' id='line_1_2' title="bbox 215 668 1721 755; baseline 0.001 -21"><span class='ocrx_word' id='word_1_7' title='bbox 215 668 307 734; x_wconf 87' lang='grc'><em>300.</em></span> <span class='ocrx_word' id='word_1_8' title='bbox 338 668 547 748; x_wconf 75' lang='lat' dir='ltr'><strong><em>Rapmundus</em></strong></span> <span class='ocrx_word' id='word_1_9' title='bbox 576 669 614 734; x_wconf 89' lang='lat' dir='ltr'><strong><em>de</em></strong></span> <span class='ocrx_word' id='word_1_10' title='bbox 638 671 822 736; x_wconf 84' lang='lat' dir='ltr'><strong><em>Lucaucina</em></strong></span> <span class='ocrx_word' id='word_1_11' title='bbox 855 671 992 736; x_wconf 85' lang='lat' dir='ltr'><strong><em>seruiens</em></strong></span> <span class='ocrx_word' id='word_1_12' title='bbox 1027 692 1190 736; x_wconf 86' lang='lat' dir='ltr'><strong><em>armorum</em></strong></span> <span class='ocrx_word' id='word_1_13' title='bbox 1220 692 1328 755; x_wconf 89' lang='lat' dir='ltr'><strong><em>papae</em></strong></span> <span class='ocrx_word' id='word_1_14' title='bbox 1361 671 1532 754; x_wconf 72' lang='lat' dir='ltr'><strong><em>supplicat,</em></strong></span> <span class='ocrx_word' id='word_1_15' title='bbox 1568 675 1721 751; x_wconf 69' lang='lat' dir='ltr'><strong><em>quumnus</em></strong></span> 
     </span>
     <span class='ocr_line' id='line_1_3' title="bbox 217 771 1724 840; baseline 0.003 -7"><span class='ocrx_word' id='word_1_16' title='bbox 217 771 341 836; x_wconf 89' lang='lat' dir='ltr'><strong><em>domino</em></strong></span> <span class='ocrx_word' id='word_1_17' title='bbox 371 775 465 837; x_wconf 85' lang='lat' dir='ltr'><strong><em>Petro</em></strong></span> <span class='ocrx_word' id='word_1_18' title='bbox 495 773 533 836; x_wconf 88' lang='lat' dir='ltr'><strong><em>de</em></strong></span> <span class='ocrx_word' id='word_1_19' title='bbox 563 773 722 839; x_wconf 83' lang='lat' dir='ltr'><strong><em>Medoibor</em></strong></span> <span class='ocrx_word' id='word_1_20' title='bbox 752 774 849 839; x_wconf 82' lang='lat' dir='ltr'><strong><em>rniliti</em></strong></span> <span class='ocrx_word' id='word_1_21' title='bbox 878 775 1134 840; x_wconf 84' lang='lat' dir='ltr'><strong><em>Vratislooicnsis</em></strong></span> <span class='ocrx_word' id='word_1_22' title='bbox 1168 776 1245 840; x_wconf 87' lang='lat' dir='ltr'><strong><em>dioc.</em></strong></span> <span class='ocrx_word' id='word_1_23' title='bbox 1270 780 1300 840; x_wconf 86' lang='lat' dir='ltr'><strong><em>et</em></strong></span> <span class='ocrx_word' id='word_1_24' title='bbox 1322 775 1467 840; x_wconf 71' lang='lat' dir='ltr'><strong><em>domim</em></strong></span> <span class='ocrx_word' id='word_1_25' title='bbox 1499 775 1656 839; x_wconf 80' lang='lat' dir='ltr'><strong><em>Paulinae</em></strong></span> <span class='ocrx_word' id='word_1_26' title='bbox 1686 776 1724 839; x_wconf 89' lang='lat' dir='ltr'><strong><em>de</em></strong></span> 
     </span>
     <span class='ocr_line' id='line_1_4' title="bbox 220 874 1719 964; baseline 0.002 -24"><span class='ocrx_word' id='word_1_27' title='bbox 220 874 437 949; x_wconf 59' lang='lat' dir='ltr'><strong><em>Glamboclm)</em></strong></span> <span class='ocrx_word' id='word_1_28' title='bbox 464 874 680 943; x_wconf 85' lang='lat' dir='ltr'><strong><em>Crucooiensis</em></strong></span> <span class='ocrx_word' id='word_1_29' title='bbox 703 878 781 943; x_wconf 86' lang='lat' dir='ltr'><strong><em>dioc.</em></strong></span> <span class='ocrx_word' id='word_1_30' title='bbox 810 879 965 944; x_wconf 72' lang='lat' dir='ltr'><strong><em>absolutio</em></strong></span> <span class='ocrx_word' id='word_1_31' title='bbox 991 881 1141 964; x_wconf 87' lang='lat' dir='ltr'><strong><em>plenaria</em></strong></span> <span class='ocrx_word' id='word_1_32' title='bbox 1172 882 1205 945; x_wconf 83' lang='lat' dir='ltr'><strong><em>in</em></strong></span> <span class='ocrx_word' id='word_1_33' title='bbox 1227 879 1338 943; x_wconf 89' lang='lat' dir='ltr'><strong><em>mortis</em></strong></span> <span class='ocrx_word' id='word_1_34' title='bbox 1361 878 1497 943; x_wconf 85' lang='lat' dir='ltr'><strong><em>articulo</em></strong></span> <span class='ocrx_word' id='word_1_35' title='bbox 1521 879 1719 943; x_wconf 75' lang='lat' dir='ltr'><strong><em>coucedatur.</em></strong></span> 
     </span>
     <span class='ocr_line' id='line_1_5' title="bbox 215 977 1717 1059; baseline 0.002 -16"><span class='ocrx_word' id='word_1_36' title='bbox 215 1016 258 1028; x_wconf 85' lang='lat'><em>-</em></span> <span class='ocrx_word' id='word_1_37' title='bbox 284 981 377 1059; x_wconf 78' lang='lat' dir='ltr'><strong><em>,liat</em></strong></span> <span class='ocrx_word' id='word_1_38' title='bbox 409 977 446 1044; x_wconf 80' lang='lat' dir='ltr'><strong><em>G.</em></strong></span> <span class='ocrx_word' id='word_1_39' title='bbox 479 981 553 1047; x_wconf 81' lang='lat' dir='ltr'><strong><em>Sine</em></strong></span> <span class='ocrx_word' id='word_1_40' title='bbox 583 982 651 1046; x_wconf 88' lang='lat' dir='ltr'><strong><em>alia</em></strong></span> <span class='ocrx_word' id='word_1_41' title='bbox 681 981 822 1048; x_wconf 84' lang='lat' dir='ltr'><strong><em>leccione.</em></strong></span> <span class='ocrx_word' id='word_1_42' title='bbox 858 983 933 1048; x_wconf 77' lang='lat' dir='ltr'><strong><em>diat</em></strong></span> <span class='ocrx_word' id='word_1_43' title='bbox 965 985 1023 1050; x_wconf 82' lang='lat' dir='ltr'><strong><em>G.“</em></strong></span> <span class='ocrx_word' id='word_1_44' title='bbox 1070 985 1242 1058; x_wconf 82' lang='lat' dir='ltr'><strong><em>,Aninione</em></strong></span> <span class='ocrx_word' id='word_1_45' title='bbox 1277 985 1361 1049; x_wconf 87' lang='lat' dir='ltr'><em>XIII</em></span> <span class='ocrx_word' id='word_1_46' title='bbox 1389 984 1451 1048; x_wconf 83' lang='lat' dir='ltr'><strong><em>tot.</em></strong></span> <span class='ocrx_word' id='word_1_47' title='bbox 1487 982 1664 1046; x_wconf 78' lang='lat' dir='ltr'><strong><em>Decembris</em></strong></span> <span class='ocrx_word' id='word_1_48' title='bbox 1688 1005 1717 1046; x_wconf 91' lang='lat' dir='ltr'><strong><em>a.</em></strong></span> 
     </span>
    </p>
   </div>
   <div class='ocr_carea' id='block_1_3' title="bbox 885 1090 1674 1286">
    <p class='ocr_par' dir='ltr' id='par_1_3' title="bbox 885 1090 1674 1286">
     <span class='ocr_line' id='line_1_6' title="bbox 885 1090 1044 1153; baseline 0.006 -2"><span class='ocrx_word' id='word_1_49' title='bbox 885 1090 1044 1153; x_wconf 74' lang='lat' dir='ltr'><strong><em>scmndo.“</em></strong></span> 
     </span>
     <span class='ocr_line' id='line_1_7' title="bbox 1120 1207 1674 1286; baseline -0.007 -14"><span class='ocrx_word' id='word_1_50' title='bbox 1120 1209 1280 1286; x_wconf 88' lang='lat' dir='ltr'><strong><em>Aoinioue,</em></strong></span> <span class='ocrx_word' id='word_1_51' title='bbox 1306 1211 1390 1272; x_wconf 73' lang='lat'><strong><em>1354</em></strong></span> <span class='ocrx_word' id='word_1_52' title='bbox 1414 1207 1599 1273; x_wconf 78' lang='lat' dir='ltr'><strong><em>Novembris</em></strong></span> <span class='ocrx_word' id='word_1_53' title='bbox 1625 1207 1674 1269; x_wconf 89' lang='grc'><strong><em>19.</em></strong></span> 
     </span>
    </p>
   </div>
   <div class='ocr_carea' id='block_1_4' title="bbox 346 1397 1194 1468">
    <p class='ocr_par' dir='ltr' id='par_1_4' title="bbox 346 1397 1194 1468">
     <span class='ocr_line' id='line_1_8' title="bbox 346 1397 1194 1468; baseline -0.001 -17"><span class='ocrx_word' id='word_1_54' title='bbox 346 1398 376 1451; x_wconf 84' lang='lat' dir='ltr'><strong><em>R.</em></strong></span> <span class='ocrx_word' id='word_1_55' title='bbox 396 1397 491 1468; x_wconf 83' lang='lat' dir='ltr'><strong><em>Suppl.</em></strong></span> <span class='ocrx_word' id='word_1_56' title='bbox 510 1404 543 1452; x_wconf 76' lang='lat'><strong><em>25</em></strong></span> <span class='ocrx_word' id='word_1_57' title='bbox 562 1414 626 1467; x_wconf 89' lang='lat' dir='ltr'><strong><em>pars</em></strong></span> <span class='ocrx_word' id='word_1_58' title='bbox 645 1400 671 1452; x_wconf 91' lang='lat'><strong><em>11</em></strong></span> <span class='ocrx_word' id='word_1_59' title='bbox 689 1399 736 1453; x_wconf 87' lang='lat' dir='ltr'><strong><em>fol.</em></strong></span> <span class='ocrx_word' id='word_1_60' title='bbox 755 1404 797 1452; x_wconf 85' lang='grc'><strong><em>78.</em></strong></span> <span class='ocrx_word' id='word_1_61' title='bbox 820 1429 846 1436; x_wconf 94' lang='grc'>-</span> <span class='ocrx_word' id='word_1_62' title='bbox 872 1402 897 1464; x_wconf 71' lang='lat'><strong><em>²)</em></strong></span> <span class='ocrx_word' id='word_1_63' title='bbox 915 1398 1081 1463; x_wconf 80' lang='lat' dir='ltr'><strong><em>,Glemboca‘</em></strong></span> <span class='ocrx_word' id='word_1_64' title='bbox 1099 1398 1194 1467; x_wconf 87' lang='lat' dir='ltr'><strong><em>Suppl.</em></strong></span> 
     </span>
    </p>
   </div>
   <div class='ocr_carea' id='block_1_5' title="bbox 214 1664 1719 1761">
    <p class='ocr_par' dir='ltr' id='par_1_5' title="bbox 214 1664 1719 1761">
     <span class='ocr_line' id='line_1_9' title="bbox 214 1664 1719 1761; baseline 0.001 -20"><span class='ocrx_word' id='word_1_65' title='bbox 214 1677 304 1742; x_wconf 87' lang='lat'><em>301.</em></span> <span class='ocrx_word' id='word_1_66' title='bbox 328 1664 436 1741; x_wconf 81' lang='lat' dir='ltr'><strong><em>Nobili</em></strong></span> <span class='ocrx_word' id='word_1_67' title='bbox 457 1677 525 1741; x_wconf 89' lang='lat' dir='ltr'><strong><em>oiro</em></strong></span> <span class='ocrx_word' id='word_1_68' title='bbox 557 1676 649 1742; x_wconf 88' lang='lat' dir='ltr'><strong><em>Petro</em></strong></span> <span class='ocrx_word' id='word_1_69' title='bbox 678 1678 716 1742; x_wconf 90' lang='lat' dir='ltr'><strong><em>de</em></strong></span> <span class='ocrx_word' id='word_1_70' title='bbox 747 1678 903 1743; x_wconf 79' lang='lat' dir='ltr'><strong><em>Meduibor</em></strong></span> <span class='ocrx_word' id='word_1_71' title='bbox 938 1678 1035 1742; x_wconf 84' lang='lat' dir='ltr'><strong><em>militi</em></strong></span> <span class='ocrx_word' id='word_1_72' title='bbox 1072 1678 1327 1744; x_wconf 85' lang='lat' dir='ltr'><strong><em>Vratisloviensis</em></strong></span> <span class='ocrx_word' id='word_1_73' title='bbox 1356 1679 1433 1744; x_wconf 88' lang='lat' dir='ltr'><strong><em>dioc.</em></strong></span> <span class='ocrx_word' id='word_1_74' title='bbox 1463 1680 1653 1761; x_wconf 71' lang='lat' dir='ltr'><strong><em>indulcetur,</em></strong></span> <span class='ocrx_word' id='word_1_75' title='bbox 1683 1685 1719 1743; x_wconf 89' lang='lat' dir='ltr'><strong><em>ut</em></strong></span> 
     </span>
    </p>
   </div>
   <div class='ocr_carea' id='block_1_6' title="bbox 215 1781 1715 1968">
    <p class='ocr_par' dir='ltr' id='par_1_6' title="bbox 215 1781 1715 1968">
     <span class='ocr_line' id='line_1_10' title="bbox 215 1781 1715 1867; baseline 0.002 -22"><span class='ocrx_word' id='word_1_76' title='bbox 215 1784 373 1859; x_wconf 80' lang='lat' dir='ltr'><strong><em>consessor</em></strong></span> <span class='ocrx_word' id='word_1_77' title='bbox 396 1781 462 1846; x_wconf 69' lang='lat' dir='ltr'><strong><em>mres</em></strong></span> <span class='ocrx_word' id='word_1_78' title='bbox 485 1783 520 1846; x_wconf 90' lang='lat' dir='ltr'><strong><em>in</em></strong></span> <span class='ocrx_word' id='word_1_79' title='bbox 541 1784 651 1847; x_wconf 77' lang='lat' dir='ltr'><strong><em>mortIs</em></strong></span> <span class='ocrx_word' id='word_1_80' title='bbox 675 1782 808 1847; x_wconf 84' lang='lat' dir='ltr'><strong><em>articulo</em></strong></span> <span class='ocrx_word' id='word_1_81' title='bbox 825 1782 955 1865; x_wconf 78' lang='lat' dir='ltr'><strong><em>plenam</em></strong></span> <span class='ocrx_word' id='word_1_82' title='bbox 979 1785 1117 1847; x_wconf 89' lang='lat' dir='ltr'><strong><em>omnium</em></strong></span> <span class='ocrx_word' id='word_1_83' title='bbox 1133 1790 1336 1867; x_wconf 87' lang='lat' dir='ltr'><strong><em>peccatorum</em></strong></span> <span class='ocrx_word' id='word_1_84' title='bbox 1360 1786 1572 1849; x_wconf 81' lang='lat' dir='ltr'><strong><em>remissionem</em></strong></span> <span class='ocrx_word' id='word_1_85' title='bbox 1595 1786 1624 1849; x_wconf 84' lang='lat' dir='ltr'><strong><em>ei</em></strong></span> <span class='ocrx_word' id='word_1_86' title='bbox 1647 1805 1715 1848; x_wconf 88' lang='lat' dir='ltr'><strong><em>con·</em></strong></span> 
     </span>
     <span class='ocr_line' id='line_1_11' title="bbox 317 1885 1608 1968; baseline 0.001 -18"><span class='ocrx_word' id='word_1_87' title='bbox 317 1885 424 1950; x_wconf 87' lang='lat' dir='ltr'><strong><em>cedere</em></strong></span> <span class='ocrx_word' id='word_1_88' title='bbox 440 1889 552 1968; x_wconf 87' lang='lat' dir='ltr'><strong><em>possit.</em></strong></span> <span class='ocrx_word' id='word_1_89' title='bbox 579 1886 763 1967; x_wconf 84' lang='lat' dir='ltr'><strong><em>,Pr0oenit“</em></strong></span> <span class='ocrx_word' id='word_1_90' title='bbox 795 1887 969 1963; x_wconf 82' lang='lat' dir='ltr'><strong><em>,Aninionc</em></strong></span> <span class='ocrx_word' id='word_1_91' title='bbox 993 1888 1080 1950; x_wconf 91' lang='lat' dir='ltr'><em>XIII</em></span> <span class='ocrx_word' id='word_1_92' title='bbox 1098 1887 1163 1952; x_wconf 85' lang='lat' dir='ltr'><strong><em>bal.</em></strong></span> <span class='ocrx_word' id='word_1_93' title='bbox 1188 1887 1368 1952; x_wconf 82' lang='lat' dir='ltr'><strong><em>Decembris</em></strong></span> <span class='ocrx_word' id='word_1_94' title='bbox 1392 1910 1421 1952; x_wconf 84' lang='lat' dir='ltr'><strong><em>a.</em></strong></span> <span class='ocrx_word' id='word_1_95' title='bbox 1444 1888 1608 1953; x_wconf 85' lang='lat' dir='ltr'><strong><em>sccundo.“</em></strong></span> 
     </span>
    </p>
   </div>
   <div class='ocr_carea' id='block_1_7' title="bbox 275 2026 1671 2144">
    <p class='ocr_par' dir='ltr' id='par_1_7' title="bbox 275 2026 1671 2144">
     <span class='ocr_line' id='line_1_12' title="bbox 275 2026 1671 2144; baseline 0.002 -56"><span class='ocrx_word' id='word_1_96' title='bbox 275 2026 313 2144; x_wconf 48' lang='grc' dir='ltr'><strong><em>ἕξ</em></strong></span> <span class='ocrx_word' id='word_1_97' title='bbox 1118 2027 1280 2105; x_wconf 86' lang='lat' dir='ltr'><strong><em>Avinione,</em></strong></span> <span class='ocrx_word' id='word_1_98' title='bbox 1309 2029 1390 2090; x_wconf 78' lang='lat'><strong><em>1354</em></strong></span> <span class='ocrx_word' id='word_1_99' title='bbox 1414 2026 1598 2092; x_wconf 86' lang='lat' dir='ltr'><strong><em>Novembris</em></strong></span> <span class='ocrx_word' id='word_1_100' title='bbox 1620 2030 1671 2091; x_wconf 86' lang='lat'><strong><em>19.</em></strong></span> 
     </span>
    </p>
   </div>
   <div class='ocr_carea' id='block_1_8' title="bbox 214 2179 1711 2366">
    <p class='ocr_par' dir='ltr' id='par_1_8' title="bbox 214 2179 1711 2366">
     <span class='ocr_line' id='line_1_13' title="bbox 343 2179 1711 2284; baseline 0.001 -18"><span class='ocrx_word' id='word_1_101' title='bbox 343 2212 373 2266; x_wconf 68' lang='lat' dir='ltr'><strong><em>R,</em></strong></span> <span class='ocrx_word' id='word_1_102' title='bbox 392 2213 442 2266; x_wconf 77' lang='lat' dir='ltr'><strong><em>av.</em></strong></span> <span class='ocrx_word' id='word_1_103' title='bbox 463 2219 512 2269; x_wconf 82' lang='lat'><strong><em>128</em></strong></span> <span class='ocrx_word' id='word_1_104' title='bbox 531 2179 576 2268; x_wconf 82' lang='lat' dir='ltr'><strong><em>fol.</em></strong></span> <span class='ocrx_word' id='word_1_105' title='bbox 596 2213 664 2281; x_wconf 77' lang='lat'><strong><em>577⁴,</em></strong></span> <span class='ocrx_word' id='word_1_106' title='bbox 683 2214 714 2267; x_wconf 83' lang='lat' dir='ltr'><strong><em>R.</em></strong></span> <span class='ocrx_word' id='word_1_107' title='bbox 733 2214 794 2267; x_wconf 83' lang='lat' dir='ltr'><strong><em>Vat</em></strong></span> <span class='ocrx_word' id='word_1_108' title='bbox 814 2219 864 2267; x_wconf 78' lang='lat' dir='ltr'><strong><em>aet</em></strong></span> <span class='ocrx_word' id='word_1_109' title='bbox 883 2214 930 2269; x_wconf 85' lang='lat' dir='ltr'><strong><em>fol.</em></strong></span> <span class='ocrx_word' id='word_1_110' title='bbox 950 2219 1008 2268; x_wconf 78' lang='lat'><strong><em>32⁷.</em></strong></span> <span class='ocrx_word' id='word_1_111' title='bbox 1034 2245 1059 2253; x_wconf 89' lang='lat'><em>-</em></span> <span class='ocrx_word' id='word_1_112' title='bbox 1079 2215 1110 2268; x_wconf 92' lang='lat' dir='ltr'><strong><em>In</em></strong></span> <span class='ocrx_word' id='word_1_113' title='bbox 1129 2214 1231 2269; x_wconf 89' lang='lat' dir='ltr'><strong><em>eisdem</em></strong></span> <span class='ocrx_word' id='word_1_114' title='bbox 1250 2215 1323 2269; x_wconf 87' lang='lat' dir='ltr'><strong><em>foliis</em></strong></span> <span class='ocrx_word' id='word_1_115' title='bbox 1344 2216 1438 2269; x_wconf 90' lang='lat' dir='ltr'><strong><em>eadem</em></strong></span> <span class='ocrx_word' id='word_1_116' title='bbox 1457 2215 1627 2284; x_wconf 82' lang='lat' dir='ltr'><strong><em>indulgentia</em></strong></span> <span class='ocrx_word' id='word_1_117' title='bbox 1651 2231 1711 2269; x_wconf 90' lang='lat' dir='ltr'><strong><em>cum</em></strong></span> 
     </span>
     <span class='ocr_line' id='line_1_14' title="bbox 214 2298 1212 2366; baseline 0.004 -15"><span class='ocrx_word' id='word_1_118' title='bbox 214 2298 309 2352; x_wconf 85' lang='lat' dir='ltr'><strong><em>eadem</em></strong></span> <span class='ocrx_word' id='word_1_119' title='bbox 327 2300 468 2352; x_wconf 72' lang='lat' dir='ltr'><strong><em>taxadone</em></strong></span> <span class='ocrx_word' id='word_1_120' title='bbox 486 2300 618 2354; x_wconf 78' lang='lat' dir='ltr'><strong><em>Paulinae</em></strong></span> <span class='ocrx_word' id='word_1_121' title='bbox 637 2300 670 2354; x_wconf 90' lang='lat' dir='ltr'><strong><em>de</em></strong></span> <span class='ocrx_word' id='word_1_122' title='bbox 690 2300 837 2354; x_wconf 86' lang='lat' dir='ltr'><strong><em>Glambach</em></strong></span> <span class='ocrx_word' id='word_1_123' title='bbox 857 2301 1029 2366; x_wconf 83' lang='lat' dir='ltr'><strong><em>(Glamboea)</em></strong></span> <span class='ocrx_word' id='word_1_124' title='bbox 1047 2302 1212 2357; x_wconf 82' lang='lat' dir='ltr'><strong><em>conceditur.</em></strong></span> 
     </span>
    </p>
   </div>
   <div class='ocr_carea' id='block_1_9' title="bbox 213 2560 1712 2750">
    <p class='ocr_par' dir='ltr' id='par_1_9' title="bbox 213 2560 1712 2750">
     <span class='ocr_line' id='line_1_15' title="bbox 213 2560 1712 2664; baseline -0.001 -20"><span class='ocrx_word' id='word_1_125' title='bbox 213 2579 302 2644; x_wconf 79' lang='lat'><strong><em>302.</em></strong></span> <span class='ocrx_word' id='word_1_126' title='bbox 326 2576 469 2643; x_wconf 82' lang='lat' dir='ltr'><strong><em>dobanni</em></strong></span> <span class='ocrx_word' id='word_1_127' title='bbox 493 2580 648 2643; x_wconf 87' lang='lat' dir='ltr'><strong><em>Poduono</em></strong></span> <span class='ocrx_word' id='word_1_128' title='bbox 670 2581 853 2658; x_wconf 90' lang='lat' dir='ltr'><strong><em>mandatur,</em></strong></span> <span class='ocrx_word' id='word_1_129' title='bbox 878 2587 1030 2662; x_wconf 82' lang='lat' dir='ltr'><strong><em>quatenus</em></strong></span> <span class='ocrx_word' id='word_1_130' title='bbox 1053 2601 1158 2645; x_wconf 87' lang='lat' dir='ltr'><strong><em>omnes</em></strong></span> <span class='ocrx_word' id='word_1_131' title='bbox 1179 2583 1331 2664; x_wconf 88' lang='lat' dir='ltr'><strong><em>pecunius</em></strong></span> <span class='ocrx_word' id='word_1_132' title='bbox 1355 2581 1500 2647; x_wconf 88' lang='lat' dir='ltr'><strong><em>collectas</em></strong></span> <span class='ocrx_word' id='word_1_133' title='bbox 1527 2560 1712 2664; x_wconf 78' lang='lat' dir='ltr'><strong><em>Ilaymundo</em></strong></span> 
     </span>
     <span class='ocr_line' id='line_1_16' title="bbox 768 2685 1158 2750; baseline -0.003 -1"><span class='ocrx_word' id='word_1_134' title='bbox 768 2685 805 2750; x_wconf 89' lang='lat' dir='ltr'><strong><em>de</em></strong></span> <span class='ocrx_word' id='word_1_135' title='bbox 829 2686 1014 2750; x_wconf 85' lang='lat' dir='ltr'><strong><em>Lacaucina</em></strong></span> <span class='ocrx_word' id='word_1_136' title='bbox 1038 2685 1158 2749; x_wconf 88' lang='lat' dir='ltr'><strong><em>tradat.</em></strong></span> 
     </span>
    </p>
   </div>
   <div class='ocr_carea' id='block_1_10' title="bbox 1115 2823 1669 2901">
    <p class='ocr_par' dir='ltr' id='par_1_10' title="bbox 1115 2823 1669 2901">
     <span class='ocr_line' id='line_1_17' title="bbox 1115 2823 1669 2901; baseline 0.002 -13"><span class='ocrx_word' id='word_1_137' title='bbox 1115 2823 1278 2901; x_wconf 85' lang='lat' dir='ltr'><strong><em>Aoinionc,</em></strong></span> <span class='ocrx_word' id='word_1_138' title='bbox 1301 2824 1387 2889; x_wconf 76' lang='lat'><strong><em>1354</em></strong></span> <span class='ocrx_word' id='word_1_139' title='bbox 1410 2824 1595 2890; x_wconf 86' lang='lat' dir='ltr'><strong><em>Nouembris</em></strong></span> <span class='ocrx_word' id='word_1_140' title='bbox 1616 2828 1669 2898; x_wconf 83' lang='lat'><strong><em>22,</em></strong></span> 
     </span>
    </p>
   </div>
   <div class='ocr_carea' id='block_1_11' title="bbox 210 3013 1712 4134">
    <p class='ocr_par' dir='ltr' id='par_1_11' title="bbox 210 3013 1712 4134">
     <span class='ocr_line' id='line_1_18' title="bbox 343 3013 1712 3096; baseline -0.001 -19"><span class='ocrx_word' id='word_1_141' title='bbox 343 3013 549 3080; x_wconf 84' lang='lat' dir='ltr'><strong><em>innocencius</em></strong></span> <span class='ocrx_word' id='word_1_142' title='bbox 572 3018 663 3095; x_wconf 52' lang='lat' dir='ltr'><strong><em>etos)</em></strong></span> <span class='ocrx_word' id='word_1_143' title='bbox 687 3016 714 3079; x_wconf 93' lang='lat' dir='ltr'><strong><em>d.</em></strong></span> <span class='ocrx_word' id='word_1_144' title='bbox 737 3015 758 3079; x_wconf 84' lang='lat' dir='ltr'><strong><em>f.</em></strong></span> <span class='ocrx_word' id='word_1_145' title='bbox 783 3014 918 3080; x_wconf 82' lang='lat' dir='ltr'><strong><em>Iohanni</em></strong></span> <span class='ocrx_word' id='word_1_146' title='bbox 952 3015 1102 3079; x_wconf 89' lang='lat' dir='ltr'><strong><em>Padueno</em></strong></span> <span class='ocrx_word' id='word_1_147' title='bbox 1126 3015 1245 3079; x_wconf 89' lang='lat' dir='ltr'><strong><em>decano</em></strong></span> <span class='ocrx_word' id='word_1_148' title='bbox 1279 3015 1415 3081; x_wconf 90' lang='lat' dir='ltr'><strong><em>ecclesie</em></strong></span> <span class='ocrx_word' id='word_1_149' title='bbox 1439 3014 1712 3096; x_wconf 80' lang='lat' dir='ltr'><strong><em>Wiscegradeusis</em></strong></span> 
     </span>
     <span class='ocr_line' id='line_1_19' title="bbox 212 3115 1710 3201; baseline 0.002 -22"><span class='ocrx_word' id='word_1_150' title='bbox 212 3115 382 3198; x_wconf 81' lang='lat' dir='ltr'><strong><em>Pregeusis</em></strong></span> <span class='ocrx_word' id='word_1_151' title='bbox 406 3118 495 3201; x_wconf 83' lang='lat' dir='ltr'><strong><em>dioc,</em></strong></span> <span class='ocrx_word' id='word_1_152' title='bbox 521 3121 695 3201; x_wconf 88' lang='lat' dir='ltr'><strong><em>apostolice</em></strong></span> <span class='ocrx_word' id='word_1_153' title='bbox 720 3120 807 3183; x_wconf 91' lang='lat' dir='ltr'><strong><em>sedis</em></strong></span> <span class='ocrx_word' id='word_1_154' title='bbox 831 3119 954 3201; x_wconf 90' lang='lat' dir='ltr'><strong><em>nuncio,</em></strong></span> <span class='ocrx_word' id='word_1_155' title='bbox 985 3119 1121 3183; x_wconf 88' lang='lat' dir='ltr'><strong><em>salutem</em></strong></span> <span class='ocrx_word' id='word_1_156' title='bbox 1153 3125 1187 3183; x_wconf 86' lang='lat' dir='ltr'><strong><em>et</em></strong></span> <span class='ocrx_word' id='word_1_157' title='bbox 1213 3120 1418 3200; x_wconf 87' lang='lat' dir='ltr'><strong><em>apostolicam</em></strong></span> <span class='ocrx_word' id='word_1_158' title='bbox 1443 3118 1710 3184; x_wconf 87' lang='lat' dir='ltr'><strong><em>benediccionem.</em></strong></span> 
     </span>
     <span class='ocr_line' id='line_1_20' title="bbox 214 3220 1707 3307; baseline 0.002 -24"><span class='ocrx_word' id='word_1_159' title='bbox 214 3220 407 3287; x_wconf 84' lang='lat' dir='ltr'><strong><em>lliscrecioni</em></strong></span> <span class='ocrx_word' id='word_1_160' title='bbox 440 3229 495 3287; x_wconf 89' lang='lat' dir='ltr'><strong><em>tue</em></strong></span> <span class='ocrx_word' id='word_1_161' title='bbox 537 3241 596 3306; x_wconf 91' lang='lat' dir='ltr'><strong><em>per</em></strong></span> <span class='ocrx_word' id='word_1_162' title='bbox 630 3225 808 3306; x_wconf 88' lang='lat' dir='ltr'><strong><em>apostolica</em></strong></span> <span class='ocrx_word' id='word_1_163' title='bbox 841 3225 961 3307; x_wconf 90' lang='lat' dir='ltr'><strong><em>scripta</em></strong></span> <span class='ocrx_word' id='word_1_164' title='bbox 998 3224 1193 3301; x_wconf 86' lang='lat' dir='ltr'><strong><em>mandamus,</em></strong></span> <span class='ocrx_word' id='word_1_165' title='bbox 1233 3231 1381 3305; x_wconf 81' lang='lat' dir='ltr'><strong><em>quatinus</em></strong></span> <span class='ocrx_word' id='word_1_166' title='bbox 1420 3241 1529 3288; x_wconf 89' lang='lat' dir='ltr'><strong><em>omnes</em></strong></span> <span class='ocrx_word' id='word_1_167' title='bbox 1555 3223 1707 3304; x_wconf 91' lang='lat' dir='ltr'><strong><em>pecunias</em></strong></span> 
     </span>
     <span class='ocr_line' id='line_1_21' title="bbox 213 3324 1708 3411; baseline 0.001 -25"><span class='ocrx_word' id='word_1_168' title='bbox 213 3324 252 3388; x_wconf 85' lang='lat' dir='ltr'><strong><em>ed</em></strong></span> <span class='ocrx_word' id='word_1_169' title='bbox 275 3330 414 3391; x_wconf 86' lang='lat' dir='ltr'><strong><em>nostram</em></strong></span> <span class='ocrx_word' id='word_1_170' title='bbox 449 3344 605 3392; x_wconf 86' lang='lat' dir='ltr'><strong><em>cameram</em></strong></span> <span class='ocrx_word' id='word_1_171' title='bbox 640 3328 847 3411; x_wconf 82' lang='lat' dir='ltr'><strong><em>pertinentes,</em></strong></span> <span class='ocrx_word' id='word_1_172' title='bbox 883 3336 996 3410; x_wconf 86' lang='lat' dir='ltr'><strong><em>perte</em></strong></span> <span class='ocrx_word' id='word_1_173' title='bbox 1020 3328 1170 3392; x_wconf 86' lang='lat' dir='ltr'><strong><em>collectas</em></strong></span> <span class='ocrx_word' id='word_1_174' title='bbox 1203 3335 1237 3392; x_wconf 90' lang='lat' dir='ltr'><strong><em>et</em></strong></span> <span class='ocrx_word' id='word_1_175' title='bbox 1259 3345 1361 3408; x_wconf 89' lang='lat' dir='ltr'><strong><em>usque</em></strong></span> <span class='ocrx_word' id='word_1_176' title='bbox 1386 3328 1425 3391; x_wconf 87' lang='lat' dir='ltr'><strong><em>ad</em></strong></span> <span class='ocrx_word' id='word_1_177' title='bbox 1449 3345 1609 3391; x_wconf 84' lang='lat' dir='ltr'><strong><em>recessum</em></strong></span> <span class='ocrx_word' id='word_1_178' title='bbox 1634 3326 1662 3389; x_wconf 90' lang='lat' dir='ltr'><strong><em>d.</em></strong></span> <span class='ocrx_word' id='word_1_179' title='bbox 1688 3325 1708 3389; x_wconf 85' lang='lat' dir='ltr'><strong><em>f.</em></strong></span> 
     </span>
     <span class='ocr_line' id='line_1_22' title="bbox 212 3427 1711 3512; baseline 0.001 -21"><span class='ocrx_word' id='word_1_180' title='bbox 212 3427 386 3511; x_wconf 85' lang='lat' dir='ltr'><strong><em>Raymundi</em></strong></span> <span class='ocrx_word' id='word_1_181' title='bbox 410 3432 449 3495; x_wconf 92' lang='lat' dir='ltr'><strong><em>de</em></strong></span> <span class='ocrx_word' id='word_1_182' title='bbox 473 3432 505 3496; x_wconf 88' lang='lat' dir='ltr'><strong><em>la</em></strong></span> <span class='ocrx_word' id='word_1_183' title='bbox 528 3431 675 3511; x_wconf 86' lang='lat' dir='ltr'><strong><em>Caucinu,</em></strong></span> <span class='ocrx_word' id='word_1_184' title='bbox 700 3433 869 3498; x_wconf 87' lang='lat' dir='ltr'><strong><em>servientis</em></strong></span> <span class='ocrx_word' id='word_1_185' title='bbox 893 3451 1048 3496; x_wconf 89' lang='lat' dir='ltr'><strong><em>armorum</em></strong></span> <span class='ocrx_word' id='word_1_186' title='bbox 1072 3438 1106 3497; x_wconf 93' lang='lat' dir='ltr'><strong><em>et</em></strong></span> <span class='ocrx_word' id='word_1_187' title='bbox 1128 3431 1295 3496; x_wconf 82' lang='lat' dir='ltr'><strong><em>familiaris</em></strong></span> <span class='ocrx_word' id='word_1_188' title='bbox 1318 3431 1428 3511; x_wconf 85' lang='lat' dir='ltr'><strong><em>nostri,</em></strong></span> <span class='ocrx_word' id='word_1_189' title='bbox 1453 3431 1564 3495; x_wconf 89' lang='lat' dir='ltr'><strong><em>latoris</em></strong></span> <span class='ocrx_word' id='word_1_190' title='bbox 1580 3448 1711 3512; x_wconf 89' lang='lat' dir='ltr'><strong><em>presen-</em></strong></span> 
     </span>
     <span class='ocr_line' id='line_1_23' title="bbox 212 3531 1711 3618; baseline 0.001 -23"><span class='ocrx_word' id='word_1_191' title='bbox 212 3531 302 3613; x_wconf 89' lang='lat' dir='ltr'><strong><em>cium,</em></strong></span> <span class='ocrx_word' id='word_1_192' title='bbox 333 3539 418 3612; x_wconf 89' lang='lat' dir='ltr'><strong><em>ate,</em></strong></span> <span class='ocrx_word' id='word_1_193' title='bbox 443 3536 483 3599; x_wconf 84' lang='lat' dir='ltr'><strong><em>ed</em></strong></span> <span class='ocrx_word' id='word_1_194' title='bbox 505 3554 597 3616; x_wconf 89' lang='lat' dir='ltr'><strong><em>quem</em></strong></span> <span class='ocrx_word' id='word_1_195' title='bbox 622 3536 724 3618; x_wconf 88' lang='lat' dir='ltr'><strong><em>ipsum</em></strong></span> <span class='ocrx_word' id='word_1_196' title='bbox 748 3536 933 3618; x_wconf 87' lang='lat' dir='ltr'><strong><em>specialiter</em></strong></span> <span class='ocrx_word' id='word_1_197' title='bbox 963 3536 1127 3615; x_wconf 86' lang='lat' dir='ltr'><strong><em>mittimus,</em></strong></span> <span class='ocrx_word' id='word_1_198' title='bbox 1161 3536 1364 3618; x_wconf 83' lang='lat' dir='ltr'><strong><em>colligendus,</em></strong></span> <span class='ocrx_word' id='word_1_199' title='bbox 1398 3535 1501 3598; x_wconf 90' lang='lat' dir='ltr'><strong><em>eidem</em></strong></span> <span class='ocrx_word' id='word_1_200' title='bbox 1526 3533 1711 3616; x_wconf 81' lang='lat' dir='ltr'><strong><em>Reyrnundo</em></strong></span> 
     </span>
     <span class='ocr_line' id='line_1_24' title="bbox 211 3635 1706 3722; baseline 0.002 -23"><span class='ocrx_word' id='word_1_201' title='bbox 211 3637 337 3701; x_wconf 83' lang='lat' dir='ltr'><strong><em>tradere</em></strong></span> <span class='ocrx_word' id='word_1_202' title='bbox 361 3645 395 3702; x_wconf 90' lang='lat' dir='ltr'><strong><em>et</em></strong></span> <span class='ocrx_word' id='word_1_203' title='bbox 417 3639 581 3722; x_wconf 83' lang='lat' dir='ltr'><strong><em>assignare</em></strong></span> <span class='ocrx_word' id='word_1_204' title='bbox 605 3658 764 3722; x_wconf 77' lang='lat' dir='ltr'><strong><em>procureS,</em></strong></span> <span class='ocrx_word' id='word_1_205' title='bbox 796 3658 950 3722; x_wconf 89' lang='lat' dir='ltr'><strong><em>pereum</em></strong></span> <span class='ocrx_word' id='word_1_206' title='bbox 974 3639 1152 3704; x_wconf 88' lang='lat' dir='ltr'><strong><em>addictam</em></strong></span> <span class='ocrx_word' id='word_1_207' title='bbox 1177 3658 1333 3703; x_wconf 87' lang='lat' dir='ltr'><strong><em>cameram</em></strong></span> <span class='ocrx_word' id='word_1_208' title='bbox 1365 3637 1563 3717; x_wconf 70' lang='lat' dir='ltr'><strong><em>deferendas</em></strong></span> <span class='ocrx_word' id='word_1_209' title='bbox 1594 3635 1706 3702; x_wconf 84' lang='lat' dir='ltr'><strong><em>certifi-</em></strong></span> 
     </span>
     <span class='ocr_line' id='line_1_25' title="bbox 211 3741 1709 3826; baseline 0.001 -23"><span class='ocrx_word' id='word_1_210' title='bbox 211 3745 339 3805; x_wconf 87' lang='lat' dir='ltr'><strong><em>caturus</em></strong></span> <span class='ocrx_word' id='word_1_211' title='bbox 361 3759 421 3823; x_wconf 91' lang='lat' dir='ltr'><strong><em>per</em></strong></span> <span class='ocrx_word' id='word_1_212' title='bbox 441 3742 568 3807; x_wconf 84' lang='lat' dir='ltr'><strong><em>litteras</em></strong></span> <span class='ocrx_word' id='word_1_213' title='bbox 595 3750 666 3807; x_wconf 89' lang='lat' dir='ltr'><strong><em>tuas</em></strong></span> <span class='ocrx_word' id='word_1_214' title='bbox 690 3762 846 3809; x_wconf 90' lang='lat' dir='ltr'><strong><em>cameram</em></strong></span> <span class='ocrx_word' id='word_1_215' title='bbox 877 3744 977 3826; x_wconf 85' lang='lat' dir='ltr'><strong><em>ipsam</em></strong></span> <span class='ocrx_word' id='word_1_216' title='bbox 1002 3744 1041 3806; x_wconf 91' lang='lat' dir='ltr'><strong><em>de</em></strong></span> <span class='ocrx_word' id='word_1_217' title='bbox 1064 3742 1136 3822; x_wconf 90' lang='lat' dir='ltr'><strong><em>hiis,</em></strong></span> <span class='ocrx_word' id='word_1_218' title='bbox 1167 3761 1228 3823; x_wconf 90' lang='lat' dir='ltr'><strong><em>que</em></strong></span> <span class='ocrx_word' id='word_1_219' title='bbox 1252 3744 1336 3807; x_wconf 85' lang='lat' dir='ltr'><strong><em>dicto</em></strong></span> <span class='ocrx_word' id='word_1_220' title='bbox 1361 3741 1545 3824; x_wconf 86' lang='lat' dir='ltr'><strong><em>Reymuudo</em></strong></span> <span class='ocrx_word' id='word_1_221' title='bbox 1580 3741 1709 3805; x_wconf 85' lang='lat' dir='ltr'><strong><em>duxeris</em></strong></span> 
     </span>
     <span class='ocr_line' id='line_1_26' title="bbox 212 3844 1710 3927; baseline 0.001 -21"><span class='ocrx_word' id='word_1_222' title='bbox 212 3844 409 3927; x_wconf 83' lang='lat' dir='ltr'><strong><em>assignanda.</em></strong></span> <span class='ocrx_word' id='word_1_223' title='bbox 449 3846 515 3912; x_wconf 90' lang='lat' dir='ltr'><strong><em>Nos</em></strong></span> <span class='ocrx_word' id='word_1_224' title='bbox 538 3849 623 3912; x_wconf 91' lang='lat' dir='ltr'><strong><em>enim</em></strong></span> <span class='ocrx_word' id='word_1_225' title='bbox 646 3847 707 3913; x_wconf 91' lang='lat' dir='ltr'><strong><em>sibi</em></strong></span> <span class='ocrx_word' id='word_1_226' title='bbox 739 3847 922 3913; x_wconf 85' lang='lat' dir='ltr'><strong><em>absolvendi</em></strong></span> <span class='ocrx_word' id='word_1_227' title='bbox 953 3853 988 3912; x_wconf 93' lang='lat' dir='ltr'><strong><em>et</em></strong></span> <span class='ocrx_word' id='word_1_228' title='bbox 1010 3845 1154 3927; x_wconf 90' lang='lat' dir='ltr'><strong><em>quitandi</em></strong></span> <span class='ocrx_word' id='word_1_229' title='bbox 1178 3846 1216 3910; x_wconf 90' lang='lat' dir='ltr'><strong><em>de</em></strong></span> <span class='ocrx_word' id='word_1_230' title='bbox 1240 3845 1313 3910; x_wconf 86' lang='lat' dir='ltr'><strong><em>hiis.</em></strong></span> <span class='ocrx_word' id='word_1_231' title='bbox 1348 3863 1409 3926; x_wconf 87' lang='lat' dir='ltr'><strong><em>que</em></strong></span> <span class='ocrx_word' id='word_1_232' title='bbox 1433 3845 1463 3909; x_wconf 91' lang='lat' dir='ltr'><strong><em>ei</em></strong></span> <span class='ocrx_word' id='word_1_233' title='bbox 1486 3844 1710 3925; x_wconf 85' lang='lat' dir='ltr'><strong><em>assignaveris,</em></strong></span> 
     </span>
     <span class='ocr_line' id='line_1_27' title="bbox 210 3946 1709 4034; baseline -0.001 -23"><span class='ocrx_word' id='word_1_234' title='bbox 210 3946 335 4028; x_wconf 86' lang='lat' dir='ltr'><strong><em>plenem</em></strong></span> <span class='ocrx_word' id='word_1_235' title='bbox 357 3951 558 4015; x_wconf 86' lang='lat' dir='ltr'><strong><em>concedimus</em></strong></span> <span class='ocrx_word' id='word_1_236' title='bbox 581 3958 691 4017; x_wconf 91' lang='lat' dir='ltr'><strong><em>tenore</em></strong></span> <span class='ocrx_word' id='word_1_237' title='bbox 715 3951 914 4034; x_wconf 89' lang='lat' dir='ltr'><strong><em>presencium</em></strong></span> <span class='ocrx_word' id='word_1_238' title='bbox 937 3955 1139 4033; x_wconf 85' lang='lat' dir='ltr'><strong><em>potestatem.</em></strong></span> <span class='ocrx_word' id='word_1_239' title='bbox 1166 3950 1202 4012; x_wconf 88' lang='lat' dir='ltr'><strong><em>l).</em></strong></span> <span class='ocrx_word' id='word_1_240' title='bbox 1220 3949 1377 4014; x_wconf 82' lang='lat' dir='ltr'><strong><em>Auiuioue</em></strong></span> <span class='ocrx_word' id='word_1_241' title='bbox 1401 3947 1506 4012; x_wconf 85' lang='lat' dir='ltr'><strong><em>Xkel.</em></strong></span> <span class='ocrx_word' id='word_1_242' title='bbox 1524 3947 1709 4011; x_wconf 88' lang='lat' dir='ltr'><strong><em>Decembris</em></strong></span> 
     </span>
     <span class='ocr_line' id='line_1_28' title="bbox 211 4051 798 4134; baseline 0.014 -21"><span class='ocrx_word' id='word_1_243' title='bbox 211 4051 411 4132; x_wconf 87' lang='lat' dir='ltr'><strong><em>pontificatus</em></strong></span> <span class='ocrx_word' id='word_1_244' title='bbox 435 4056 535 4120; x_wconf 87' lang='lat' dir='ltr'><strong><em>nostri</em></strong></span> <span class='ocrx_word' id='word_1_245' title='bbox 558 4074 586 4119; x_wconf 89' lang='lat' dir='ltr'><strong><em>a.</em></strong></span> <span class='ocrx_word' id='word_1_246' title='bbox 611 4056 798 4134; x_wconf 56' lang='lat' dir='ltr'><strong><em>secundos)</em></strong></span> 
     </span>
    </p>
   </div>
   <div class='ocr_carea' id='block_1_12' title="bbox 210 4222 1708 4470">
    <p class='ocr_par' dir='ltr' id='par_1_12' title="bbox 210 4222 1708 4470">
     <span class='ocr_line' id='line_1_29' title="bbox 338 4222 1708 4294; baseline -0.002 -16"><span class='ocrx_word' id='word_1_247' title='bbox 338 4223 368 4278; x_wconf 85' lang='lat' dir='ltr'><strong><em>R.</em></strong></span> <span class='ocrx_word' id='word_1_248' title='bbox 388 4225 448 4279; x_wconf 72' lang='lat' dir='ltr'><strong><em>Vnt.</em></strong></span> <span class='ocrx_word' id='word_1_249' title='bbox 468 4232 518 4280; x_wconf 75' lang='lat' dir='ltr'><strong><em>ite</em></strong></span> <span class='ocrx_word' id='word_1_250' title='bbox 537 4225 584 4279; x_wconf 82' lang='lat' dir='ltr'><strong><em>iol.</em></strong></span> <span class='ocrx_word' id='word_1_251' title='bbox 605 4230 672 4292; x_wconf 73' lang='lat'><strong><em>129¹,</em></strong></span> <span class='ocrx_word' id='word_1_252' title='bbox 691 4227 722 4281; x_wconf 83' lang='lat' dir='ltr'><strong><em>R.</em></strong></span> <span class='ocrx_word' id='word_1_253' title='bbox 742 4228 802 4281; x_wconf 87' lang='lat' dir='ltr'><strong><em>Vnt.</em></strong></span> <span class='ocrx_word' id='word_1_254' title='bbox 826 4231 878 4280; x_wconf 70' lang='lat'><strong><em>286</em></strong></span> <span class='ocrx_word' id='word_1_255' title='bbox 897 4225 942 4278; x_wconf 84' lang='lat' dir='ltr'><strong><em>iol.</em></strong></span> <span class='ocrx_word' id='word_1_256' title='bbox 963 4233 1022 4279; x_wconf 73' lang='lat'><strong><em>212.</em></strong></span> <span class='ocrx_word' id='word_1_257' title='bbox 1040 4255 1073 4264; x_wconf 98' lang='lat'>-</span> <span class='ocrx_word' id='word_1_258' title='bbox 1093 4231 1118 4294; x_wconf 79' lang='lat' dir='ltr'><strong><em>a)</em></strong></span> <span class='ocrx_word' id='word_1_259' title='bbox 1137 4224 1322 4293; x_wconf 86' lang='lat' dir='ltr'><strong><em>,Innocentius</em></strong></span> <span class='ocrx_word' id='word_1_260' title='bbox 1346 4230 1406 4277; x_wconf 72' lang='lat' dir='ltr'><strong><em>etc.⁸</em></strong></span> <span class='ocrx_word' id='word_1_261' title='bbox 1425 4223 1503 4277; x_wconf 88' lang='lat' dir='ltr'><strong><em>deest</em></strong></span> <span class='ocrx_word' id='word_1_262' title='bbox 1521 4223 1550 4276; x_wconf 93' lang='lat' dir='ltr'><strong><em>in</em></strong></span> <span class='ocrx_word' id='word_1_263' title='bbox 1569 4222 1630 4276; x_wconf 83' lang='lat' dir='ltr'><strong><em>Vet</em></strong></span> <span class='ocrx_word' id='word_1_264' title='bbox 1649 4226 1708 4276; x_wconf 79' lang='lat'>286.</span> 
     </span>
     <span class='ocr_line' id='line_1_30' title="bbox 211 4309 1708 4381; baseline -0.001 -17"><span class='ocrx_word' id='word_1_265' title='bbox 211 4310 245 4373; x_wconf 80' lang='lat' dir='ltr'><strong><em>b)</em></strong></span> <span class='ocrx_word' id='word_1_266' title='bbox 264 4311 371 4370; x_wconf 79' lang='lat' dir='ltr'><strong><em>,Datum</em></strong></span> <span class='ocrx_word' id='word_1_267' title='bbox 400 4320 430 4366; x_wconf 88' lang='lat' dir='ltr'><strong><em>nt</em></strong></span> <span class='ocrx_word' id='word_1_268' title='bbox 454 4315 546 4381; x_wconf 87' lang='lat' dir='ltr'><strong><em>supra‘</em></strong></span> <span class='ocrx_word' id='word_1_269' title='bbox 566 4313 626 4366; x_wconf 82' lang='lat' dir='ltr'><strong><em>Vnt.</em></strong></span> <span class='ocrx_word' id='word_1_270' title='bbox 646 4318 705 4367; x_wconf 77' lang='lat'><strong>236.</strong></span> <span class='ocrx_word' id='word_1_271' title='bbox 724 4343 756 4352; x_wconf 93' lang='lat'><strong><em>--</em></strong></span> <span class='ocrx_word' id='word_1_272' title='bbox 776 4313 870 4367; x_wconf 82' lang='lat' dir='ltr'><strong><em>Simile</em></strong></span> <span class='ocrx_word' id='word_1_273' title='bbox 888 4312 1045 4367; x_wconf 79' lang='lat' dir='ltr'><strong><em>mandatum</em></strong></span> <span class='ocrx_word' id='word_1_274' title='bbox 1064 4311 1098 4365; x_wconf 87' lang='lat' dir='ltr'><strong><em>ad</em></strong></span> <span class='ocrx_word' id='word_1_275' title='bbox 1117 4311 1268 4365; x_wconf 78' lang='lat' dir='ltr'><strong><em>Arnaldum</em></strong></span> <span class='ocrx_word' id='word_1_276' title='bbox 1288 4310 1322 4364; x_wconf 89' lang='lat' dir='ltr'><strong><em>de</em></strong></span> <span class='ocrx_word' id='word_1_277' title='bbox 1340 4310 1497 4363; x_wconf 87' lang='lat' dir='ltr'><strong><em>Lacauciua</em></strong></span> <span class='ocrx_word' id='word_1_278' title='bbox 1516 4309 1708 4364; x_wconf 86' lang='lat' dir='ltr'><strong><em>scholasticum</em></strong></span> 
     </span>
     <span class='ocr_line' id='line_1_31' title="bbox 210 4397 1150 4470; baseline 0.002 -20"><span class='ocrx_word' id='word_1_279' title='bbox 210 4397 559 4470; x_wconf 53' lang='lat' dir='ltr'><strong><em>ecclesiasssltrecoriensis,</em></strong></span> <span class='ocrx_word' id='word_1_280' title='bbox 580 4401 749 4468; x_wconf 80' lang='lat' dir='ltr'><strong><em>apostolicae</em></strong></span> <span class='ocrx_word' id='word_1_281' title='bbox 769 4400 844 4455; x_wconf 87' lang='lat' dir='ltr'><strong><em>sedis</em></strong></span> <span class='ocrx_word' id='word_1_282' title='bbox 863 4398 996 4466; x_wconf 86' lang='lat' dir='ltr'><strong><em>nuntium,</em></strong></span> <span class='ocrx_word' id='word_1_283' title='bbox 1016 4398 1150 4469; x_wconf 81' lang='lat' dir='ltr'><strong><em>dirigitur.</em></strong></span> 
     </span>
    </p>
   </div>
   <div class='ocr_carea' id='block_1_13' title="bbox 204 4676 1706 5280">
    <p class='ocr_par' dir='ltr' id='par_1_13' title="bbox 204 4676 1706 5280">
     <span class='ocr_line' id='line_1_32' title="bbox 207 4676 1706 4762; baseline 0.001 -22"><span class='ocrx_word' id='word_1_284' title='bbox 207 4678 298 4744; x_wconf 82' lang='lat'><strong><em>303.</em></strong></span> <span class='ocrx_word' id='word_1_285' title='bbox 320 4676 525 4742; x_wconf 74' lang='lat' dir='ltr'><strong><em>Theodericus</em></strong></span> <span class='ocrx_word' id='word_1_286' title='bbox 548 4679 710 4762; x_wconf 85' lang='lat' dir='ltr'><strong><em>episcopus</em></strong></span> <span class='ocrx_word' id='word_1_287' title='bbox 726 4680 903 4744; x_wconf 84' lang='lat' dir='ltr'><strong><em>Mindensis</em></strong></span> <span class='ocrx_word' id='word_1_288' title='bbox 924 4680 1093 4760; x_wconf 89' lang='lat' dir='ltr'><strong><em>supplicat,</em></strong></span> <span class='ocrx_word' id='word_1_289' title='bbox 1117 4683 1271 4760; x_wconf 82' lang='lat' dir='ltr'><strong><em>quatenus</em></strong></span> <span class='ocrx_word' id='word_1_290' title='bbox 1286 4678 1430 4742; x_wconf 77' lang='lat' dir='ltr'><strong><em>Iohanni</em></strong></span> <span class='ocrx_word' id='word_1_291' title='bbox 1457 4677 1592 4756; x_wconf 77' lang='lat' dir='ltr'><strong><em>Steynen</em></strong></span> <span class='ocrx_word' id='word_1_292' title='bbox 1612 4697 1706 4759; x_wconf 89' lang='lat' dir='ltr'><strong><em>paro-</em></strong></span> 
     </span>
     <span class='ocr_line' id='line_1_33' title="bbox 210 4780 1706 4864; baseline 0 -19"><span class='ocrx_word' id='word_1_293' title='bbox 210 4780 324 4845; x_wconf 77' lang='lat' dir='ltr'><strong><em>chialis</em></strong></span> <span class='ocrx_word' id='word_1_294' title='bbox 346 4783 473 4846; x_wconf 85' lang='lat' dir='ltr'><strong><em>ecclesia</em></strong></span> <span class='ocrx_word' id='word_1_295' title='bbox 495 4783 530 4845; x_wconf 88' lang='lat' dir='ltr'><strong><em>in</em></strong></span> <span class='ocrx_word' id='word_1_296' title='bbox 553 4785 663 4847; x_wconf 79' lang='lat' dir='ltr'><strong><em>biuios</em></strong></span> <span class='ocrx_word' id='word_1_297' title='bbox 687 4785 903 4864; x_wconf 79' lang='lat' dir='ltr'><strong><em>(blmcbuu)¹)</em></strong></span> <span class='ocrx_word' id='word_1_298' title='bbox 938 4781 1150 4848; x_wconf 77' lang='lat' dir='ltr'><strong><em>olomucensis</em></strong></span> <span class='ocrx_word' id='word_1_299' title='bbox 1180 4783 1257 4848; x_wconf 82' lang='lat' dir='ltr'><strong><em>dioc.</em></strong></span> <span class='ocrx_word' id='word_1_300' title='bbox 1289 4787 1472 4857; x_wconf 83' lang='lat' dir='ltr'><strong><em>reservetur,</em></strong></span> <span class='ocrx_word' id='word_1_301' title='bbox 1506 4803 1592 4864; x_wconf 86' lang='lat' dir='ltr'><strong><em>„cum</em></strong></span> <span class='ocrx_word' id='word_1_302' title='bbox 1615 4781 1706 4846; x_wconf 85' lang='lat' dir='ltr'><strong><em>illam</em></strong></span> 
     </span>
     <span class='ocr_line' id='line_1_34' title="bbox 204 4883 1706 4968; baseline 0.001 -19"><span class='ocrx_word' id='word_1_303' title='bbox 204 4891 278 4968; x_wconf 90' lang='lat' dir='ltr'><strong><em>post</em></strong></span> <span class='ocrx_word' id='word_1_304' title='bbox 299 4887 563 4951; x_wconf 85' lang='lat' dir='ltr'><strong><em>consecracionem</em></strong></span> <span class='ocrx_word' id='word_1_305' title='bbox 585 4888 704 4951; x_wconf 87' lang='lat' dir='ltr'><strong><em>domini</em></strong></span> <span class='ocrx_word' id='word_1_306' title='bbox 725 4887 838 4954; x_wconf 77' lang='lat' dir='ltr'><strong><em>lucebi</em></strong></span> <span class='ocrx_word' id='word_1_307' title='bbox 860 4888 948 4951; x_wconf 88' lang='lat' dir='ltr'><strong><em>electi</em></strong></span> <span class='ocrx_word' id='word_1_308' title='bbox 978 4886 1170 4950; x_wconf 86' lang='lat' dir='ltr'><strong><em>Veltrcnsis.</em></strong></span> <span class='ocrx_word' id='word_1_309' title='bbox 1192 4938 1198 4950; x_wconf 90' lang='lat'><strong>.</strong></span> <span class='ocrx_word' id='word_1_310' title='bbox 1219 4937 1251 4949; x_wconf 91' lang='lat'><strong><em>..</em></strong></span> <span class='ocrx_word' id='word_1_311' title='bbox 1274 4906 1388 4952; x_wconf 88' lang='lat' dir='ltr'><strong><em>vocare</em></strong></span> <span class='ocrx_word' id='word_1_312' title='bbox 1410 4883 1642 4968; x_wconf 41' lang='lat' dir='ltr'><strong><em>compendi)</em></strong></span> <span class='ocrx_word' id='word_1_313' title='bbox 1666 4921 1706 4931; x_wconf 89' lang='lat'>—</span> 
     </span>
     <span class='ocr_line' id='line_1_35' title="bbox 210 4988 1705 5072; baseline -0.003 -17"><span class='ocrx_word' id='word_1_314' title='bbox 210 4989 306 5071; x_wconf 73' lang='lat' dir='ltr'><strong><em>,liat</em></strong></span> <span class='ocrx_word' id='word_1_315' title='bbox 329 4988 367 5053; x_wconf 82' lang='lat' dir='ltr'><strong><em>G.</em></strong></span> <span class='ocrx_word' id='word_1_316' title='bbox 391 4994 435 5053; x_wconf 78' lang='lat' dir='ltr'><strong><em>ur</em></strong></span> <span class='ocrx_word' id='word_1_317' title='bbox 455 4990 538 5072; x_wconf 80' lang='lat' dir='ltr'><strong><em>qnod</em></strong></span> <span class='ocrx_word' id='word_1_318' title='bbox 560 4994 709 5054; x_wconf 87' lang='lat' dir='ltr'><strong><em>transeat</em></strong></span> <span class='ocrx_word' id='word_1_319' title='bbox 729 4991 797 5056; x_wconf 85' lang='lat' dir='ltr'><strong><em>sine</em></strong></span> <span class='ocrx_word' id='word_1_320' title='bbox 819 4990 887 5054; x_wconf 91' lang='lat' dir='ltr'><strong><em>alio</em></strong></span> <span class='ocrx_word' id='word_1_321' title='bbox 917 4989 1056 5055; x_wconf 84' lang='lat' dir='ltr'><strong><em>lecciene.</em></strong></span> <span class='ocrx_word' id='word_1_322' title='bbox 1091 4989 1164 5053; x_wconf 86' lang='lat' dir='ltr'><strong><em>Fiat</em></strong></span> <span class='ocrx_word' id='word_1_323' title='bbox 1198 4991 1236 5058; x_wconf 77' lang='lat' dir='ltr'><strong><em>G.</em></strong></span> <span class='ocrx_word' id='word_1_324' title='bbox 1264 4991 1303 5054; x_wconf 91' lang='lat' dir='ltr'><strong><em>D.</em></strong></span> <span class='ocrx_word' id='word_1_325' title='bbox 1328 4990 1483 5055; x_wconf 84' lang='lat' dir='ltr'><strong><em>Aninionc</em></strong></span> <span class='ocrx_word' id='word_1_326' title='bbox 1508 4991 1540 5053; x_wconf 86' lang='lat' dir='ltr'><strong><em>X</em></strong></span> <span class='ocrx_word' id='word_1_327' title='bbox 1558 4988 1621 5055; x_wconf 78' lang='lat' dir='ltr'><strong><em>Ital.</em></strong></span> <span class='ocrx_word' id='word_1_328' title='bbox 1646 4989 1705 5051; x_wconf 82' lang='lat' dir='ltr'><strong><em>Dc·</em></strong></span> 
     </span>
     <span class='ocr_line' id='line_1_36' title="bbox 773 5093 1141 5160; baseline -0.008 0"><span class='ocrx_word' id='word_1_329' title='bbox 773 5094 903 5160; x_wconf 69' lang='lat' dir='ltr'><strong><em>cummis</em></strong></span> <span class='ocrx_word' id='word_1_330' title='bbox 927 5116 956 5158; x_wconf 89' lang='lat' dir='ltr'><strong><em>a.</em></strong></span> <span class='ocrx_word' id='word_1_331' title='bbox 980 5093 1141 5158; x_wconf 81' lang='lat' dir='ltr'><strong><em>semndo.“</em></strong></span> 
     </span>
     <span class='ocr_line' id='line_1_37' title="bbox 1108 5198 1662 5280; baseline -0.007 -18"><span class='ocrx_word' id='word_1_332' title='bbox 1108 5199 1269 5280; x_wconf 85' lang='lat' dir='ltr'><strong><em>Acinione,</em></strong></span> <span class='ocrx_word' id='word_1_333' title='bbox 1293 5200 1380 5263; x_wconf 77' lang='lat'><strong><em>1354</em></strong></span> <span class='ocrx_word' id='word_1_334' title='bbox 1403 5198 1587 5261; x_wconf 85' lang='lat' dir='ltr'><strong><em>Nouembris</em></strong></span> <span class='ocrx_word' id='word_1_335' title='bbox 1611 5202 1662 5262; x_wconf 81' lang='lat'><strong><em>22.</em></strong></span> 
     </span>
    </p>
   </div>
   <div class='ocr_carea' id='block_1_14' title="bbox 339 5368 1558 5440">
    <p class='ocr_par' dir='ltr' id='par_1_14' title="bbox 339 5368 1558 5440">
     <span class='ocr_line' id='line_1_38' title="bbox 339 5368 1558 5440; baseline -0.002 -16"><span class='ocrx_word' id='word_1_336' title='bbox 339 5371 369 5424; x_wconf 79' lang='lat' dir='ltr'><strong><em>lt.</em></strong></span> <span class='ocrx_word' id='word_1_337' title='bbox 388 5370 483 5440; x_wconf 84' lang='lat' dir='ltr'><strong><em>Suppl.</em></strong></span> <span class='ocrx_word' id='word_1_338' title='bbox 503 5377 536 5425; x_wconf 75' lang='lat'><strong><em>2⁶</em></strong></span> <span class='ocrx_word' id='word_1_339' title='bbox 556 5386 619 5440; x_wconf 80' lang='lat' dir='ltr'><strong><em>pars</em></strong></span> <span class='ocrx_word' id='word_1_340' title='bbox 639 5370 727 5424; x_wconf 54' lang='lat' dir='ltr'>11f01,</span> <span class='ocrx_word' id='word_1_341' title='bbox 748 5375 789 5424; x_wconf 82' lang='lat'><strong><em>97.</em></strong></span> <span class='ocrx_word' id='word_1_342' title='bbox 811 5401 842 5410; x_wconf 90' lang='lat'><em>-</em></span> <span class='ocrx_word' id='word_1_343' title='bbox 857 5374 881 5439; x_wconf 74' lang='lat'><strong><em>⁸)</em></strong></span> <span class='ocrx_word' id='word_1_344' title='bbox 901 5372 1075 5437; x_wconf 71' lang='lat' dir='ltr'><strong><em>,Mrmchowd</em></strong></span> <span class='ocrx_word' id='word_1_345' title='bbox 1093 5370 1188 5440; x_wconf 84' lang='lat' dir='ltr'><strong><em>Suppl.</em></strong></span> <span class='ocrx_word' id='word_1_346' title='bbox 1222 5371 1246 5426; x_wconf 80' lang='lat' dir='ltr'><strong><em>bt</em></strong></span> <span class='ocrx_word' id='word_1_347' title='bbox 1265 5368 1444 5439; x_wconf 77' lang='lat' dir='ltr'><strong><em>‚mnungen&#39;r</em></strong></span> <span class='ocrx_word' id='word_1_348' title='bbox 1464 5368 1558 5437; x_wconf 85' lang='lat' dir='ltr'><strong><em>Suppl.</em></strong></span> 
     </span>
    </p>
   </div>
   <div class='ocr_carea' id='block_1_15' title="bbox 0 0 2000 6052">
    <p class='ocr_par' dir='ltr' id='par_1_15' title="bbox 0 0 2000 6052">
     <span class='ocr_line' id='line_1_39' title="bbox 0 0 2000 6052; baseline 0 2"><span class='ocrx_word' id='word_1_349' title='bbox 0 0 2000 6052; x_wconf 95' lang='lat' dir='ltr'><strong><em> </em></strong></span> 
     </span>
    </p>
   </div>
  </div>
 </body>
</html>
