3990 6052
874 424 943 475 nass
959 419 1085 476 ianuarii
1104 426 1145 474 aa.
1718 427 1761 492 33

252 631 340 699 195.
380 628 538 695 fundatio
559 628 658 692 trium
681 629 837 695 altarium
864 630 900 694 in
923 629 1013 696 eloro
1035 629 1183 696 nodosior
1204 630 1231 696 l.
1256 632 1386 697 Mariae
1414 631 1547 715 uirginis
1568 633 1604 696 in
1625 633 1761 698 ecclesia

253 735 407 815 Propensi
434 755 456 798 o
483 730 601 798 Corolo
632 736 846 800 Romanorum
874 739 904 800 el
926 731 1097 799 Bobemioe
1119 755 1189 818 rogo
1212 737 1311 814 sacta
1333 733 1547 817 confirmatur.
1584 737 1679 817 „Hiis
1701 757 1761 819 qne

513 838 715 904 animarnm“
744 834 918 920 ,Aninione
941 839 993 903 XI
1010 836 1073 903 lul.
1099 837 1265 903 Februarii
1288 859 1318 903 a.
1342 839 1505 903 secundo“.

301 995 370 1045 .Χ.
1191 977 1353 1057 Asiniano,
1380 979 1463 1043 1354
1484 978 1641 1046 Jonnarii
1663 981 1715 1043 22.

381 1165 404 1218 R
433 1169 481 1218 Ar.
503 1171 550 1219 127
576 1166 622 1220 iol.
641 1172 700 1229 508,
728 1166 759 1219 R.
779 1166 840 1220 Vat.
858 1172 907 1219 227
937 1167 983 1221 iol.
1005 1170 1073 1221 340‘.
1096 1198 1125 1206 —
1149 1167 1196 1221 Ed.
1216 1166 1289 1235 apud
1310 1167 1427 1235 Dobuer,
1452 1165 1523 1221 Mon.
1549 1165 1614 1220 hist.
1632 1165 1699 1221 Boh.
1720 1164 1759 1218 ΙΙΙ

251 1269 312 1320 pag.
331 1255 382 1305 359
401 1267 435 1305 ex
454 1252 519 1321 orig.
539 1251 653 1306 archivii
672 1252 788 1322 capituli
808 1253 886 1323 Prag.

254 1549 340 1617 196.
368 1548 499 1616 Carolus
516 1551 538 1614 l
543 1550 570 1610 V
588 1552 801 1616 Ronionornrn
816 1554 847 1614 et
861 1549 1032 1615 Bolemiae
1046 1570 1103 1615 rec
1117 1551 1288 1634 supplicat,
1312 1553 1465 1631 quatenns
1481 1549 1516 1613 in
1530 1548 1581 1614 dic
1596 1548 1760 1613 diationis

249 1653 458 1736 reliquiarum
487 1656 521 1716 in
543 1651 741 1719 Alamannia
764 1656 993 1739 acquisitamm
1017 1656 1156 1736 Propon
1180 1658 1210 1719 el
1231 1655 1267 1718 in
1289 1654 1507 1718 anniversario
1534 1652 1672 1718 nasoon
1695 1652 1758 1717 diei

772 1759 988 1840 indulgentiae
1010 1759 1229 1824 concedantur.

1185 1894 1348 1978 Anniano,
1378 1896 1461 1959 1354
1483 1897 1640 1963 lanuarii
1661 1899 1712 1960 22.

378 2086 585 2152 Sanctissime
617 2093 710 2169 pater
740 2092 774 2150 et
803 2086 928 2151 domiue
958 2085 1239 2151 reverendissime!
1277 2085 1388 2168 Nuper
1421 2087 1511 2151 nobis
1545 2086 1607 2150 hiis
1642 2086 1757 2152 diebus

247 2192 389 2274 proxime
412 2191 583 2256 transactis
606 2211 664 2274 per
679 2190 865 2256 Alamannis
888 2196 997 2272 partes
1013 2189 1264 2267 transeuntibus,
1288 2190 1362 2253 dum
1383 2190 1422 2254 ad
1438 2195 1528 2255 certa
1542 2190 1613 2256 loca
1628 2190 1755 2274 religio·

248 2314 353 2362 sorum
383 2302 418 2361 et
440 2295 668 2361 venerabilium
699 2294 961 2361 monasteriorum
992 2299 1027 2359 et
1056 2294 1262 2358 ecclesiarum
1293 2293 1425 2358 aliarum
1454 2312 1551 2359 causa
1573 2295 1756 2360 devocionis

248 2408 283 2465 et
304 2400 461 2466 oracionis
484 2399 628 2464 faciende
653 2399 906 2482 accessissemus,
929 2399 969 2462 ad
992 2398 1179 2463 instanciam
1197 2416 1325 2480 precum
1348 2404 1525 2463 nostrarum
1551 2397 1754 2478 infrascripta

248 2505 381 2585 reliquie
405 2510 595 2583 sanctorum,
619 2503 719 2586 primu
743 2503 894 2568 videlicet
917 2520 990 2585 pars
1014 2503 1121 2568 tunice
1143 2503 1261 2568 domini
1281 2502 1490 2584 inconsutilis,
1514 2503 1592 2567 item
1608 2503 1648 2568 de
1664 2509 1754 2569 veste

247 2626 408 2691 purpurea
429 2607 557 2687 domini,
581 2628 644 2689 qua
665 2608 796 2673 indutus
818 2606 880 2672 fuit
902 2626 960 2689 per
982 2607 1138 2691 Pylatum,
1170 2606 1248 2671 item
1271 2607 1310 2672 de
1333 2606 1407 2671 alba
1429 2613 1518 2672 veste
1543 2607 1669 2691 domini,
1692 2627 1754 2688 qun

246 2711 308 2776 fuit
328 2711 442 2777 illusus
465 2713 505 2777 ab
528 2711 666 2794 Herode,
688 2711 767 2776 item
789 2712 829 2776 de
852 2711 966 2794 pannis
990 2711 1117 2794 domini,
1139 2710 1254 2792 quibus
1277 2708 1337 2775 fuit
1360 2711 1391 2775 iu
1411 2711 1559 2793 presepio
1582 2710 1752 2789 involutus,

246 2815 324 2880 item
354 2815 394 2879 de
425 2816 487 2882 alio
517 2835 630 2899 panno,
665 2835 725 2897 quo
755 2814 817 2881 luit
845 2816 879 2880 in
901 2815 1050 2898 presepio
1073 2820 1251 2899 coopertus,
1286 2815 1364 2880 item
1390 2816 1430 2880 de
1453 2815 1599 2898 presepio
1623 2813 1751 2895 domini,

248 2918 323 2983 item
348 2919 532 2986 denudaris
556 2921 683 3002 domini,
707 2920 785 2985 item
808 2921 848 2984 de
864 2921 986 2986 duobus
1007 2919 1150 3002 cyngulis
1173 2937 1198 2984 a.
1215 2919 1327 3001 Mario,
1351 2920 1428 2985 item
1444 2920 1483 2984 de
1499 2920 1582 2984 lacte
1599 2918 1752 3002 eiusdem,

247 3022 323 3087 item
347 3023 515 3106 decapite
547 3042 570 3088 s.
593 3023 811 3088 Bartholomei
834 3023 980 3106 apostoli,
1011 3023 1089 3087 item
1119 3023 1159 3086 de
1183 3023 1287 3105 capite
1312 3043 1335 3088 s.
1360 3024 1506 3107 Gregorii
1529 3042 1614 3105 pape
1635 3022 1752 3105 magui,

246 3127 322 3190 item
346 3126 386 3190 de
410 3128 514 3210 capite
538 3133 572 3192 et
594 3127 756 3193 brachium
779 3145 804 3192 s.
827 3127 1005 3206 Edalrici⁸)
1029 3127 1171 3209 episcopi
1187 3127 1407 3212 Augustensis,
1430 3129 1508 3193 item
1532 3129 1571 3192 de
1595 3127 1752 3209 capitibus

246 3247 288 3295 ss.
305 3230 435 3295 Patricii
451 3237 485 3296 et
499 3231 623 3297 Metelli
636 3231 800 3297 martirum
816 3238 850 3297 et
865 3230 1057 3315 pontificum,
1080 3231 1157 3295 item
1174 3236 1319 3314 caputet
1335 3232 1397 3296 alie
1414 3232 1548 3313 reliquie
1565 3251 1588 3297 s.
1607 3230 1752 3296 Otbmari

247 3334 380 3416 abbatis,
402 3335 480 3400 item
503 3336 543 3401 de
567 3337 671 3417 capite
695 3354 718 3400 a.
742 3335 824 3401 Sinti
846 3354 929 3418 pape
953 3342 987 3400 et
1009 3335 1158 3416 martiris,
1189 3335 1266 3400 item
1290 3342 1383 3418 caput
1408 3354 1432 3400 s.
1457 3335 1580 3401 Hilaris
1604 3335 1751 3416 inartiris,

246 3439 356 3522 regine
380 3439 477 3523 Cipri,
510 3443 621 3507 matris
645 3460 668 3505 s.
694 3440 789 3523 nffre,
823 3442 900 3506 item
923 3446 1019 3523 caput
1045 3458 1070 3504 s.
1095 3440 1231 3505 Dionisii
1263 3440 1403 3522 episcopi
1427 3440 1609 3522 Angrensis,
1643 3439 1751 3504 fratris

247 3562 270 3609 s.
293 3544 426 3629 Hilaris,
457 3546 535 3610 item
566 3552 662 3628 caput
691 3551 726 3612 et
755 3546 794 3610 de
818 3563 949 3628 corpore
980 3563 1005 3609 s.
1030 3545 1149 3610 Vrbsni
1171 3562 1264 3626 pape,
1297 3545 1446 3622 martiris
1469 3544 1544 3608 item
1570 3543 1751 3608 mandibula

246 3650 342 3713 etde
366 3668 497 3732 corpure
521 3668 546 3714 s.
574 3649 731 3716 Florencii
755 3648 895 3732 episcopi
911 3649 1163 3732 ArgentinensiS,
1187 3650 1264 3713 item
1288 3648 1450 3730 decapite
1475 3668 1511 3712 ac
1526 3666 1639 3730 magna
1662 3652 1751 3713 costa

246 3770 270 3817 s,
295 3753 395 3817 Marci
418 3752 624 3836 evangeliste,
647 3754 723 3818 item
748 3753 787 3817 de
803 3772 934 3836 corpora
959 3771 983 3817 s.
1000 3752 1123 3829 Lazari,
1147 3769 1241 3833 quem
1257 3753 1336 3817 deus
1352 3771 1371 3816 a
1387 3752 1520 3817 mortuis
1536 3751 1748 3830 resuscitavit,

245 3857 322 3922 item
344 3875 477 3940 corpora
499 3875 540 3922 ss.
565 3857 656 3941 Sergi
679 3864 713 3923 et
735 3858 845 3923 Bachii
869 3858 1041 3941 martirum,
1065 3858 1142 3922 item
1166 3875 1298 3939 corpora
1320 3875 1344 3921 s.
1369 3856 1515 3921 ianuarii
1536 3861 1571 3921 et
1592 3854 1747 3920 sociorum

245 3962 324 4046 eiua,
356 3963 433 4028 item
455 3961 618 4028 brachium
640 3968 675 4026 et
696 3962 804 4045 plures
827 3962 961 4043 reliquie
995 3981 1020 4027 a.
1046 3961 1182 4027 Conradi
1212 3961 1354 4043 episcopi
1378 3959 1645 4041 Constanciensis‚
1671 3959 1748 4023 item

245 4066 370 4149 integra
392 4067 525 4149 scapula
546 4085 616 4130 cum
639 4073 711 4131 cute
735 4085 759 4132 s.
785 4066 907 4149 Pelagii
929 4066 1081 4142 martiris,
1111 4065 1188 4130 item
1212 4064 1252 4129 de
1276 4064 1403 4130 brachiu
1435 4083 1458 4129 s.
1483 4063 1642 4129 Prothasii
1664 4082 1747 4128 mar-

245 4168 324 4252 tiris,
354 4170 432 4235 item
455 4170 589 4251 reliquie
613 4188 654 4235 ss.
679 4170 910 4252 Innocencium,
940 4171 1018 4236 item
1041 4170 1175 4252 reliquie
1202 4187 1226 4234 s.
1252 4168 1394 4235 Colmani
1416 4168 1566 4252 martiris,
1597 4169 1675 4234 itam
1697 4186 1746 4233 re-

244 4273 342 4355 liquie
362 4292 388 4339 s.
406 4271 581 4356 Gehmdib)
605 4274 746 4357 episcopi
770 4274 1038 4352 constanciensis,
1063 4275 1139 4338 item
1162 4273 1297 4355 reliquie
1321 4291 1345 4338 a.
1363 4272 1529 4338 Thisbaldi
1545 4271 1745 4356 confessoris,

244 4377 320 4442 item
344 4377 477 4458 reliquie
501 4395 542 4444 ss.
568 4377 720 4444 Gordiani
743 4384 777 4443 et
799 4378 965 4462 Epimachi
995 4377 1158 4442 martirum
1188 4384 1221 4442 at
1252 4377 1402 4443 nonnulle
1430 4377 1491 4441 alie
1515 4377 1606 4442 nobis
1629 4377 1746 4443 donate

244 4481 380 4565 fuerunt,
414 4500 475 4563 que
505 4482 625 4548 eisdem
658 4483 804 4548 ecclesiis
834 4488 868 4548 et
896 4483 975 4547 locis
1006 4500 1063 4565 per
1093 4481 1199 4547 divine
1231 4481 1379 4546 memorie
1411 4480 1622 4546 Romanorum
1644 4498 1748 4565 reges,

244 4586 488 4669 predecessores
518 4592 653 4665 nostros,
688 4587 802 4670 largite
835 4593 918 4665 sunt,
953 4594 1048 4670 prout
1076 4589 1216 4670 ipsorum
1246 4592 1395 4668 patentes
1423 4585 1518 4650 litere
1542 4590 1746 4664 attestantur,

245 4694 279 4754 et
300 4708 358 4773 per
380 4691 537 4756 Romanos
560 4690 726 4774 pontifices
749 4691 891 4755 existmrt
913 4692 1097 4774 approbate.
1122 4691 1208 4768 Quas
1231 4708 1426 4771 quarumque
1441 4695 1549 4772 partes
1565 4707 1605 4753 ex
1621 4689 1746 4755 fervore

245 4793 424 4860 devocionis
447 4795 568 4877 intime,
592 4813 685 4875 quam
709 4795 749 4860 ad
765 4796 893 4860 eosdem
917 4801 1043 4860 sanctos
1067 4796 1205 4877 gerimus
1229 4800 1262 4859 et
1278 4811 1389 4877 gerere
1406 4794 1558 4876 cupimus,
1583 4812 1745 4874 quousque

244 4897 466 4977 advixerimus
489 4899 523 4963 in
537 4897 677 4964 futurum
701 4899 741 4963 ad
757 4899 922 4965 ecclesiam
939 4899 1130 4982 Pragensem
1150 4898 1282 4963 tirmiter
1297 4899 1500 4980 proponimus
1516 4898 1744 4979 transmittare,

245 5003 334 5067 utin
356 5003 497 5086 ipsorum
519 5004 581 5086 piis
603 5004 886 5069 intercessionibus
909 5010 943 5069 et
965 5003 1126 5085 suffragiis
1141 5003 1360 5086 multiplicatis
1383 5003 1472 5086 regni
1495 5003 1596 5067 nostri
1616 5002 1744 5066 Boomie

245 5107 351 5189 populi
375 5106 486 5173 fideles
508 5109 560 5173 hic
583 5110 615 5172 iu
638 5109 733 5173 terris
749 5108 868 5189 confisi,
893 5109 931 5172 ab
954 5108 1002 5172 eis
1025 5107 1058 5171 in
1081 5107 1199 5172 sanctis
1223 5108 1289 5172 siris
1306 5106 1451 5171 Christus
1468 5106 1613 5171 dominus
1629 5105 1745 5188 iugiter

244 5217 420 5277 veneretur.
458 5213 638 5295 Eapropter
671 5211 712 5277 S‘*
735 5213 788 5277 pre
821 5212 1034 5294 supplicamus
1057 5211 1220 5276 humiliter
1244 5217 1278 5276 et
1299 5211 1422 5291 devote,
1445 5217 1603 5290 quatenus
1626 5210 1743 5274 intuitu

243 5333 370 5397 precum
392 5323 570 5382 nostrarum
593 5317 634 5384 de
656 5317 853 5399 benignitate
877 5316 963 5381 sadis
986 5316 1160 5399 apostolice
1183 5315 1306 5396 aliquas
1328 5314 1547 5397 indulgencias
1577 5319 1611 5377 et
1633 5331 1742 5396 pacca-

1609 5448 1640 5503 6*
