3944 6060
737 481 804 529 1356
823 475 968 530 Februarii.
981 483 1012 530 lb
1032 505 1063 516 -
1081 476 1224 530 Februarii
1245 483 1285 530 16.
1702 480 1763 546 173

259 692 350 769 parte
374 684 661 769 supplicationibus
684 685 838 763 inclinati,
874 705 997 751 ornnem
1019 686 1230 751 inhabilitatis
1263 693 1296 751 et
1320 687 1448 751 infamis
1471 689 1624 756 nraculam
1650 708 1707 770 per
1729 695 1762 752 te

259 790 486 872 premissorum
509 791 674 856 occasione
698 797 892 856 contractam
914 791 1044 873 penitus
1068 791 1238 856 abolemus.
1263 790 1416 855 Volumus
1440 798 1556 875 tamen,
1580 793 1663 874 quod
1688 811 1761 857 ean-

260 894 332 957 dem
356 893 533 977 ecclesiam,
568 900 724 975 quatenus
747 894 833 958 illam
858 895 897 959 de
920 895 1003 960 facto
1027 895 1160 978 obtineS,
1186 896 1322 981 *realiter
1345 896 1506 961 dimittere
1529 897 1669 963 tenearis
1674 947 1762 961 .....

260 998 297 1062 Ι).
322 997 480 1064 Auirrione
503 998 597 1062 Xllll
620 998 684 1062 kal.
709 999 821 1063 Marcii
846 1019 874 1063 a.
898 1004 1021 1080 arrarto.

392 1187 423 1241 R.
443 1191 491 1240 Ar.
514 1193 561 1242 131
580 1187 626 1240 fol.
646 1194 704 1241 463.
730 1220 753 1227 -
781 1194 805 1251 ³)
825 1188 949 1257 Corrige:
970 1189 1136 1254 ‚lieruaticz‘¹
1159 1191 1185 1256 b)
1204 1190 1327 1259 Corrige:
1346 1190 1483 1244 Pirczicz‘.

259 1573 349 1637 424.
376 1571 538 1636 lodicibus
549 1573 732 1650 mandatur,
758 1576 912 1658 qaateaas
938 1572 1103 1637 Bernardo
1119 1571 1273 1637 Basconis
1290 1574 1327 1638 cte
1344 1572 1533 1639 Bernartier
1543 1573 1764 1657 parochialem

739 1679 899 1745 ecclesiam
921 1680 956 1743 ia
980 1679 1088 1743 Prdica
1110 1682 1285 1758 conferant.

325 1767 392 1885 i.
1186 1818 1346 1896 Aricinae,
1370 1819 1456 1882 1356
1480 1817 1645 1882 Februarii
1667 1820 1719 1881 16.

391 2009 468 2075 Ven.
493 2011 529 2074 fr.
550 2061 583 2074 ..
609 2010 846 2091 archiepiscopo
871 2010 1022 2091 l'ragensi
1054 2017 1086 2075 et
1117 2011 1168 2074 dd.
1197 2010 1229 2073 ff.
1255 2012 1373 2075 decano
1409 2029 1434 2074 s.
1460 2011 1596 2091 Agricoli
1634 2006 1763 2073 Auinio·

260 2115 367 2177 nensis
391 2133 427 2178 ac
452 2114 546 2179 Petro
571 2115 610 2179 de
635 2116 818 2195 ltosenberg
841 2114 991 2179 canonico
1016 2115 1186 2196 Pragensis
1209 2115 1414 2179 ecclesiarum
1438 2113 1575 2178 salutem
1598 2121 1657 2178 etc.
1698 2112 1762 2177 No·

259 2219 368 2283 bilitas
392 2221 528 2300 generis,
553 2221 618 2284 rite
642 2239 677 2283 ac
700 2238 820 2283 morum
840 2219 991 2283 honestas
1011 2271 1017 2284 .
1039 2272 1044 2284 .
1065 2269 1072 2282 .
1093 2270 1109 2302 .,
1133 2238 1230 2302 super
1256 2221 1369 2300 quibus
1389 2271 1395 2283 .
1416 2270 1422 2282 .
1443 2270 1475 2284 ..
1502 2219 1683 2283 Bernardus
1707 2237 1761 2281 na-

259 2330 311 2388 tus
346 2323 376 2387 d.
400 2322 420 2386 f.
445 2324 560 2416 nobilis
594 2324 653 2389 viri
688 2324 842 2389 Busconis
874 2325 913 2388 de
949 2324 1132 2388 Bernarticn
1170 2326 1338 2406 presbyter
1367 2324 1536 2406 Pragensis
1568 2324 1647 2389 dioc.
1680 2322 1764 2404 apud

261 2446 318 2492 nos
341 2427 500 2511 fidedigno
523 2429 706 2494 testimonio
730 2429 975 2511 commendatur,
1006 2428 1244 2494 racionabiliter
1274 2446 1331 2492 nos
1355 2428 1516 2510 inducunt,
1550 2435 1586 2492 ut
1608 2427 1669 2492 sibi
1692 2426 1762 2490 red-

261 2533 374 2596 damur
385 2533 425 2596 ad
438 2535 575 2614 graciam
598 2534 758 2598 liberales.
781 2533 884 2597 Hodie
909 2516 1178 2614 siquidem'nobis
1201 2552 1258 2615 pro
1271 2541 1362 2614 parte
1376 2532 1476 2614 ipsius
1492 2531 1648 2596 Bernardi
1664 2549 1760 2611 expa-

264 2638 337 2720 sito,
355 2638 438 2717 quod
452 2639 526 2702 olim
540 2640 607 2720 ipse
622 2640 660 2703 ad
673 2638 903 2720 parrochialem
916 2638 1081 2702 ecclesiam
1095 2639 1127 2701 in
1140 2638 1274 2701 l’irtnicc
1288 2637 1371 2702 dicte
1382 2638 1450 2702 dioc
1456 2685 1580 2711 ......
1593 2638 1618 2714 ⁸)
1632 2653 1759 2717 presen·

260 2747 346 2805 tatus
360 2794 366 2805 .
382 2792 388 2804 .
402 2795 408 2805 .
424 2794 429 2804 .
447 2741 552 2806 fuerat
560 2742 710 2823 illamque
720 2760 777 2823 per
793 2749 858 2806 tres
875 2761 973 2807 annos
992 2795 997 2805 .
1014 2791 1019 2802 .
1038 2793 1043 2805 .
1059 2793 1065 2804 .
1083 2744 1270 2823 possederat
1289 2791 1295 2805 .
1319 2793 1325 2806 .
1342 2794 1347 2806 .
1363 2791 1380 2818 .‚
1406 2742 1554 2822 quodque
1565 2739 1763 2822 postmodnm

261 2847 344 2910 idem
355 2847 536 2911 Bemardus
548 2847 736 2912 informatus
749 2846 861 2928 fuerat,
871 2847 954 2927 quod
967 2853 1109 2928 ternpore
1120 2846 1332 2911 institucionis
1341 2845 1519 2909 huiusmodi
1533 2843 1669 2909 nondum
1679 2843 1761 2907 rice·

261 2950 371 3013 simum
396 2951 569 3015 secundum
592 2949 690 3015 etatis
715 2966 770 3015 sue
795 2970 909 3014 anirum
934 2952 1151 3032 cornpleverat
1174 2971 1210 3015 ac
1234 2951 1399 3015 humiliter
1422 2950 1610 3032 supplicato,
1635 2955 1670 3012 ut
1692 2965 1749 3030 pro

261 3054 369 3119 ridere
393 3054 454 3119 sibi
477 3060 511 3119 et
534 3055 633 3119 statui
657 3073 714 3119 suo
738 3072 834 3136 super
857 3056 1021 3135 premissis
1045 3056 1084 3119 de
1108 3055 1308 3137 benignitate
1344 3055 1518 3137 apostolica
1553 3054 1763 3135 dignaremur,

261 3176 318 3223 nos
342 3177 465 3223 omnem
488 3158 699 3224 inhabilitatis
723 3165 756 3222 et
780 3157 907 3224 infantie
931 3160 1084 3224 toaculam
1105 3210 1111 3223 .
1132 3210 1138 3224 .
1159 3212 1192 3225 ..
1219 3160 1414 3225 abolevimus
1437 3167 1471 3225 et
1494 3158 1658 3237 voluimus,
1682 3156 1765 3237 quod

262 3262 345 3327 idem
369 3263 552 3327 Bernardus
576 3264 751 3345 predictam
774 3263 951 3340 ecclesiam,
975 3265 1123 3345 qrratious
1146 3266 1232 3330 illam
1255 3265 1295 3329 de
1318 3265 1401 3330 facta
1425 3265 1599 3344 detinebat,
1633 3261 1765 3326 realiter

263 3366 425 3431 dimittere
450 3373 624 3449 teneretur,
660 3374 755 3449 prout
785 3368 817 3432 in
848 3369 965 3434 nostris
999 3370 1073 3433 inde
1105 3370 1257 3434 conlectis
1288 3370 1391 3434 literis
1423 3369 1548 3451 plenius
1571 3366 1762 3432 continetur.

262 3470 339 3534 Cum
361 3471 478 3554 itaque,
501 3472 584 3536 sicat
614 3473 801 3553 accepimus,
836 3474 980 3555 predicta
1003 3474 1146 3555 ecclesia,
1181 3479 1216 3537 nt
1246 3472 1415 3554 prefertur,
1450 3491 1562 3536 uacare
1600 3475 1761 3548 noscatur,

263 3592 318 3639 nos
342 3576 486 3640 volentes
510 3576 644 3639 etrndem
668 3576 873 3658 Bernardum,
898 3579 951 3657 qui
975 3579 1115 3660 leg‘time
1139 3578 1236 3642 etatis
1259 3578 1370 3642 existit
1387 3578 1427 3642 ad
1443 3578 1576 3641 eandem
1592 3574 1761 3638 ecclesiam

263 3680 553 3762 obtinendam...
576 3733 581 3744 .
605 3679 712 3745 farore
743 3683 890 3761 prosequi
922 3683 1026 3763 gracie
1058 3682 1228 3764 amplioris
1262 3681 1450 3746 discrecioni
1475 3687 1580 3745 vestre
1604 3697 1662 3761 per
1690 3697 1763 3760 apo·

265 3785 377 3848 stolica
399 3785 519 3867 scripta
540 3785 735 3866 mandamus,
760 3792 915 3865 quatenus
939 3804 994 3850 vas
1014 3838 1020 3851 .
1039 3837 1046 3849 .
1067 3839 1072 3850 .
1094 3840 1099 3850 .
1125 3787 1300 3868 predictam
1323 3785 1499 3868 ecclesiam,
1522 3787 1559 3868 si,
1584 3783 1764 3865 utpremit·

264 3889 352 3966 titur,
376 3897 477 3971 vacat,
500 3894 535 3954 et
557 3896 699 3970 tempore
723 3890 796 3954 date
820 3891 1019 3971 presencium
1041 3911 1103 3957 non
1127 3892 1169 3955 sit
1192 3892 1223 3955 in
1248 3910 1287 3954 ea
1310 3891 1404 3955 arlicui
1425 3889 1609 3972 specialiter
1624 3889 1674 3952 ius
1690 3906 1763 3968 que·

263 3993 368 4074 situm,
391 4011 430 4057 ea
453 3999 559 4058 tamen
583 3993 679 4075 prius
715 4000 749 4058 ut
772 3994 940 4077 prefertur,
975 4013 1033 4077 per
1062 3997 1165 4078 ipsum
1195 3996 1325 4060 dimissa
1345 4046 1351 4059 .
1372 4049 1377 4059 .
1399 4043 1432 4056 ..
1464 3995 1566 4059 eidem
1597 3992 1760 4057 Bernardo

263 4097 451 4162 auctoritate
481 4104 590 4162 nostra
624 4095 766 4161 conferre
801 4104 834 4162 et
868 4099 1030 4179 assignare
1064 4100 1182 4164 curetis
1202 4150 1208 4163 .
1228 4150 1234 4164 .
1254 4149 1287 4162 ..
1324 4100 1360 4162 D.
1385 4100 1540 4164 Auinione
1575 4097 1668 4162 lillll
1702 4096 1755 4160 kal

263 4201 373 4265 Marcii
396 4221 423 4266 a.
447 4208 568 4282 quarto.

393 4391 423 4444 R.
443 4392 494 4444 Ar.
515 4397 563 4444 134
581 4390 627 4445 fol.
650 4396 708 4445 370.
731 4422 760 4430 -
782 4396 806 4450 al
826 4391 940 4446 Mutatis
960 4391 1097 4445 mutandis
1118 4398 1147 4444 ut
1166 4393 1193 4444 in
1213 4409 1252 4444 nr.
1272 4398 1329 4445 tes.

263 4774 351 4840 425.
375 4771 552 4860 [nataae]
566 4775 590 4856 ¹)
619 4776 750 4841 Amasti
767 4777 952 4858 praeposito
974 4775 1120 4840 ecclesiae
1144 4774 1426 4838 Latbomericensis
1450 4772 1637 4854 inclametur,
1661 4777 1694 4836 at
1718 4771 1764 4836 al·

263 4881 333 4943 tare
349 4878 504 4961 portatile
527 4878 639 4944 babere
664 4881 776 4963 possit.
827 4881 970 4961 „Sincera
1000 4879 1190 4944 devocionis
1232 4878 1406 4960 „Auiaioae
1429 4875 1534 4943 XIIII
1558 4877 1623 4943 Ital.
1647 4877 1765 4943 Marcii

918 5007 947 5048 a.
972 4989 1115 5065 quartat

328 5143 396 5194 .X.
1187 5123 1346 5204 albicione,
1371 5123 1456 5188 13:36
1480 5121 1646 5186 februarii·
1668 5123 1720 5183 16.

396 5313 427 5367 Β,
446 5315 496 5367 Ar.
517 5319 567 5366 133
586 5312 633 5368 fol.
652 5320 710 5367 335.
732 5344 763 5354 -
791 5315 809 5381 ¹)
827 5314 933 5368 Nomen
952 5313 1075 5380 ,Bohnta‘
1100 5314 1128 5367 in
1152 5317 1201 5367 Ar.
1221 5313 1340 5367 deletum
1359 5321 1408 5378 est,
1419 5312 1462 5365 hic
1471 5312 1626 5379 suppletam
1646 5325 1678 5361 ex
1690 5310 1763 5362 hlon.

271 5397 331 5453 Vat.
350 5400 363 5453 1
380 5415 421 5454 nr.
442 5405 502 5469 137,
521 5404 580 5454 378.
600 5399 676 5455 Conf.
695 5400 789 5468 Frind,
807 5399 1085 5469 Kirchengeschiebte
1104 5399 1240 5454 Bbhmens
1261 5399 1284 5451 ll
1304 5416 1364 5468 pag.
1385 5403 1527 5453 ibt—lbi.
