3944 6060
229 438 293 501 322
832 426 903 479 Aeta
920 425 1072 479 Innocentii
1090 425 1135 480 Vl.

358 639 544 721 Supplicant
568 636 608 701 su
627 639 678 701 Vre
700 637 805 700 devoti
830 636 929 700 vestri
952 635 1133 716 prepositus
1156 640 1191 698 et
1213 641 1387 698 conventus
1405 635 1630 701 canonicorum
1643 658 1734 721 regu-

230 748 342 811 larium
367 745 399 808 in
422 743 568 824 Jennyer
590 742 712 806 ordinis
735 762 759 806 s.
783 740 952 822 Augustini
976 738 1146 820 Pragonsis
1168 737 1261 813 dioc,
1284 737 1367 818 quod
1390 757 1460 802 cum
1483 740 1683 806 venerabilis
1705 742 1737 806 in

229 851 355 915 Christo
379 855 472 931 pater
494 847 650 911 Aruestus
686 845 942 926 archiepiscopus
973 843 1142 925 l'ragensis
1171 841 1384 924 parochialem
1414 842 1585 908 ecclesiam
1617 845 1737 911 ibidem

231 957 262 1020 iu
284 954 431 1035 Jermyer
455 951 529 1015 olim
552 951 754 1032 prepositure
778 948 913 1013 ecclesie
937 947 1085 1012 Omnium
1109 945 1295 1011 Sanctorum
1320 946 1353 1009 iu
1379 951 1483 1010 castro
1507 946 1666 1030 Pragensi
1683 969 1736 1015 au·

228 1076 341 1122 nexam
365 1058 404 1119 ab
426 1053 603 1117 huiusmodi
630 1052 806 1115 annexione
829 1051 869 1115 de
900 1067 1056 1114 consensu
1079 1049 1233 1132 prepositi
1262 1054 1295 1113 et
1317 1049 1447 1130 capituli
1471 1049 1574 1131 ipsius
1598 1053 1737 1119 ecclesie

230 1161 376 1226 Omnium
399 1157 584 1223 Sanctorum
609 1173 645 1220 ac
668 1155 767 1220 eciam
792 1153 923 1237 capituli
946 1154 1083 1218 ecclesie
1108 1153 1277 1235 pragensis
1300 1153 1446 1218 diviserit
1466 1160 1501 1218 et
1515 1155 1549 1220 in
1566 1157 1738 1223 ecclesiam

187 1289 195 1305 ⁴
230 1285 286 1331 seu
308 1261 534 1328 monasterium
559 1261 711 1325 dictorum
735 1259 954 1324 canonicorum
987 1257 1179 1339 regularium
1203 1257 1442 1322 conventualem
1466 1260 1618 1340 erexerit
1654 1260 1740 1327 lacta

230 1366 527 1449 recompensacione
559 1365 644 1429 dicte
667 1365 881 1446 prepositure,
915 1368 949 1427 et
973 1361 1124 1426 nonnulla
1155 1361 1218 1425 alia
1241 1361 1325 1425 circa
1347 1362 1503 1442 premissa
1526 1363 1737 1448 ordinaverit,

230 1475 375 1552 dictaque
389 1468 607 1535 conventualis
630 1468 766 1532 ecclesia
788 1473 861 1550 post
874 1466 1052 1531 huiusmodi
1084 1465 1270 1529 divisionem
1302 1470 1336 1529 et
1357 1466 1553 1531 erectionem
1578 1486 1637 1549 per
1661 1489 1739 1535 non·

230 1578 333 1642 nullos
357 1574 476 1641 Christi
500 1574 611 1638 fideles
641 1573 784 1655 pluribus
808 1572 921 1636 annuis
946 1571 1108 1652 perpetuis
1125 1569 1302 1634 redditibus
1326 1569 1369 1634 sit
1391 1570 1552 1653 ampliate,
1576 1581 1739 1654 quatenus

230 1682 386 1766 premissa
408 1685 443 1742 et
464 1678 576 1755 eciam,
601 1678 628 1741 si
652 1696 713 1759 que
738 1677 841 1741 eidem
866 1675 1002 1740 ecclesie
1027 1693 1083 1739 seu
1106 1673 1300 1738 monasterio
1322 1691 1380 1755 per
1402 1673 1521 1740 Christi
1545 1676 1662 1743 fideles
1685 1680 1739 1744 do·

230 1794 306 1850 nata
327 1783 446 1847 fuerint
469 1781 611 1863 legitime
634 1778 838 1860 infuturum,
862 1778 1034 1860 dignemini
1058 1796 1127 1840 cum
1152 1777 1328 1841 iusercione
1351 1779 1473 1844 tenoris
1495 1779 1682 1847 litterarum
1705 1793 1740 1848 et

231 1889 436 1972 suppletione
460 1885 640 1950 defectuum
664 1903 703 1949 er
726 1889 815 1947 certa
837 1883 976 1948 sciencia
997 1882 1194 1947 confirmare.

332 2008 528 2074 Exhibeatur
551 2009 582 2071 in
610 2005 870 2070 vicecancellaria
893 2009 935 2076 et,
961 2003 987 2067 si
1018 2002 1219 2067 racionabilis
1244 2001 1353 2082 luerit,
1377 2004 1586 2070 confirmetur
1611 2007 1648 2073 G.
1696 2009 1739 2074 Et

234 2115 303 2178 sine
327 2113 390 2177 alia
412 2114 563 2177 leccione.
588 2111 660 2174 Fiat
683 2109 718 2174 G.
743 2110 781 2174 D.
806 2109 889 2190 apud
913 2107 1142 2173 Villamnouarn
1168 2107 1241 2171 llVI
1264 2108 1327 2172 kal.
1352 2109 1486 2192 Augusti
1510 2130 1538 2176 a.
1560 2119 1664 2178 sexto.

362 2303 391 2356 lt.
411 2303 506 2370 Suppl.
525 2307 557 2354 29
577 2301 623 2354 iol.
643 2298 710 2352 220‘.
732 2330 761 2339 -
782 2297 858 2352 Conf.
876 2297 975 2358 Tadra,
994 2297 1166 2352 cancellaria
1183 2296 1292 2352 Aruesti
1312 2297 1423 2362 (Archiv
1443 2297 1485 2352 sur
1503 2306 1619 2354 oesterr.
1639 2304 1739 2358 Gesch.

233 2389 292 2444 erl
314 2389 361 2442 Bd.
383 2388 541 2454 11.11alne)
562 2403 622 2455 pag.
641 2391 699 2439 4³4.

232 2723 325 2788 816.
353 2722 465 2785 Petrus
488 2719 616 2784 Nicolui
638 2718 676 2782 de
698 2719 845 2784 Lemniae
866 2717 1035 2800 supplicat,
1071 2726 1226 2801 quotenus
1248 2738 1350 2782 seeum
1378 2739 1472 2801 super
1495 2719 1622 2799 defectu
1644 2727 1739 2787 nuta-

836 2822 915 2886 lium
938 2821 1143 2904 dispensetur.

1035 2957 1130 3044 Apud
1162 2959 1399 3040 Vidiumuouam,
1426 2964 1508 3026 1358
1530 2961 1616 3026 delii
1639 2965 1695 3030 17.

363 3152 526 3235 Supplicat
556 3150 597 3215 Sl
621 3150 675 3213 Vre
699 3152 832 3216 devotus
856 3157 963 3215 vester
986 3151 1099 3215 Petrus
1122 3157 1216 3214 iratus
1244 3150 1367 3216 Nicolai
1384 3153 1423 3216 de
1439 3153 1586 3218 Lomnice
1604 3157 1739 3237 presby-

233 3258 294 3322 teri
319 3256 487 3338 Pragensis
517 3256 604 3338 dioc,
629 3256 804 3335 quodcum
829 3257 896 3335 ipse
921 3256 994 3319 olim
1024 3255 1181 3319 deiectum
1207 3254 1358 3318 natalium
1382 3258 1520 3337 paciens,
1545 3258 1584 3322 de
1609 3261 1740 3344 presby·

233 3370 302 3426 tero
323 3361 449 3442 genitus
465 3367 498 3424 et
513 3361 626 3434 soluta,
651 3360 827 3441 predictum
851 3359 1110 3441 impedimentum
1134 3378 1196 3424 non
1220 3359 1369 3441 ignorans
1389 3366 1423 3424 et
1438 3379 1476 3425 eo
1492 3363 1623 3443 penitus
1640 3365 1739 3430 tacito

234 3467 371 3530 minores
395 3465 522 3528 ordines
546 3465 668 3546 recepit
690 3471 724 3527 et
746 3464 777 3527 in
802 3464 849 3527 eis
873 3464 1110 3540 ministraverit,
1134 3471 1291 3544 quatenus
1314 3482 1383 3527 cum
1407 3483 1454 3546 eo,
1478 3470 1513 3528 ut
1536 3466 1633 3531 dictis
1657 3469 1737 3533 ordi·

234 3571 326 3634 nibus
350 3569 395 3633 uti
420 3575 453 3632 et
476 3569 576 3632 eciam
608 3569 648 3632 ad
679 3586 787 3632 omnes
818 3569 946 3632 ordines
980 3587 1087 3633 sacros
1110 3568 1288 3650 promoveri
1319 3577 1353 3632 et
1376 3569 1562 3634 beneficium
1586 3573 1739 3638 ecclesia·

235 3675 357 3746 sticum,
375 3673 474 3736 eciam
491 3673 517 3737 si
534 3693 639 3736 cruram
664 3673 781 3736 habeat
804 3673 985 3745 animarum,
1004 3673 1147 3737 obtinere
1165 3673 1274 3753 possit,
1298 3673 1471 3755 dignemini
1487 3675 1740 3742 misericorditer

239 3779 434 3860 dispensare,
458 3797 524 3841 cum
543 3778 687 3841 omnibus
711 3797 773 3841 non
797 3777 997 3842 obstantibus
1020 3784 1054 3841 et
1077 3777 1228 3841 clausulis
1251 3777 1423 3859 oportunis,

364 3881 435 3944 Fiat
458 3880 495 3944 G.
519 3882 562 3944 Et
585 3881 653 3944 sine
678 3880 740 3944 alia
762 3881 912 3945 lectione.
939 3881 1009 3945 Fiat
1032 3880 1068 3945 G.
1093 3881 1130 3945 D.
1155 3881 1238 3962 apud
1262 3880 1491 3946 Villamnouarn
1512 3883 1741 3951 Auiuionensis

236 3986 314 4049 dioc.
340 3983 414 4049 XVI
438 3984 499 4047 kal.
525 3984 660 4066 Augusti
685 4004 712 4048 a.
737 3992 853 4050 serto>

366 4173 397 4226 R.
417 4174 512 4240 Suppl.
532 4178 564 4226 29
584 4173 629 4226 fol.
650 4181 707 4226 tet.

236 4507 324 4572 817.
354 4506 541 4569 Theoderico
566 4506 665 4570 Milde
688 4506 796 4570 clerico
823 4507 1061 4589 liudispoueosis
1096 4509 1173 4572 dioc.
1200 4506 1379 4588 beneficium
1400 4506 1645 4572 ecclesiasticum
1673 4532 1745 4574 cum

237 4610 282 4671 cel
306 4610 374 4671 sine
396 4631 481 4687 curo,
507 4610 549 4672 ud
565 4608 762 4673 collationem
774 4611 912 4693 episcopi
930 4613 1166 4692 Rutisponeasis
1176 4612 1351 4693 pertinens,
1374 4617 1561 4675 reservetur.
1588 4613 1744 4691 ,Laedu-

237 4712 313 4774 bilia
341 4713 532 4794 probitatis“
573 4714 685 4796 „Apud
718 4713 946 4778 Villumnouum
969 4715 1189 4778 liciniacensis
1223 4714 1299 4779 dioc,
1331 4712 1413 4779 XVI
1443 4715 1506 4780 leui.
1544 4716 1686 4796 Ademit
1713 4741 1744 4782 o.

236 4820 353 4877 sextos
382 4854 417 4862 -
445 4818 482 4878 ln
504 4838 527 4880 e.
552 4837 591 4879 m.
617 4817 849 4901 archiepiscopo
872 4819 1028 4899 Progressi
1050 4823 1079 4882 ed
1102 4819 1241 4899 episcopo
1266 4819 1491 4899 Bamberpensi
1524 4841 1562 4884 oo
1584 4823 1746 4887 sacristae

791 4922 936 4986 ecclesiae
959 4922 1186 4988 Auinionensis.

305 5147 310 5159 Ι
325 5047 353 5159 p
363 5009 408 5161 rl
1043 5061 1139 5143 Apta
1175 5061 1408 5140 rfrrrumnovam,
1434 5063 1517 5127 rese
1538 5061 1624 5129 rurs
1648 5065 1701 5130 rr.

375 5246 404 5297 li.
425 5248 473 5297 Αν.
495 5252 543 5298 189
563 5247 609 5297 sul.
629 5252 686 5298 475.
