3944 6060
229 405 294 469 456
833 405 902 458 Acte
920 402 1134 466 innoeentiiAVI.

230 613 370 691 visitare,
405 614 484 696 ipsis
513 620 547 678 et
570 633 677 679 earnm
712 613 843 679 cuilibet
876 614 1041 679 licenciam
1076 611 1250 696 dignemini
1280 612 1439 695 impertiri
1473 631 1544 679 cum
1579 613 1741 679 clausulis

230 717 394 803 oportunis
417 724 453 782 ul
476 718 507 782 in
531 717 640 784 fenne.

359 926 431 990 Fiat
454 926 493 990 de
517 927 661 992 omnibus
685 927 722 992 G.
746 927 790 992 Et
812 927 895 1008 quod
918 932 1084 991 transeant
1114 925 1183 990 sine
1207 924 1270 990 elin
1292 925 1444 991 leccicne.
1466 925 1540 989 Fiet
1564 923 1603 990 G.

360 1030 397 1092 ll.
423 1029 579 1095 Aninicne
602 1030 665 1094 kal.
690 1029 887 1113 Septembris
911 1050 937 1094 e.
961 1035 1083 1097 octavo.

363 1219 393 1270 ll.
411 1217 506 1288 Suppl.
526 1223 554 1272 31
569 1217 616 1273 fel.
636 1225 777 1287 ‘ill-1¹)
796 1219 921 1288 corrige:
939 1219 1069 1284 ‚Orudim‘
1089 1221 1115 1284 b)
1133 1218 1338 1274 verisimiliter:
1358 1216 1515 1285 ,Heinrice‘.
1527 1221 1552 1286 ο)
1571 1217 1627 1286 ,lis‘
1640 1217 1745 1289 Snppl.

233 1605 348 1670 1136.
372 1602 515 1669 Jolannl
537 1603 575 1667 de
600 1601 784 1686 Cbrudim·)
815 1609 996 1669 reservatur
1025 1603 1206 1687 beneficium
1236 1604 1481 1670 ecclesiasticum
1503 1624 1574 1669 cum
1595 1602 1645 1670 rel
1668 1604 1743 1669 sime

231 1727 318 1789 cura,
343 1707 431 1772 cuius
447 1710 579 1784 fructus
601 1711 644 1771 25
666 1728 747 1790 resp.
772 1708 813 1771 18
835 1728 1019 1773 marcarum
1042 1709 1167 1789 arpenti
1189 1708 1358 1773 secundum
1379 1709 1575 1774 taxationem
1597 1709 1743 1773 decimae

230 1809 368 1873 calorem
392 1831 532 1875 annuum
555 1830 616 1875 non
638 1811 797 1889 excedant,
831 1815 977 1895 spectans
1000 1813 1044 1876 ad
1066 1811 1261 1876 collationem
1295 1813 1433 1896 episcopi
1455 1811 1741 1893 aunonenses,

231 1914 260 1976 si
282 1920 375 1979 cacat
397 1914 444 1979 cel
466 1936 535 1978 cunr
558 1916 727 1980 cacacerit.
753 1916 967 1997 „Laudabiiia
984 1915 1176 1999 probitatis“
1205 1913 1380 1999 „Acinione
1399 1914 1465 1982 ent.
1488 1916 1683 2000 Septembris
1707 1937 1738 1981 a.

231 2022 346 2082 octono.
372 2056 412 2064 —
438 2021 476 2083 In
499 2041 524 2085 e.
548 2040 589 2083 ru.
613 2019 845 2103 archiepiscopo
871 2019 1023 2104 Propensi
1045 2024 1075 2084 et
1097 2021 1239 2103 episcopo
1262 2019 1458 2102 Frisr‘noensi
1487 2040 1525 2085 ao
1547 2019 1668 2086 decom
1690 2039 1738 2084 ec·

695 2123 807 2190 etesiae
828 2144 855 2190 s.
879 2122 1020 2207 Apricoli
1042 2123 1274 2190 Acinionensis.

1146 2261 1308 2338 Arinen,
1332 2262 1419 2329 reon
1441 2261 1636 2346 memore
1659 2265 1692 2329 1,

350 2219 354 2267 Ι

279 2233 383 2364 ia.

358 2450 389 2503 ll.
409 2453 457 2504 Ar.
480 2457 527 2504 142
547 2451 594 2504 iol.
614 2457 683 2506 414¹.
704 2482 736 2490 -
750 2456 776 2519 ι)
795 2451 941 2522 ,Grndoyn‘
959 2458 1010 2516 Ar,

231 2836 348 2901 1137.
375 2836 474 2899 Paulo
500 2833 668 2914 Rooikcnis
691 2835 730 2900 dc
753 2833 920 2899 Kr'icoirldt
943 2833 1149 2918 (serpitur)
1181 2840 1366 2899 reservatur
1387 2833 1570 2916 beneficium
1591 2833 1739 2900 ecelesia·

230 2937 342 3001 sticum
365 2958 434 3001 arur
456 2939 504 3002 cel
525 2938 593 3003 sine
616 2959 705 3013 cura,
727 2939 816 3004 cuius
833 2942 966 3018 fructus
987 2941 1030 3004 25
1043 2958 1124 3024 resp.
1148 2942 1192 3004 18
1213 2959 1396 3003 marcarum
1420 2937 1545 3021 arpenti
1566 2937 1738 3003 secundum

231 3043 425 3106 taxationem
459 3041 597 3106 dccirncc
630 3041 765 3107 calorem
800 3062 941 3108 annuum
962 3062 1025 3108 nen
1046 3042 1209 3126 excedant,
1243 3043 1286 3107 ad
1308 3042 1538 3127 archiepiscopi
1559 3041 1738 3124 Praoensis

231 3147 427 3210 collationem
446 3148 620 3230 pertinens,
643 3147 672 3212 si
693 3152 788 3213 ccccl
811 3149 858 3212 cei
881 3169 950 3213 cum
972 3149 1142 3215 cacocerit.
1169 3146 1362 3231 „Probitntis
1385 3151 1415 3212 et
1435 3148 1608 3212 cirtntum“
1638 3144 1738 3228 „Anc-

232 3251 322 3314 niane
343 3249 406 3312 bal.
432 3251 622 3332 Septembris
640 3253 850 3335 pontificatus
873 3254 973 3318 nostri
996 3274 1025 3316 a.
1050 3256 1186 3317 octacc.“
1212 3289 1255 3298 -
1278 3251 1316 3316 ln
1337 3275 1364 3316 e.
1386 3272 1428 3318 m.
1451 3251 1594 3333 epriscopo
1610 3247 1739 3314 Oicnru·

365 3355 448 3418 censi
470 3359 500 3418 et
522 3356 696 3437 Propensis
727 3376 765 3422 ac
786 3377 811 3420 s.
836 3354 979 3440 Apriccii
1001 3355 1224 3421 Acinioncnsis
1245 3355 1446 3420 ecclesiarum
1469 3354 1608 3419 decanis.
1679 3348 1681 3353 ’

303 3476 370 3632 fil.
1150 3489 1314 3567 nornen,
1337 3492 1424 3559 1360
1445 3491 1640 3575 epimone
1661 3494 1694 3564 1.

364 3685 392 3735 R.
411 3684 460 3736 Ar.
481 3688 530 3736 148
549 3682 597 3737 iol.
614 3687 684 3738 ⁴93⁶.
702 3713 734 3723 -
755 3689 779 3748 ⁸)
798 3683 1047 3753 ‚Cestrobnrglinis‘
1066 3685 1114 3737 Ar.

233 3858 351 3923 1138.
387 3857 534 3922 Andreas
571 3857 673 3921 dictus
708 3859 835 3922 chser
868 3857 958 3922 miles
981 3856 1186 3923 Pataciensis
1215 3856 1306 3939 dioc,
1340 3856 1554 3922 ambassiator
1578 3856 1742 3940 Rudcipbi

232 3962 320 4023 ciricis
345 3961 507 4038 Austriae,
541 3961 710 4045 supplicat,
746 3966 900 4044 quatenus
923 3963 1075 4046 moqistro
1102 3959 1232 4025 Nicclco
1240 3973 1264 4030 ⁸)
1299 3959 1380 4024 dicto
1403 3959 1510 4025 Laber
1543 3960 1741 4025 decretorum

232 4064 359 4146 electori,
380 4064 560 4146 presbytero
593 4066 795 4131 Pataciensis
828 4066 918 4142 dioc,
949 4066 986 4130 de
1008 4067 1196 4131 canonicatu
1228 4065 1284 4129 sub
1307 4064 1521 4146 expectatione
1537 4063 1743 4148 praebendae

233 4170 378 4232 ccclesiae
411 4170 664 4251 l'r'sscprcdeusis
687 4172 859 4252 Proconsis
882 4171 959 4237 dioc.
980 4170 1196 4254 provideatur.
1230 4207 1272 4214 -
1310 4169 1404 4252 „Fiat
1429 4169 1468 4235 G.
1516 4171 1557 4232 D.
1580 4165 1742 4235 Aninione

703 4297 705 4301 ’
751 4274 815 4340 irai.
840 4275 1031 4358 Septembris
1054 4298 1083 4341 a.
1109 4279 1225 4341 cctaco.

1151 4415 1314 4493 Acinioue,
1338 4414 1425 4478 1360
1446 4412 1640 4497 Septembris
1663 4414 1695 4477 1.

363 4605 394 4658 R.
413 4605 510 4672 Suppl.
531 4612 561 4658 31
583 4604 631 4658 inl.
651 4610 708 4658 271.
730 4631 760 4642 —
788 4607 812 4672 l)
831 4601 982 4666 ,Nicholao‘
1001 4603 1097 4672 Suppl.

235 4988 352 5053 1139.
379 4986 524 5065 Ortclfus
548 4986 800 5070 archiepiscopus
822 4985 1077 5069 Saloeburqensis
1100 4984 1267 5068 supplicat,
1292 4988 1446 5068 quatenus
1460 4983 1583 5049 Simoni
1598 4983 1638 5048 de
1661 4984 1743 5070 Lep·

232 5093 299 5155 cclcc
321 5092 358 5155 de
381 5091 546 5174 stimulate,
582 5098 756 5174 personata
777 5094 825 5157 ccl
846 5092 962 5175 officio,
997 5090 1040 5155 cd
1074 5087 1271 5155 collationem
1304 5088 1441 5171 episcopi
1482 5085 1745 5153 l'rctislaciensis

752 5196 974 5279 spectantibus,
997 5194 1217 5279 provideatur.

1152 5333 1315 5415 Acinione,
1337 5333 1425 5398 1360
1447 5329 1641 5415 Swtembmt
1667 5337 1696 5396 1.
