3990 6052
868 409 1138 467 2202222122.
1713 417 1756 483 55

253 620 478 686 assistentibus
511 621 633 686 duobus
656 621 707 686 vel
730 621 833 686 tribus
855 621 1021 687 catholicis
1043 621 1212 705 episcopis,
1239 622 1375 688 similem
1399 623 1538 706 graciam
1559 629 1595 690 et
1617 625 1754 690 comuni-

252 742 344 790 onem
366 723 567 808 habentibus,
598 744 711 791 munus
734 726 986 792 consecracionis
1016 727 1158 810 recipere
1188 727 1305 810 valeas,
1339 732 1373 794 et
1402 728 1506 793 eidem
1539 728 1686 812 antistiti,
1720 735 1756 795 ut

252 848 366 895 munus
388 829 567 912 predictum
590 830 782 896 auctoritate
805 836 914 896 nostra
936 830 1120 914 impendere
1144 832 1244 897 libere
1268 831 1327 897 tibi
1349 831 1460 915 possit,
1483 831 1610 915 plenam
1625 838 1661 898 et
1675 833 1754 900 libe·

251 953 318 998 ram
342 933 543 1000 concedimus
567 938 680 1000 tenore
704 935 903 1018 presencium
926 934 1121 1001 facultatem.
1168 934 1320 1001 Volumus
1343 940 1459 1012 autern,
1484 937 1568 1018 quod
1590 936 1674 1003 idem
1699 957 1753 1002 an-

251 1037 354 1120 tistes,
378 1038 431 1121 qui
455 1038 513 1104 tibi
537 1038 698 1121 prefatum
723 1056 836 1104 munus
858 1039 1031 1122 impendet,
1066 1044 1232 1123 postquam
1256 1038 1315 1106 tibi
1337 1039 1418 1104 illud
1440 1039 1643 1124 impenderit,
1678 1047 1754 1106 ate

250 1147 358 1208 nostro
381 1147 416 1207 et
430 1142 568 1207 ecclesie
592 1144 732 1208 Romane
754 1142 881 1208 nomine
903 1143 1069 1209 fidelitatis
1093 1144 1200 1209 debite
1224 1144 1353 1210 solitum
1372 1143 1509 1227 recipiat
1530 1143 1753 1225 iuramentum,

250 1245 339 1311 iuxta
360 1245 502 1330 formam,
526 1266 619 1329 quam
642 1248 701 1312 sub
725 1247 812 1312 bulla
833 1253 944 1313 nostra
966 1247 1122 1313 mittimus
1137 1247 1353 1331 interclusam,
1376 1266 1412 1312 ac
1424 1247 1556 1313 formam
1565 1250 1752 1333 iuramenti,

250 1351 334 1432 quod
356 1355 389 1415 te
411 1355 557 1434 prestare
593 1351 773 1434 contigerit,
806 1351 898 1417 nobis
932 1352 972 1418 de
1005 1353 1102 1417 verbo
1137 1351 1177 1416 ad
1200 1353 1331 1417 verbum
1353 1369 1412 1434 per
1434 1356 1506 1416 tuas
1529 1357 1678 1433 patentes
1700 1353 1754 1419 lit-

252 1459 340 1519 teras
362 1458 417 1521 tuo
440 1454 546 1538 sigillo
568 1455 711 1539 signatas
744 1474 803 1538 per
835 1456 997 1538 proprium
1020 1454 1169 1519 nuncium
1198 1454 1387 1535 quantocius
1410 1454 1572 1520 destinare
1595 1462 1753 1542 procuret,

250 1557 396 1640 quodque
418 1577 477 1642 per
498 1559 558 1625 hoc
576 1611 583 1624 .
602 1609 609 1623 .
629 1609 662 1624 ..
686 1559 924 1643 archiepiscopo
946 1558 1109 1642 Pragensi,
1141 1557 1191 1623 cui
1213 1558 1339 1641 prefata
1361 1558 1497 1624 ecclesia
1519 1560 1752 1644 metropolitico

250 1662 319 1727 iure
344 1665 475 1730 subesse
499 1664 685 1743 dinoscitur,
708 1664 828 1730 nullum
852 1665 1057 1747 imposterum
1081 1662 1292 1745 preiudicium
1316 1668 1496 1746 generetur.
1532 1665 1571 1729 D.
1595 1664 1751 1732 huinione

251 1765 280 1831 ll
304 1765 367 1830 kal.
391 1767 579 1834 Novembris
603 1788 630 1834 a.
654 1769 764 1852 primo.

377 1955 409 2010 R.
434 1957 484 2011 Ar.
513 1956 629 2012 122121.
655 1964 712 2022 179,
736 1957 768 2012 li.
786 1960 848 2014 Vnt.
866 1965 918 2012 224
936 1959 983 2012 sol.
1002 1963 1061 2013 497.
1082 1988 1113 2000 -
1132 1960 1198 2028 Reg.
1217 1960 1291 2028 apud
1308 1960 1407 2030 Tadrs,
1436 1962 1548 2016 Summa
1566 1959 1749 2014 cancellariae

249 2061 310 2114 pag.
331 2044 431 2098 XXIII.

248 2325 337 2391 153.
362 2323 515 2389 Arcesius
539 2324 791 2409 archiepiscopis
817 2326 988 2408 Propontis
1010 2325 1182 2409 supplicat,
1205 2329 1361 2408 quatenus
1383 2326 1590 2392 visitantibus
1604 2325 1750 2411 parocbi-

248 2428 329 2494 2122
362 2428 522 2495 achsam
556 2429 590 2494 12
615 2429 713 2496 (11222
741 2430 956 2513 122212221122
988 2431 1199 2497 coercantur
1232 2434 1262 2494 ct
1295 2430 1356 2495 sibi
1389 2429 1517 2495 11222112
1539 2431 1682 2496 testandi
1703 2431 1750 2496 12-

914 2535 1091 2619 2121922122.

1192 2673 1354 2755 2122121222,
1376 2677 1462 2742 1353
1489 2673 1632 2741 Octobris
1653 2676 1705 2738 28.

377 2864 540 2947 Supplicat
582 2864 622 2930 gn
652 2865 705 2929 11η
739 2866 873 2931 devotus
907 2870 1015 2931 orator
1044 2872 1152 2932 vester
1191 2867 1346 2932 Arnestus
1381 2865 1639 2949 archiepiscopus
1674 2866 1747 2930 Pra-

250 2970 367 3052 gensis,
390 2969 539 3051 quatinus
562 2970 633 3053 sibi,
658 2975 694 3034 ut
716 2970 776 3035 sibi
800 2970 1013 3035 servientibus
1036 2975 1071 3035 et
1093 2970 1165 3035 aliis
1188 2970 1301 3053 21211)

376 3092 456 3158 Item
473 3092 641 3176 supplicat,
665 3094 824 3174 quatinus,
852 3091 1007 3175 cumipse
1024 3091 1229 3175 ordinaverit,
1252 3092 1337 3173 quod
1351 3092 1385 3157 in
1401 3091 1593 3175 parrochiali
1613 3093 1750 3157 ecclesia

246 3196 278 3261 in
302 3196 398 3262 Glacz
429 3215 486 3261 sue
517 3197 687 3279 Pragensis
721 3196 800 3262 dioc.
831 3215 888 3279 pro
920 3197 1140 3262 consolacione
1171 3196 1343 3261 incolarum
1373 3196 1451 3262 dicti
1483 3195 1542 3262 loci
1565 3197 1663 3262 missa
1686 3216 1749 3262 una

246 3301 358 3366 diebus
381 3301 515 3383 singulis
537 3300 569 3364 in
594 3320 708 3366 aurora
730 3306 877 3365 cantetur
900 3304 934 3364 et
956 3300 997 3365 ad
1020 3301 1136 3366 dictam
1159 3300 1288 3366 missam
1309 3299 1427 3384 prefati
1443 3301 1546 3366 incola
1568 3321 1637 3366 curn
1654 3301 1748 3366 devo-

245 3405 335 3470 cione
359 3403 526 3487 confluant,
560 3404 732 3487 dignemini
756 3405 901 3470 omnibns
923 3404 1191 3470 interessentibus
1215 3404 1299 3470 dicte
1330 3405 1427 3471 misse
1451 3405 1588 3486 aliquam
1613 3405 1748 3488 singulis

245 3508 356 3574 diebus
379 3509 612 3591 indulgenciam
635 3509 886 3574 misericorditer
907 3509 1046 3592 elargiri.

375 3631 446 3696 Fiat
469 3635 508 3696 ad
533 3632 643 3698 decem
667 3650 766 3696 annos
790 3632 826 3696 G.

373 3753 454 3818 Item
478 3753 648 3836 supplicat,
672 3753 822 3835 quatinus
845 3753 915 3834 sihi,
945 3754 994 3817 cni
1012 3753 1087 3818 olim
1103 3758 1179 3818 ante
1195 3752 1391 3817 ereccionem
1415 3750 1584 3834 Pragensis
1611 3751 1747 3817 ecclesie

245 3859 277 3922 in
300 3857 587 3939 metropolitanam,
610 3858 660 3922 oui
684 3863 761 3922 tunc
784 3857 978 3940 presidebat,
1012 3875 1070 3940 per
1092 3856 1195 3922 felicis
1229 3854 1463 3922 recordacionis
1486 3855 1646 3920 dominum
1675 3854 1745 3920 Cle-

244 3966 391 4039 mentem,
414 3961 675 4042 predecessorem
696 3966 847 4044 vestrum,
871 3961 1005 4026 licencia
1027 3961 1169 4026 testandi
1192 3960 1317 4025 indulta
1339 3959 1457 4039 extitit,
1472 3958 1496 4040 ι1
1522 3958 1656 4024 similem
1680 3957 1747 4040 dig-

245 4065 362 4131 nemini
384 4065 551 4131 licenciam
575 4065 741 4148 indulgere
765 4085 835 4131 oum
859 4065 1010 4131 clausulis
1033 4071 1068 4130 et
1090 4084 1153 4131 non
1177 4064 1378 4131 obstantibus
1401 4063 1576 4146 oportunis.

373 4188 445 4253 l'iat
466 4187 499 4252 in
522 4187 622 4253 forma
646 4187 681 4254 G.
705 4189 748 4253 Et
771 4188 853 4271 quod
870 4193 1015 4254 transeat
1030 4188 1099 4252 sine
1116 4187 1181 4253 alia
1196 4186 1346 4253 leccione.
1370 4186 1442 4251 Fiat
1465 4185 1502 4252 G.
1526 4186 1565 4249 Ι).
1586 4183 1744 4250 Auinione

244 4290 272 4356 V
295 4291 357 4358 lral.
384 4292 572 4359 Novembris
595 4312 614 4357 a
636 4293 746 4376 primo.

371 4482 403 4538 R.
421 4481 519 4552 Suppl.
535 4488 568 4536 24
587 4481 634 4538 iol.
654 4487 712 4538 toa.
732 4513 764 4523 -
785 4484 804 4550 ¹)
823 4483 898 4537 Mon.
918 4481 979 4536 liat.
998 4482 1010 4536 l
1029 4496 1071 4536 nr.
1089 4487 1149 4536 244.

892 4675 1096 4689 ,--.-.

243 4817 332 4883 164.
357 4815 517 4895 (12221122,
547 4817 603 4898 qai
619 4815 837 4900 parochialem
859 4815 1022 4881 sedeciam
1050 4814 1085 4880 12
1109 4813 1210 4881 (11222
1231 4815 1290 4880 aab
1312 4813 1539 4879 conditionibus
1561 4814 1596 4881 12
1619 4811 1741 4898 suppli·

243 4925 363 4990 ceticae
385 4925 442 4989 sab
464 4947 512 4989 22.
541 4925 600 4989 153
623 4922 784 5007 expressis
804 4919 1013 5003 2211222121,
1038 4923 1160 4984 matum
1182 4919 1250 4985 dica
1272 4919 1471 4985 deiciucctis
1487 4917 1533 4984 cia
1544 4919 1745 5002 poeniterrtiis

247 5028 446 5095 relocantur.
494 5028 668 5113 ,Splendor
687 5032 822 5111 paterne
842 5024 960 5108 pirric
997 5023 1170 5108 ,riciniatus
1206 5022 1317 5090 Vltcl,
1341 5023 1525 5089 Novembris
1556 5045 1587 5089 2.
1606 5024 1741 5107 22122).ει

1187 5154 1459 5238 ,4212122213ὂὸ
1485 5151 1625 5220 Octobris
1647 5154 1700 5220 28.

324 5241 331 5256 .
348 5202 376 5254 Χ
390 5240 396 5253 .

372 5320 404 5377 11.
422 5323 472 5377 Ar.
492 5327 542 5376 121
562 5320 609 5376 121.
631 5327 689 5390 roo,
708 5320 740 5376 a.
758 5319 820 5375 Vnt.
838 5325 890 5374 224
908 5319 956 5375 iol.
974 5326 1034 5377 471.
1052 5349 1086 5360 -
1106 5318 1175 5394 Bag.
1185 5320 1214 5376 iu
1233 5320 1331 5378 ZVGA
1352 5317 1508 5376 Schlcsicns
1520 5316 1597 5372 XXV
1609 5331 1671 5388 pag.
1684 5322 1744 5389 ³03,

1606 5443 1623 5492 b
