3944 6060
231 491 295 556 224
835 491 905 544 Actu
923 488 1076 544 Innocentii
1095 489 1141 544 v1.

212 699 323 766 662.
352 696 495 764 Jobanni
525 696 562 760 cic
586 696 778 777 Luocmburo
807 700 1014 777 conferuntur
1042 701 1250 765 canonicatus
1279 705 1309 765 et
1324 700 1512 783 praebenda
1544 707 1576 768 ct
1596 704 1739 770 oamria

231 801 378 866 ecciesiae
393 824 417 861 s.
433 799 589 865 Simeonis
614 801 822 877 Trecerensis,
846 821 907 865 non
929 801 1124 867 obstantibus
1145 808 1182 866 ut
1203 804 1237 867 in
1259 803 1491 888 supplicatione
1512 807 1570 872 siub
1592 830 1643 873 nr.
1665 809 1738 875 661.

235 904 410 983 ,Aniuicne
439 901 471 963 X
497 901 562 969 eol.
595 904 716 969 Marcii
745 924 774 968 a.
810 905 946 987 quinto!
973 941 1015 951 -
1046 907 1087 970 In
1107 929 1133 970 e.
1156 928 1196 972 rn.
1223 906 1407 991 praeposito
1435 927 1463 974 s.
1487 909 1621 975 Paulini
1649 916 1739 978 extro

231 1029 336 1072 neuros
362 1009 564 1072 Treverenscs
586 1027 625 1071 ac
648 1008 763 1072 decano
785 1028 810 1072 s.
835 1006 976 1088 Apriooli
998 1008 1220 1074 Acinionennsis
1234 1009 1437 1075 ecdesiorunt
1459 1032 1498 1076 ae
1511 1011 1651 1095 officiali
1667 1015 1740 1079 Tro·

351 1147 356 1212 Ι
919 1132 1051 1176 verensi.

283 1200 393 1320 iic.
1158 1251 1320 1333 Aoinionc,
1347 1254 1432 1318 1357
1454 1254 1624 1319 Februarii
1643 1258 1696 1323 20.

364 1440 394 1492 n.
422 1442 470 1492 liv.
500 1446 549 1492 13?
570 1438 616 1491 sol.
641 1444 701 1491 ⁸395.

233 1774 324 1840 563.
356 1768 591 1844 Vratr'slaoue·)
613 1767 741 1863 relictae
763 1769 921 1848 quondam
946 1767 1129 1848 Guilelmib)
1154 1769 1191 1833 dc
1215 1769 1388 1851 Stoicum)
1411 1771 1497 1851 iaici,
1520 1773 1637 1838 uiduae
1660 1774 1742 1840 Pra-

231 1876 336 1958 pensis
358 1874 446 1947 dioc„
471 1870 658 1954 intucatur,
682 1875 716 1933 nt
738 1871 899 1956 confessor
920 1874 987 1936 eius
1009 1873 1043 1936 in
1059 1874 1171 1938 moras
1186 1874 1322 1940 articulo
1332 1874 1465 1957 plenam
1480 1877 1620 1942 omnium
1630 1898 1742 1959 pecea-

234 1986 337 2044 tornm
367 1978 582 2042 remissionem
605 1976 634 2039 ci
656 1975 820 2039 concedere
849 1976 962 2059 possit.
1002 1978 1185 2052 „Provenit“
1215 1978 1391 2061 ,Aninionc
1419 1981 1453 2043 X
1471 1978 1534 2045 lral.
1559 1979 1680 2047 Marcii
1711 2003 1743 2048 a.

914 2081 1050 2163 quinto.“

1160 2202 1321 2281 Aninione,
1344 2205 1432 2269 1357
1454 2205 1625 2270 Februarii
1644 2209 1700 2273 20.

363 2388 394 2442 n.
415 2392 463 2441 Aa.
486 2395 533 2442 135
552 2388 598 2441 iol.
618 2395 677 2441 338.
694 2419 727 2425 -
751 2391 777 2454 1¹)
797 2386 982 2449 ‚Wratisluue‘
1001 2391 1051 2441 Aa.
1075 2390 1101 2454 b)
1118 2387 1277 2456 ,Wilhelmi‘
1296 2391 1346 2442 An.
1369 2397 1393 2456 ο)
1412 2390 1559 2461 ,Sluzetyn‘
1577 2395 1628 2447 ΑΥ.

885 2596 1089 2610 --

233 2773 323 2838 564.
349 2772 546 2835 Innocentius
579 2770 619 2833 Vl
646 2771 824 2834 saumario
853 2775 883 2833 et
905 2771 1106 2835 thesaurario
1135 2792 1191 2835 suo
1221 2772 1523 2849 testimonimum,
1552 2792 1585 2838 se
1615 2773 1747 2841 litteras

233 2877 370 2939 insertos
394 2871 502 2938 Caroli
513 2876 536 2938 I
540 2875 572 2956 1⁷,
596 2893 676 2957 quoe
698 2873 775 2938 dioc.
801 2873 1078 2939 lbatisiauiensern
1093 2875 1133 2939 ob
1148 2875 1367 2941 iurisdictione
1382 2876 1531 2942 coeimiae
1548 2878 1745 2944 Gneanensis

235 2977 434 3043 eximendum
457 2983 487 3041 et
509 2977 702 3041 excoctionem
725 2976 898 3041 denariis.
923 2978 1011 3042 Petri
1031 2978 1067 3043 in
1081 2979 1189 3043 eadem
1211 2979 1289 3044 dioc.
1306 2981 1477 3062 uttinpunt,
1499 2980 1596 3046 elatas
1611 2982 1746 3047 lucem·

630 3081 719 3162 buryi
742 3079 827 3145 1349
850 3083 966 3144 ellantii
990 3084 1040 3158 14,
1064 3081 1104 3145 ab
1126 3083 1171 3146 eis
1193 3085 1353 3165 recepisse.

1161 3219 1323 3296 Acinione,
1349 3223 1433 3286 1357
1455 3221 1624 3287 Februarii
1643 3226 1697 3289 24.

321 3411 525 3475 Innocentius
548 3419 599 3476 etc
641 3410 884 3474 venerabilibus
915 3410 1065 3474 iratribus
1096 3410 1257 3492 Stephane
1289 3411 1526 3494 archiepiscopo
1550 3412 1746 3498 Tholosano,

233 3515 416 3596 ca1uerario,
452 3522 485 3578 et
508 3515 683 3596 Reginaldo
714 3515 864 3596 episcope
887 3513 1103 3595 Vlixbcuensi,
1133 3514 1332 3578 thesaurario
1363 3515 1489 3596 nostris,
1520 3516 1656 3580 salutem
1681 3524 1745 3583 etc.

234 3623 312 3684 t'um
337 3622 376 3684 de
401 3621 549 3684 inundato
580 3626 687 3682 nosue
717 3618 801 3683 iacto
825 3618 913 3682 vobis
943 3635 1039 3699 super
1069 3619 1128 3682 hoc
1151 3619 1277 3683 oraculo
1301 3619 1372 3683 vive
1402 3619 1488 3683 vocis
1510 3621 1663 3701 quasdam
1688 3622 1744 3688 lit·

234 3734 320 3790 teras
355 3725 510 3790 carissimi
545 3724 577 3787 in
608 3720 735 3786 Christe
765 3722 822 3786 filii
854 3722 953 3786 uestri
986 3721 1090 3786 Caroli
1131 3723 1333 3804 imperatoris
1367 3723 1578 3788 Romanarum
1613 3744 1745 3809 semper

234 3831 369 3908 insignisti,
401 3845 568 3892 ‹tunnecssas
598 3828 715 3890 <ludum
747 3845 804 3908 per
827 3827 962 3890 culidem
986 3827 1218 3907 imperatorem,
1251 3832 1420 3907 antequam
1451 3828 1615 3910 imperiale
1640 3833 1742 3896 susci·

233 3942 326 4014 peret
349 3934 504 4010 «liuderus,
535 3931 638 3994 felicis
669 3931 901 3995 reandacienis
932 3929 1088 3993 Clementi
1120 3949 1200 4012 pape
1226 3931 1276 4011 VI,
1308 3932 1526 4012 predecessori
1556 3939 1676 4014 nostro,
1708 3942 1744 4000 et

234 4038 368 4101 ecclesie
392 4037 532 4100 ljtcnuaue
557 4045 626 4111 ac·)
658 4035 689 4097 in
714 4035 944 4116 ussurupcieuis
967 4041 1076 4098 caestre
1099 4035 1280 4115 primordiis
1311 4035 1351 4098 ad
1374 4034 1548 4116 apostolice
1571 4035 1743 4117 dignitatis

233 4142 352 4223 apicem
378 4139 499 4214 vopisc)
524 4141 581 4202 sub
607 4139 782 4202 irrvcntario
807 4139 1027 4220 assignatusf)
1051 4156 1182 4218 ulnarum
1205 4145 1347 4202 tenorem
1372 4139 1411 4202 dc
1435 4141 1531 4204 verbu
1551 4139 1742 4207 adverbum

234 4244 435 4326 presentibus
457 4244 556 4306 inseri
579 4244 719 4321 icciums,
742 4243 832 4306 uobis
855 4243 1011 4306 elicueritis
1027 4241 1278 4322 assignandas&
1302 4260 1358 4306 nos
1374 4243 1519 4306 volentes
1534 4243 1625 4308 vobis
1641 4262 1748 4328 super·

233 4350 291 4413 hoc
316 4350 355 4412 de
379 4354 535 4429 oportuna
557 4346 723 4428 providere
748 4347 882 4427 cautela,
918 4366 973 4411 vos
996 4347 1035 4409 dc
1059 4346 1238 4410 huiusmodi
1261 4346 1380 4411 litteris
1403 4352 1514 4410 tenore
1537 4349 1741 4429 presencium

232 4456 414 4531 liberamus,
445 4451 637 4515 absolvimus
664 4458 697 4513 ct
726 4451 908 4531 quittamus.
939 4451 1043 4515 'lenm
1073 4457 1179 4513 autem
1209 4451 1423 4532 predictarum
1453 4450 1633 4517 litterarum
1663 4454 1744 4520 talis

233 4564 344 4635 cst.⁰):
368 4557 573 4621 Sanctissinno
600 4556 632 4618 in
664 4552 789 4618 Christo
813 4555 897 4635 patri
928 4555 1052 4619 douuno
1084 4572 1141 4617 suo
1173 4555 1298 4618 ‹lerinino
1323 4554 1481 4618 Clementi
1515 4555 1625 4619 divina
1647 4559 1741 4638 previ

233 4663 346 4725 ‹leuciu
369 4667 570 4724 sacrosancte
594 4660 734 4723 Renmne
766 4678 801 4722 ac
825 4659 1015 4722 universalis
1046 4659 1180 4723 ecclesie
1212 4676 1332 4723 sunuuu
1363 4657 1505 4740 pontifici
1528 4657 1662 4724 Carolus
1686 4662 1741 4727 dei

233 4766 339 4846 gracia
362 4765 573 4829 Romanorum
604 4784 659 4828 rex
683 4781 809 4845 semper
839 4769 992 4845 augustus
1022 4768 1055 4826 et
1078 4763 1207 4826 Bocmic
1238 4780 1294 4824 rex
1317 4780 1386 4825 cum
1410 4761 1596 4826 reverencia
1629 4764 1742 4830 debita

232 4878 266 4933 et
290 4870 405 4934 devota
427 4869 542 4950 pcdmu
566 4867 674 4933 oscula
698 4870 870 4933 liestorum.
896 4866 1101 4930 sanctissime
1117 4873 1216 4947 pater,
1240 4872 1275 4929 nt
1299 4866 1423 4930 sincera
1438 4871 1547 4930 nostre
1563 4867 1742 4934 mancionis

231 4974 370 5038 intencio
393 4973 426 5036 in
450 4973 693 5054 supplicacione,
717 4991 810 5053 cluam
826 4990 926 5053 nuper
949 4977 1055 5034 vestre
1071 4970 1261 5033 beatitudini
1278 4970 1424 5033 (luximus
1439 4969 1626 5046 faciendam,
1651 4971 1742 5037 vide·

232 5079 316 5158 licet,
340 5077 423 5157 quod
447 5095 503 5157 pro
527 5077 608 5139 bonu
632 5085 665 5140 et
688 5074 816 5156 pacifico
841 5080 927 5138 statu
951 5074 1026 5137 cleri
1051 5083 1085 5137 et
1107 5075 1214 5155 pepuli
1239 5073 1513 5137 Wratislauiensis
1535 5092 1572 5137 ac
1594 5075 1739 5156 parcium

233 5184 403 5246 vicinarum
428 5180 604 5257 ecclesiam,
629 5180 788 5243 civitatem
812 5184 846 5243 et
870 5179 948 5242 dioc.
975 5177 1269 5242 Wratislaniensem
1287 5179 1325 5242 ab
1349 5178 1432 5241 ouini
1454 5176 1680 5244 iurisdicciuuc
1704 5188 1740 5246 et

232 5286 433 5352 subieccioue
447 5285 583 5350 ecclesie
597 5283 824 5357 Grnezencnsis,
848 5283 898 5346 cui
922 5283 989 5345 iure
1014 5282 1245 5364 inretropolitico
1268 5283 1399 5347 subesse
1423 5286 1607 5360 noscuntur,
1630 5290 1742 5350 vestra

232 5392 419 5475 ‹liguaretur
441 5389 502 5454 8¹⁸⁸
536 5389 675 5453 eximere
706 5393 740 5451 et
762 5386 907 5451 totaliter
935 5386 1072 5450 liberare
1107 5404 1225 5467 erasque
1249 5386 1344 5450 simili
1379 5387 1447 5450 iure
1471 5384 1568 5468 plene
1590 5387 1740 5453 subicere
