<?xml version="1.0" encoding="UTF-8"?>
<!DOCTYPE html PUBLIC "-//W3C//DTD XHTML 1.0 Transitional//EN"
    "http://www.w3.org/TR/xhtml1/DTD/xhtml1-transitional.dtd">
<html xmlns="http://www.w3.org/1999/xhtml" xml:lang="en" lang="en">
 <head>
  <title>
</title>
<meta http-equiv="Content-Type" content="text/html;charset=utf-8" />
  <meta name='ocr-system' content='tesseract 3.04.00' />
  <meta name='ocr-capabilities' content='ocr_page ocr_carea ocr_par ocr_line ocrx_word'/>
</head>
<body>
  <div class='ocr_page' id='page_1' title='image "./monumentavatica00vatigoog_0058.png"; bbox 0 0 3990 6052; ppageno 0'>
   <div class='ocr_carea' id='block_1_1' title="bbox 245 1567 1746 1860">
    <p class='ocr_par' dir='ltr' id='par_1_1' title="bbox 245 1567 1746 1860">
     <span class='ocr_line' id='line_1_1' title="bbox 247 1567 1746 1650; baseline 0.002 -17"><span class='ocrx_word' id='word_1_1' title='bbox 247 1572 281 1635; x_wconf 83' lang='lat'>1.</span> <span class='ocrx_word' id='word_1_2' title='bbox 305 1567 447 1633; x_wconf 80' lang='lat' dir='ltr'>Jobrurni</span> <span class='ocrx_word' id='word_1_3' title='bbox 472 1568 625 1632; x_wconf 74' lang='lat' dir='ltr'>Peducaeo</span> <span class='ocrx_word' id='word_1_4' title='bbox 646 1569 762 1633; x_wconf 73' lang='lat' dir='ltr'>decurso</span> <span class='ocrx_word' id='word_1_5' title='bbox 783 1569 930 1634; x_wconf 85' lang='lat' dir='ltr'>ecclesiae</span> <span class='ocrx_word' id='word_1_6' title='bbox 957 1569 1207 1649; x_wconf 79' lang='lat' dir='ltr'>l&#39;isscprcdensis</span> <span class='ocrx_word' id='word_1_7' title='bbox 1229 1571 1411 1647; x_wconf 63' lang='lat' dir='ltr'>araurrdotnn</span> <span class='ocrx_word' id='word_1_8' title='bbox 1436 1574 1588 1649; x_wconf 72' lang='lat' dir='ltr'>ullatenus</span> <span class='ocrx_word' id='word_1_9' title='bbox 1613 1575 1746 1650; x_wconf 78' lang='lat' dir='ltr'>fructus</span> 
     </span>
     <span class='ocr_line' id='line_1_2' title="bbox 245 1672 1745 1757; baseline 0.002 -21"><span class='ocrx_word' id='word_1_10' title='bbox 245 1673 459 1746; x_wconf 75' lang='lat' dir='ltr'>beneficiorum</span> <span class='ocrx_word' id='word_1_11' title='bbox 483 1672 770 1748; x_wconf 80' lang='lat' dir='ltr'>ecclesiasticorum,</span> <span class='ocrx_word' id='word_1_12' title='bbox 807 1695 882 1752; x_wconf 82' lang='lat' dir='ltr'>quos</span> <span class='ocrx_word' id='word_1_13' title='bbox 906 1673 1046 1741; x_wconf 79' lang='lat' dir='ltr'><em>Clemens</em></span> <span class='ocrx_word' id='word_1_14' title='bbox 1074 1695 1163 1757; x_wconf 85' lang='lat' dir='ltr'>papa</span> <span class='ocrx_word' id='word_1_15' title='bbox 1193 1675 1235 1738; x_wconf 82' lang='lat' dir='ltr'>VI</span> <span class='ocrx_word' id='word_1_16' title='bbox 1256 1695 1401 1738; x_wconf 78' lang='lat' dir='ltr'>ercamrao</span> <span class='ocrx_word' id='word_1_17' title='bbox 1422 1674 1611 1757; x_wconf 73' lang='lat' dir='ltr'>(apostolicae</span> <span class='ocrx_word' id='word_1_18' title='bbox 1647 1696 1745 1740; x_wconf 85' lang='lat' dir='ltr'>reser-</span> 
     </span>
     <span class='ocr_line' id='line_1_3' title="bbox 872 1780 1109 1860; baseline 0.008 -19"><span class='ocrx_word' id='word_1_19' title='bbox 872 1780 968 1856; x_wconf 84' lang='lat' dir='ltr'>vavit,</span> <span class='ocrx_word' id='word_1_20' title='bbox 993 1781 1109 1860; x_wconf 75' lang='lat' dir='ltr'>occiput.</span> 
     </span>
    </p>
   </div>
   <div class='ocr_carea' id='block_1_2' title="bbox 1152 1917 1701 1991">
    <p class='ocr_par' dir='ltr' id='par_1_2' title="bbox 1152 1917 1701 1991">
     <span class='ocr_line' id='line_1_4' title="bbox 1152 1917 1701 1991; baseline 0.009 -14"><span class='ocrx_word' id='word_1_21' title='bbox 1152 1917 1313 1991; x_wconf 81' lang='lat' dir='ltr'>Aer&#39;aione,</span> <span class='ocrx_word' id='word_1_22' title='bbox 1342 1920 1423 1983; x_wconf 78' lang='lat'>1352</span> <span class='ocrx_word' id='word_1_23' title='bbox 1447 1919 1627 1983; x_wconf 76' lang='lat' dir='ltr'><strong><em>Decembris</em></strong></span> <span class='ocrx_word' id='word_1_24' title='bbox 1648 1921 1701 1984; x_wconf 85' lang='lat'>30.</span> 
     </span>
    </p>
   </div>
   <div class='ocr_carea' id='block_1_3' title="bbox 241 2107 1745 5408">
    <p class='ocr_par' dir='ltr' id='par_1_3' title="bbox 241 2107 1745 5323">
     <span class='ocr_line' id='line_1_5' title="bbox 375 2107 1745 2190; baseline 0.004 -20"><span class='ocrx_word' id='word_1_25' title='bbox 375 2107 582 2172; x_wconf 89' lang='lat' dir='ltr'>Innocencius</span> <span class='ocrx_word' id='word_1_26' title='bbox 627 2108 795 2190; x_wconf 88' lang='lat' dir='ltr'>episcopus</span> <span class='ocrx_word' id='word_1_27' title='bbox 848 2126 958 2171; x_wconf 89' lang='lat' dir='ltr'>servus</span> <span class='ocrx_word' id='word_1_28' title='bbox 1005 2128 1166 2172; x_wconf 90' lang='lat' dir='ltr'>servorum</span> <span class='ocrx_word' id='word_1_29' title='bbox 1208 2111 1259 2173; x_wconf 85' lang='lat' dir='ltr'>dei</span> <span class='ocrx_word' id='word_1_30' title='bbox 1305 2112 1333 2175; x_wconf 90' lang='lat' dir='ltr'>d.</span> <span class='ocrx_word' id='word_1_31' title='bbox 1369 2111 1389 2174; x_wconf 88' lang='lat' dir='ltr'>f.</span> <span class='ocrx_word' id='word_1_32' title='bbox 1424 2110 1561 2175; x_wconf 81' lang='lat' dir='ltr'>dolrauni</span> <span class='ocrx_word' id='word_1_33' title='bbox 1595 2111 1745 2176; x_wconf 87' lang='lat' dir='ltr'>Paduano</span> 
     </span>
     <span class='ocr_line' id='line_1_6' title="bbox 245 2212 1744 2295; baseline 0.001 -17"><span class='ocrx_word' id='word_1_34' title='bbox 245 2215 363 2278; x_wconf 78' lang='lat' dir='ltr'>‹leram›</span> <span class='ocrx_word' id='word_1_35' title='bbox 386 2213 521 2277; x_wconf 86' lang='lat' dir='ltr'>ecclesie</span> <span class='ocrx_word' id='word_1_36' title='bbox 545 2212 818 2294; x_wconf 70' lang='lat' dir='ltr'>wissegradensis</span> <span class='ocrx_word' id='word_1_37' title='bbox 841 2212 1009 2294; x_wconf 74' lang='lat' dir='ltr'>l&#39;ragensis</span> <span class='ocrx_word' id='word_1_38' title='bbox 1033 2213 1122 2294; x_wconf 82' lang='lat' dir='ltr'>dioc,</span> <span class='ocrx_word' id='word_1_39' title='bbox 1154 2216 1327 2295; x_wconf 89' lang='lat' dir='ltr'>apostolice</span> <span class='ocrx_word' id='word_1_40' title='bbox 1352 2214 1437 2279; x_wconf 90' lang='lat' dir='ltr'>sedis</span> <span class='ocrx_word' id='word_1_41' title='bbox 1461 2217 1585 2291; x_wconf 85' lang='lat' dir='ltr'>uuucio,</span> <span class='ocrx_word' id='word_1_42' title='bbox 1610 2215 1744 2280; x_wconf 89' lang='lat' dir='ltr'>salutem</span> 
     </span>
     <span class='ocr_line' id='line_1_7' title="bbox 247 2317 1745 2402; baseline 0.001 -20"><span class='ocrx_word' id='word_1_43' title='bbox 247 2325 280 2383; x_wconf 88' lang='lat' dir='ltr'>et</span> <span class='ocrx_word' id='word_1_44' title='bbox 302 2318 507 2401; x_wconf 87' lang='lat' dir='ltr'>apostolicam</span> <span class='ocrx_word' id='word_1_45' title='bbox 538 2317 805 2382; x_wconf 75' lang='lat' dir='ltr'>benediccionem.</span> <span class='ocrx_word' id='word_1_46' title='bbox 852 2318 978 2381; x_wconf 85' lang='lat' dir='ltr'>Dudum</span> <span class='ocrx_word' id='word_1_47' title='bbox 1009 2317 1111 2382; x_wconf 90' lang='lat' dir='ltr'>felicis</span> <span class='ocrx_word' id='word_1_48' title='bbox 1134 2319 1366 2384; x_wconf 81' lang='lat' dir='ltr'>recordacionis</span> <span class='ocrx_word' id='word_1_49' title='bbox 1399 2320 1545 2384; x_wconf 84' lang='lat' dir='ltr'>Clemens</span> <span class='ocrx_word' id='word_1_50' title='bbox 1576 2339 1659 2402; x_wconf 90' lang='lat' dir='ltr'>papa</span> <span class='ocrx_word' id='word_1_51' title='bbox 1692 2320 1745 2400; x_wconf 86' lang='lat' dir='ltr'>VI,</span> 
     </span>
     <span class='ocr_line' id='line_1_8' title="bbox 245 2422 1744 2506; baseline 0.002 -21"><span class='ocrx_word' id='word_1_52' title='bbox 245 2423 451 2504; x_wconf 87' lang='lat' dir='ltr'>predecessor</span> <span class='ocrx_word' id='word_1_53' title='bbox 473 2428 591 2501; x_wconf 88' lang='lat' dir='ltr'>noster,</span> <span class='ocrx_word' id='word_1_54' title='bbox 616 2422 796 2502; x_wconf 71' lang='lat' dir='ltr'>attendens</span> <span class='ocrx_word' id='word_1_55' title='bbox 820 2424 900 2503; x_wconf 84' lang='lat' dir='ltr'>qnod</span> <span class='ocrx_word' id='word_1_56' title='bbox 927 2430 1100 2504; x_wconf 87' lang='lat' dir='ltr'>proventus</span> <span class='ocrx_word' id='word_1_57' title='bbox 1117 2441 1240 2488; x_wconf 88' lang='lat' dir='ltr'>camere</span> <span class='ocrx_word' id='word_1_58' title='bbox 1256 2424 1430 2506; x_wconf 76' lang='lat' dir='ltr'>aurostolice</span> <span class='ocrx_word' id='word_1_59' title='bbox 1447 2430 1561 2488; x_wconf 91' lang='lat' dir='ltr'>tenues</span> <span class='ocrx_word' id='word_1_60' title='bbox 1578 2425 1744 2490; x_wconf 84' lang='lat' dir='ltr'>admodum</span> 
     </span>
     <span class='ocr_line' id='line_1_9' title="bbox 245 2526 1745 2610; baseline 0.002 -20"><span class='ocrx_word' id='word_1_61' title='bbox 245 2533 278 2591; x_wconf 90' lang='lat' dir='ltr'>et</span> <span class='ocrx_word' id='word_1_62' title='bbox 300 2527 401 2591; x_wconf 89' lang='lat' dir='ltr'>exiles</span> <span class='ocrx_word' id='word_1_63' title='bbox 425 2526 463 2589; x_wconf 91' lang='lat' dir='ltr'>ad</span> <span class='ocrx_word' id='word_1_64' title='bbox 488 2527 738 2608; x_wconf 88' lang='lat' dir='ltr'>supportandum</span> <span class='ocrx_word' id='word_1_65' title='bbox 762 2528 951 2609; x_wconf 82' lang='lat' dir='ltr'>multiplicia</span> <span class='ocrx_word' id='word_1_66' title='bbox 973 2546 1080 2608; x_wconf 89' lang='lat' dir='ltr'>onera,</span> <span class='ocrx_word' id='word_1_67' title='bbox 1104 2545 1165 2608; x_wconf 88' lang='lat' dir='ltr'>que</span> <span class='ocrx_word' id='word_1_68' title='bbox 1188 2528 1421 2604; x_wconf 88' lang='lat' dir='ltr'>incumbebant,</span> <span class='ocrx_word' id='word_1_69' title='bbox 1445 2534 1539 2610; x_wconf 92' lang='lat' dir='ltr'>prout</span> <span class='ocrx_word' id='word_1_70' title='bbox 1561 2529 1745 2593; x_wconf 90' lang='lat' dir='ltr'>incumbunt</span> 
     </span>
     <span class='ocr_line' id='line_1_10' title="bbox 245 2628 1744 2716; baseline 0.001 -22"><span class='ocrx_word' id='word_1_71' title='bbox 245 2632 347 2697; x_wconf 90' lang='lat' dir='ltr'>eidem</span> <span class='ocrx_word' id='word_1_72' title='bbox 369 2648 502 2712; x_wconf 78' lang='lat' dir='ltr'>consere,</span> <span class='ocrx_word' id='word_1_73' title='bbox 526 2628 671 2696; x_wconf 88' lang='lat' dir='ltr'>sufficere</span> <span class='ocrx_word' id='word_1_74' title='bbox 694 2650 756 2695; x_wconf 91' lang='lat' dir='ltr'>non</span> <span class='ocrx_word' id='word_1_75' title='bbox 779 2632 935 2712; x_wconf 87' lang='lat' dir='ltr'>valebant,</span> <span class='ocrx_word' id='word_1_76' title='bbox 959 2638 993 2695; x_wconf 89' lang='lat' dir='ltr'>et</span> <span class='ocrx_word' id='word_1_77' title='bbox 1014 2631 1181 2712; x_wconf 85' lang='lat' dir='ltr'>providere</span> <span class='ocrx_word' id='word_1_78' title='bbox 1206 2650 1302 2714; x_wconf 91' lang='lat' dir='ltr'>super</span> <span class='ocrx_word' id='word_1_79' title='bbox 1317 2633 1385 2715; x_wconf 88' lang='lat' dir='ltr'>boc,</span> <span class='ocrx_word' id='word_1_80' title='bbox 1410 2640 1504 2714; x_wconf 91' lang='lat' dir='ltr'>prout</span> <span class='ocrx_word' id='word_1_81' title='bbox 1520 2633 1669 2716; x_wconf 84' lang='lat' dir='ltr'>exigebat</span> <span class='ocrx_word' id='word_1_82' title='bbox 1691 2651 1744 2697; x_wconf 91' lang='lat' dir='ltr'>ue·</span> 
     </span>
     <span class='ocr_line' id='line_1_11' title="bbox 245 2735 1743 2819; baseline 0.001 -20"><span class='ocrx_word' id='word_1_83' title='bbox 245 2735 387 2816; x_wconf 79' lang='lat' dir='ltr'>cessitas,</span> <span class='ocrx_word' id='word_1_84' title='bbox 417 2735 561 2799; x_wconf 89' lang='lat' dir='ltr'>honestis</span> <span class='ocrx_word' id='word_1_85' title='bbox 591 2735 693 2800; x_wconf 89' lang='lat' dir='ltr'>modis</span> <span class='ocrx_word' id='word_1_86' title='bbox 723 2741 756 2799; x_wconf 90' lang='lat' dir='ltr'>et</span> <span class='ocrx_word' id='word_1_87' title='bbox 779 2736 877 2800; x_wconf 87' lang='lat' dir='ltr'>licitis</span> <span class='ocrx_word' id='word_1_88' title='bbox 900 2737 1041 2818; x_wconf 89' lang='lat' dir='ltr'>cupiens,</span> <span class='ocrx_word' id='word_1_89' title='bbox 1072 2735 1203 2818; x_wconf 79' lang='lat' dir='ltr'>fructum,</span> <span class='ocrx_word' id='word_1_90' title='bbox 1227 2737 1372 2801; x_wconf 90' lang='lat' dir='ltr'>redditus</span> <span class='ocrx_word' id='word_1_91' title='bbox 1398 2743 1432 2801; x_wconf 86' lang='lat' dir='ltr'>et</span> <span class='ocrx_word' id='word_1_92' title='bbox 1455 2744 1627 2819; x_wconf 88' lang='lat' dir='ltr'>proventus</span> <span class='ocrx_word' id='word_1_93' title='bbox 1651 2738 1743 2801; x_wconf 90' lang='lat' dir='ltr'>unius</span> 
     </span>
     <span class='ocr_line' id='line_1_12' title="bbox 245 2838 1743 2923; baseline 0 -19"><span class='ocrx_word' id='word_1_94' title='bbox 245 2841 316 2904; x_wconf 91' lang='lat' dir='ltr'>anni</span> <span class='ocrx_word' id='word_1_95' title='bbox 340 2839 478 2905; x_wconf 89' lang='lat' dir='ltr'>omnium</span> <span class='ocrx_word' id='word_1_96' title='bbox 509 2844 542 2902; x_wconf 90' lang='lat' dir='ltr'>et</span> <span class='ocrx_word' id='word_1_97' title='bbox 572 2838 767 2921; x_wconf 82' lang='lat' dir='ltr'>singulorum</span> <span class='ocrx_word' id='word_1_98' title='bbox 798 2839 1021 2904; x_wconf 84' lang='lat' dir='ltr'>beneficiorum</span> <span class='ocrx_word' id='word_1_99' title='bbox 1044 2841 1331 2904; x_wconf 87' lang='lat' dir='ltr'>ecclesiasticorum</span> <span class='ocrx_word' id='word_1_100' title='bbox 1363 2858 1421 2904; x_wconf 90' lang='lat' dir='ltr'>nec</span> <span class='ocrx_word' id='word_1_101' title='bbox 1452 2859 1512 2904; x_wconf 92' lang='lat' dir='ltr'>uon</span> <span class='ocrx_word' id='word_1_102' title='bbox 1545 2841 1743 2923; x_wconf 81' lang='lat' dir='ltr'>‹lignitetum,</span> 
     </span>
     <span class='ocr_line' id='line_1_13' title="bbox 244 2943 1742 3027; baseline 0.001 -19"><span class='ocrx_word' id='word_1_103' title='bbox 244 2950 478 3026; x_wconf 82' lang='lat' dir='ltr'>personatuum,</span> <span class='ocrx_word' id='word_1_104' title='bbox 511 2943 832 3023; x_wconf 82' lang='lat' dir='ltr'>administracionum,</span> <span class='ocrx_word' id='word_1_105' title='bbox 856 2944 1040 3024; x_wconf 89' lang='lat' dir='ltr'>officiorum,</span> <span class='ocrx_word' id='word_1_106' title='bbox 1069 2946 1275 3027; x_wconf 87' lang='lat' dir='ltr'>prioratuum,</span> <span class='ocrx_word' id='word_1_107' title='bbox 1299 2946 1528 3027; x_wconf 83' lang='lat' dir='ltr'>prebemlarum</span> <span class='ocrx_word' id='word_1_108' title='bbox 1554 2950 1587 3008; x_wconf 88' lang='lat' dir='ltr'>et</span> <span class='ocrx_word' id='word_1_109' title='bbox 1610 2945 1742 3010; x_wconf 87' lang='lat' dir='ltr'>aliorum</span> 
     </span>
     <span class='ocr_line' id='line_1_14' title="bbox 243 3048 1743 3133; baseline 0.001 -20"><span class='ocrx_word' id='word_1_110' title='bbox 243 3065 498 3130; x_wconf 86' lang='lat' dir='ltr'>quorumcunque</span> <span class='ocrx_word' id='word_1_111' title='bbox 529 3048 668 3113; x_wconf 85' lang='lat' dir='ltr'>locorum</span> <span class='ocrx_word' id='word_1_112' title='bbox 692 3049 990 3133; x_wconf 88' lang='lat' dir='ltr'>ecclesiasticorum,</span> <span class='ocrx_word' id='word_1_113' title='bbox 1022 3051 1211 3114; x_wconf 85' lang='lat' dir='ltr'>secularium</span> <span class='ocrx_word' id='word_1_114' title='bbox 1236 3057 1269 3114; x_wconf 91' lang='lat' dir='ltr'>et</span> <span class='ocrx_word' id='word_1_115' title='bbox 1291 3051 1494 3132; x_wconf 80' lang='lat' dir='ltr'>regularium,</span> <span class='ocrx_word' id='word_1_116' title='bbox 1526 3056 1743 3131; x_wconf 84' lang='lat' dir='ltr'>euernptorum</span> 
     </span>
     <span class='ocr_line' id='line_1_15' title="bbox 243 3154 1743 3237; baseline 0.001 -20"><span class='ocrx_word' id='word_1_117' title='bbox 243 3159 276 3218; x_wconf 88' lang='lat' dir='ltr'>et</span> <span class='ocrx_word' id='word_1_118' title='bbox 299 3172 361 3218; x_wconf 92' lang='lat' dir='ltr'>non</span> <span class='ocrx_word' id='word_1_119' title='bbox 384 3158 611 3234; x_wconf 82' lang='lat' dir='ltr'>exemptarum,</span> <span class='ocrx_word' id='word_1_120' title='bbox 643 3172 713 3217; x_wconf 91' lang='lat' dir='ltr'>cum</span> <span class='ocrx_word' id='word_1_121' title='bbox 736 3173 810 3218; x_wconf 81' lang='lat' dir='ltr'>cum</span> <span class='ocrx_word' id='word_1_122' title='bbox 833 3155 884 3218; x_wconf 91' lang='lat' dir='ltr'>vel</span> <span class='ocrx_word' id='word_1_123' title='bbox 908 3155 976 3218; x_wconf 90' lang='lat' dir='ltr'>sine</span> <span class='ocrx_word' id='word_1_124' title='bbox 1001 3174 1085 3237; x_wconf 88' lang='lat' dir='ltr'>cura,</span> <span class='ocrx_word' id='word_1_125' title='bbox 1117 3173 1177 3236; x_wconf 89' lang='lat' dir='ltr'>que</span> <span class='ocrx_word' id='word_1_126' title='bbox 1208 3155 1292 3235; x_wconf 91' lang='lat' dir='ltr'>apud</span> <span class='ocrx_word' id='word_1_127' title='bbox 1324 3155 1433 3218; x_wconf 91' lang='lat' dir='ltr'>sedem</span> <span class='ocrx_word' id='word_1_128' title='bbox 1464 3154 1669 3235; x_wconf 91' lang='lat' dir='ltr'>apostolicam</span> <span class='ocrx_word' id='word_1_129' title='bbox 1692 3154 1743 3219; x_wconf 86' lang='lat' dir='ltr'>uel</span> 
     </span>
     <span class='ocr_line' id='line_1_16' title="bbox 243 3257 1741 3340; baseline -0.001 -17"><span class='ocrx_word' id='word_1_130' title='bbox 243 3258 419 3339; x_wconf 84' lang='lat' dir='ltr'>ubieunque</span> <span class='ocrx_word' id='word_1_131' title='bbox 443 3259 528 3340; x_wconf 92' lang='lat' dir='ltr'>alibi,</span> <span class='ocrx_word' id='word_1_132' title='bbox 551 3258 591 3323; x_wconf 91' lang='lat' dir='ltr'>ad</span> <span class='ocrx_word' id='word_1_133' title='bbox 614 3258 857 3340; x_wconf 91' lang='lat' dir='ltr'>disposicionem</span> <span class='ocrx_word' id='word_1_134' title='bbox 882 3259 966 3323; x_wconf 86' lang='lat' dir='ltr'>dicto</span> <span class='ocrx_word' id='word_1_135' title='bbox 990 3260 1076 3323; x_wconf 88' lang='lat' dir='ltr'>sedis</span> <span class='ocrx_word' id='word_1_136' title='bbox 1107 3277 1145 3323; x_wconf 83' lang='lat' dir='ltr'>ex</span> <span class='ocrx_word' id='word_1_137' title='bbox 1169 3259 1300 3339; x_wconf 87' lang='lat' dir='ltr'>speciali</span> <span class='ocrx_word' id='word_1_138' title='bbox 1325 3259 1374 3321; x_wconf 87' lang='lat' dir='ltr'>rel</span> <span class='ocrx_word' id='word_1_139' title='bbox 1399 3258 1539 3340; x_wconf 78' lang='lat' dir='ltr'>garrerali</span> <span class='ocrx_word' id='word_1_140' title='bbox 1571 3258 1647 3323; x_wconf 90' lang='lat' dir='ltr'>dicti</span> <span class='ocrx_word' id='word_1_141' title='bbox 1671 3257 1741 3322; x_wconf 87' lang='lat' dir='ltr'>Cle-</span> 
     </span>
     <span class='ocr_line' id='line_1_17' title="bbox 243 3362 1742 3446; baseline 0.001 -21"><span class='ocrx_word' id='word_1_142' title='bbox 243 3362 357 3426; x_wconf 90' lang='lat' dir='ltr'>mentis</span> <span class='ocrx_word' id='word_1_143' title='bbox 381 3363 430 3427; x_wconf 86' lang='lat' dir='ltr'>vel</span> <span class='ocrx_word' id='word_1_144' title='bbox 455 3364 587 3429; x_wconf 88' lang='lat' dir='ltr'>aliorum</span> <span class='ocrx_word' id='word_1_145' title='bbox 610 3363 870 3446; x_wconf 88' lang='lat' dir='ltr'>predecessorum</span> <span class='ocrx_word' id='word_1_146' title='bbox 895 3383 1031 3437; x_wconf 86' lang='lat' dir='ltr'>suorum,</span> <span class='ocrx_word' id='word_1_147' title='bbox 1063 3363 1270 3428; x_wconf 83' lang='lat' dir='ltr'>ltornanoruur</span> <span class='ocrx_word' id='word_1_148' title='bbox 1299 3362 1491 3444; x_wconf 84' lang='lat' dir='ltr'>pontificum,</span> <span class='ocrx_word' id='word_1_149' title='bbox 1523 3363 1742 3427; x_wconf 90' lang='lat' dir='ltr'>reservacioue</span> 
     </span>
     <span class='ocr_line' id='line_1_18' title="bbox 244 3467 1741 3549; baseline 0.001 -19"><span class='ocrx_word' id='word_1_150' title='bbox 244 3468 433 3549; x_wconf 87' lang='lat' dir='ltr'>spectancia,</span> <span class='ocrx_word' id='word_1_151' title='bbox 456 3475 531 3533; x_wconf 90' lang='lat' dir='ltr'>tunc</span> <span class='ocrx_word' id='word_1_152' title='bbox 547 3469 710 3546; x_wconf 84' lang='lat' dir='ltr'>vacabant,</span> <span class='ocrx_word' id='word_1_153' title='bbox 732 3475 765 3532; x_wconf 89' lang='lat' dir='ltr'>et</span> <span class='ocrx_word' id='word_1_154' title='bbox 788 3486 848 3548; x_wconf 76' lang='lat' dir='ltr'>clue</span> <span class='ocrx_word' id='word_1_155' title='bbox 872 3474 1110 3548; x_wconf 81' lang='lat' dir='ltr'>extuncusque</span> <span class='ocrx_word' id='word_1_156' title='bbox 1134 3468 1172 3531; x_wconf 89' lang='lat' dir='ltr'>ad</span> <span class='ocrx_word' id='word_1_157' title='bbox 1197 3469 1275 3530; x_wconf 75' lang='lat' dir='ltr'>‹lurrrs</span> <span class='ocrx_word' id='word_1_158' title='bbox 1299 3485 1397 3531; x_wconf 81' lang='lat' dir='ltr'>rrrrrros</span> <span class='ocrx_word' id='word_1_159' title='bbox 1421 3485 1533 3530; x_wconf 88' lang='lat' dir='ltr'>vacare</span> <span class='ocrx_word' id='word_1_160' title='bbox 1561 3467 1741 3549; x_wconf 83' lang='lat' dir='ltr'>eontigerit,</span> 
     </span>
     <span class='ocr_line' id='line_1_19' title="bbox 243 3571 1741 3653; baseline 0.001 -20"><span class='ocrx_word' id='word_1_161' title='bbox 243 3571 395 3652; x_wconf 87' lang='lat' dir='ltr'>ecclesiis,</span> <span class='ocrx_word' id='word_1_162' title='bbox 418 3572 630 3653; x_wconf 89' lang='lat' dir='ltr'>monasteriis,</span> <span class='ocrx_word' id='word_1_163' title='bbox 653 3572 861 3652; x_wconf 77' lang='lat' dir='ltr'>dignitatibus</span> <span class='ocrx_word' id='word_1_164' title='bbox 884 3578 917 3636; x_wconf 88' lang='lat' dir='ltr'>et</span> <span class='ocrx_word' id='word_1_165' title='bbox 934 3571 1096 3635; x_wconf 86' lang='lat' dir='ltr'>beneficiis</span> <span class='ocrx_word' id='word_1_166' title='bbox 1112 3573 1298 3653; x_wconf 84' lang='lat' dir='ltr'>subscriptis</span> <span class='ocrx_word' id='word_1_167' title='bbox 1316 3571 1481 3635; x_wconf 86' lang='lat' dir='ltr'>dumtaxat</span> <span class='ocrx_word' id='word_1_168' title='bbox 1496 3571 1649 3653; x_wconf 89' lang='lat' dir='ltr'>exceptis,</span> <span class='ocrx_word' id='word_1_169' title='bbox 1670 3590 1741 3652; x_wconf 89' lang='lat' dir='ltr'>per-</span> 
     </span>
     <span class='ocr_line' id='line_1_20' title="bbox 243 3675 1740 3757; baseline 0.001 -20"><span class='ocrx_word' id='word_1_170' title='bbox 243 3675 404 3757; x_wconf 89' lang='lat' dir='ltr'>cipiendos</span> <span class='ocrx_word' id='word_1_171' title='bbox 427 3677 528 3742; x_wconf 88' lang='lat' dir='ltr'>modis</span> <span class='ocrx_word' id='word_1_172' title='bbox 558 3675 769 3757; x_wconf 86' lang='lat' dir='ltr'>infrascriptis</span> <span class='ocrx_word' id='word_1_173' title='bbox 799 3682 833 3739; x_wconf 88' lang='lat' dir='ltr'>et</span> <span class='ocrx_word' id='word_1_174' title='bbox 862 3676 894 3739; x_wconf 90' lang='lat' dir='ltr'>iu</span> <span class='ocrx_word' id='word_1_175' title='bbox 918 3676 1222 3757; x_wconf 74' lang='lat' dir='ltr'>suppo-meorum&gt;</span> <span class='ocrx_word' id='word_1_176' title='bbox 1247 3675 1424 3740; x_wconf 83' lang='lat' dir='ltr'>huiusmodi</span> <span class='ocrx_word' id='word_1_177' title='bbox 1449 3693 1579 3738; x_wconf 90' lang='lat' dir='ltr'>onerum</span> <span class='ocrx_word' id='word_1_178' title='bbox 1612 3693 1740 3741; x_wconf 89' lang='lat' dir='ltr'>cormer-</span> 
     </span>
     <span class='ocr_line' id='line_1_21' title="bbox 242 3777 1741 3862; baseline 0 -20"><span class='ocrx_word' id='word_1_179' title='bbox 242 3779 384 3855; x_wconf 75' lang='lat' dir='ltr'>rendae&gt;</span> <span class='ocrx_word' id='word_1_180' title='bbox 408 3781 598 3846; x_wconf 82' lang='lat' dir='ltr'>arroteritate</span> <span class='ocrx_word' id='word_1_181' title='bbox 629 3781 803 3862; x_wconf 90' lang='lat' dir='ltr'>apostolica</span> <span class='ocrx_word' id='word_1_182' title='bbox 834 3780 985 3844; x_wconf 88' lang='lat' dir='ltr'>videlieet</span> <span class='ocrx_word' id='word_1_183' title='bbox 1011 3779 1104 3844; x_wconf 81' lang='lat' dir='ltr'>Xllll</span> <span class='ocrx_word' id='word_1_184' title='bbox 1127 3779 1188 3843; x_wconf 84' lang='lat' dir='ltr'>kal.</span> <span class='ocrx_word' id='word_1_185' title='bbox 1220 3779 1306 3842; x_wconf 74' lang='lat' dir='ltr'>‚lunii</span> <span class='ocrx_word' id='word_1_186' title='bbox 1337 3778 1539 3860; x_wconf 81' lang='lat' dir='ltr'>pontificatus</span> <span class='ocrx_word' id='word_1_187' title='bbox 1570 3779 1646 3843; x_wconf 87' lang='lat' dir='ltr'>dicti</span> <span class='ocrx_word' id='word_1_188' title='bbox 1671 3777 1741 3842; x_wconf 84' lang='lat' dir='ltr'>Cle-</span> 
     </span>
     <span class='ocr_line' id='line_1_22' title="bbox 242 3883 1741 3967; baseline 0.001 -21"><span class='ocrx_word' id='word_1_189' title='bbox 242 3885 357 3948; x_wconf 88' lang='lat' dir='ltr'>ruentis</span> <span class='ocrx_word' id='word_1_190' title='bbox 380 3884 617 3967; x_wconf 85' lang='lat' dir='ltr'>predecessoris</span> <span class='ocrx_word' id='word_1_191' title='bbox 648 3903 729 3949; x_wconf 92' lang='lat' dir='ltr'>anuo</span> <span class='ocrx_word' id='word_1_192' title='bbox 752 3883 887 3965; x_wconf 69' lang='lat' dir='ltr'>priurob</span> <span class='ocrx_word' id='word_1_193' title='bbox 912 3884 1086 3947; x_wconf 86' lang='lat' dir='ltr'>reservavit</span> <span class='ocrx_word' id='word_1_194' title='bbox 1117 3890 1151 3947; x_wconf 88' lang='lat' dir='ltr'>et</span> <span class='ocrx_word' id='word_1_195' title='bbox 1180 3884 1283 3947; x_wconf 81' lang='lat' dir='ltr'>eirlem</span> <span class='ocrx_word' id='word_1_196' title='bbox 1316 3901 1438 3946; x_wconf 88' lang='lat' dir='ltr'>caurere</span> <span class='ocrx_word' id='word_1_197' title='bbox 1469 3902 1525 3963; x_wconf 94' lang='lat' dir='ltr'>pro</span> <span class='ocrx_word' id='word_1_198' title='bbox 1549 3883 1741 3964; x_wconf 88' lang='lat' dir='ltr'>supradictis</span> 
     </span>
     <span class='ocr_line' id='line_1_23' title="bbox 243 3987 1742 4071; baseline 0.002 -21"><span class='ocrx_word' id='word_1_199' title='bbox 243 3989 351 4052; x_wconf 88' lang='lat' dir='ltr'>utilius</span> <span class='ocrx_word' id='word_1_200' title='bbox 375 3989 600 4071; x_wconf 84' lang='lat' dir='ltr'>supportandis</span> <span class='ocrx_word' id='word_1_201' title='bbox 624 3989 772 4053; x_wconf 85' lang='lat' dir='ltr'>oneribus</span> <span class='ocrx_word' id='word_1_202' title='bbox 795 3989 975 4071; x_wconf 85' lang='lat' dir='ltr'>applicavit,</span> <span class='ocrx_word' id='word_1_203' title='bbox 1000 4007 1061 4051; x_wconf 91' lang='lat' dir='ltr'>nou</span> <span class='ocrx_word' id='word_1_204' title='bbox 1078 3989 1276 4052; x_wconf 83' lang='lat' dir='ltr'>obstantibus</span> <span class='ocrx_word' id='word_1_205' title='bbox 1293 3987 1530 4068; x_wconf 85' lang='lat' dir='ltr'>‹prilmscuuque</span> <span class='ocrx_word' id='word_1_206' title='bbox 1555 3988 1685 4051; x_wconf 89' lang='lat' dir='ltr'>statutis</span> <span class='ocrx_word' id='word_1_207' title='bbox 1708 3994 1742 4053; x_wconf 91' lang='lat' dir='ltr'>et</span> 
     </span>
     <span class='ocr_line' id='line_1_24' title="bbox 242 4092 1739 4172; baseline 0.001 -17"><span class='ocrx_word' id='word_1_208' title='bbox 242 4094 522 4158; x_wconf 90' lang='lat' dir='ltr'>consuetudinibus</span> <span class='ocrx_word' id='word_1_209' title='bbox 538 4093 753 4171; x_wconf 87' lang='lat' dir='ltr'>ecclesiarum,</span> <span class='ocrx_word' id='word_1_210' title='bbox 769 4094 1030 4157; x_wconf 89' lang='lat' dir='ltr'>rnormsteriorum</span> <span class='ocrx_word' id='word_1_211' title='bbox 1047 4101 1081 4155; x_wconf 87' lang='lat' dir='ltr'>et</span> <span class='ocrx_word' id='word_1_212' title='bbox 1096 4093 1243 4167; x_wconf 90' lang='lat' dir='ltr'>locorum,</span> <span class='ocrx_word' id='word_1_213' title='bbox 1267 4093 1299 4155; x_wconf 93' lang='lat' dir='ltr'>in</span> <span class='ocrx_word' id='word_1_214' title='bbox 1316 4093 1430 4172; x_wconf 81' lang='lat' dir='ltr'>ruribus</span> <span class='ocrx_word' id='word_1_215' title='bbox 1447 4092 1627 4157; x_wconf 90' lang='lat' dir='ltr'>huiusmodi</span> <span class='ocrx_word' id='word_1_216' title='bbox 1644 4094 1739 4157; x_wconf 89' lang='lat' dir='ltr'>bene·</span> 
     </span>
     <span class='ocr_line' id='line_1_25' title="bbox 242 4194 1739 4280; baseline 0.001 -21"><span class='ocrx_word' id='word_1_217' title='bbox 242 4194 319 4278; x_wconf 83' lang='lat' dir='ltr'>licia,</span> <span class='ocrx_word' id='word_1_218' title='bbox 342 4198 525 4279; x_wconf 76' lang='lat' dir='ltr'>dignitates,</span> <span class='ocrx_word' id='word_1_219' title='bbox 550 4203 748 4280; x_wconf 89' lang='lat' dir='ltr'>personatus,</span> <span class='ocrx_word' id='word_1_220' title='bbox 773 4197 1077 4273; x_wconf 74' lang='lat' dir='ltr'>arlruinistracioues</span> <span class='ocrx_word' id='word_1_221' title='bbox 1095 4197 1263 4278; x_wconf 82' lang='lat' dir='ltr'>prioratus,</span> <span class='ocrx_word' id='word_1_222' title='bbox 1281 4194 1384 4259; x_wconf 82' lang='lat' dir='ltr'>officia</span> <span class='ocrx_word' id='word_1_223' title='bbox 1399 4203 1433 4260; x_wconf 92' lang='lat' dir='ltr'>et</span> <span class='ocrx_word' id='word_1_224' title='bbox 1450 4197 1609 4277; x_wconf 89' lang='lat' dir='ltr'>prebende</span> <span class='ocrx_word' id='word_1_225' title='bbox 1626 4196 1739 4277; x_wconf 89' lang='lat' dir='ltr'>forent,</span> 
     </span>
     <span class='ocr_line' id='line_1_26' title="bbox 241 4300 1739 4384; baseline 0.001 -21"><span class='ocrx_word' id='word_1_226' title='bbox 241 4302 416 4383; x_wconf 72' lang='lat' dir='ltr'>corruerim,</span> <span class='ocrx_word' id='word_1_227' title='bbox 439 4303 627 4380; x_wconf 87' lang='lat' dir='ltr'>iuramento,</span> <span class='ocrx_word' id='word_1_228' title='bbox 650 4300 889 4367; x_wconf 84' lang='lat' dir='ltr'>confirmacione</span> <span class='ocrx_word' id='word_1_229' title='bbox 913 4302 1086 4384; x_wconf 90' lang='lat' dir='ltr'>apostolica</span> <span class='ocrx_word' id='word_1_230' title='bbox 1109 4302 1159 4364; x_wconf 84' lang='lat' dir='ltr'>sel</span> <span class='ocrx_word' id='word_1_231' title='bbox 1184 4320 1368 4381; x_wconf 83' lang='lat' dir='ltr'>qrrnrmnpro</span> <span class='ocrx_word' id='word_1_232' title='bbox 1392 4302 1541 4365; x_wconf 88' lang='lat' dir='ltr'>lirruitate</span> <span class='ocrx_word' id='word_1_233' title='bbox 1565 4301 1627 4364; x_wconf 89' lang='lat' dir='ltr'>alia</span> <span class='ocrx_word' id='word_1_234' title='bbox 1650 4303 1739 4365; x_wconf 88' lang='lat' dir='ltr'>robo-</span> 
     </span>
     <span class='ocr_line' id='line_1_27' title="bbox 242 4405 1739 4487; baseline 0 -19"><span class='ocrx_word' id='word_1_235' title='bbox 242 4405 325 4483; x_wconf 80' lang='lat' dir='ltr'>ratis,</span> <span class='ocrx_word' id='word_1_236' title='bbox 356 4412 412 4470; x_wconf 90' lang='lat' dir='ltr'>aut</span> <span class='ocrx_word' id='word_1_237' title='bbox 435 4406 462 4470; x_wconf 90' lang='lat' dir='ltr'>si</span> <span class='ocrx_word' id='word_1_238' title='bbox 484 4406 615 4487; x_wconf 79' lang='lat' dir='ltr'>ferretus,</span> <span class='ocrx_word' id='word_1_239' title='bbox 646 4406 789 4471; x_wconf 90' lang='lat' dir='ltr'>redditus</span> <span class='ocrx_word' id='word_1_240' title='bbox 820 4414 854 4469; x_wconf 89' lang='lat' dir='ltr'>ot</span> <span class='ocrx_word' id='word_1_241' title='bbox 885 4413 1057 4486; x_wconf 88' lang='lat' dir='ltr'>proventus</span> <span class='ocrx_word' id='word_1_242' title='bbox 1087 4406 1266 4469; x_wconf 90' lang='lat' dir='ltr'>huiusmodi</span> <span class='ocrx_word' id='word_1_243' title='bbox 1299 4406 1390 4469; x_wconf 90' lang='lat' dir='ltr'>ouius</span> <span class='ocrx_word' id='word_1_244' title='bbox 1414 4407 1486 4468; x_wconf 73' lang='lat' dir='ltr'>currui</span> <span class='ocrx_word' id='word_1_245' title='bbox 1511 4423 1549 4468; x_wconf 87' lang='lat' dir='ltr'>ex</span> <span class='ocrx_word' id='word_1_246' title='bbox 1573 4405 1739 4487; x_wconf 79' lang='lat' dir='ltr'>privilegio</span> 
     </span>
     <span class='ocr_line' id='line_1_28' title="bbox 241 4509 1738 4589; baseline 0.001 -18"><span class='ocrx_word' id='word_1_247' title='bbox 241 4509 324 4573; x_wconf 88' lang='lat' dir='ltr'>dicte</span> <span class='ocrx_word' id='word_1_248' title='bbox 348 4510 433 4574; x_wconf 92' lang='lat' dir='ltr'>sedis</span> <span class='ocrx_word' id='word_1_249' title='bbox 457 4511 508 4575; x_wconf 87' lang='lat' dir='ltr'>rel</span> <span class='ocrx_word' id='word_1_250' title='bbox 531 4512 570 4575; x_wconf 89' lang='lat' dir='ltr'>de</span> <span class='ocrx_word' id='word_1_251' title='bbox 587 4512 665 4589; x_wconf 89' lang='lat' dir='ltr'>iure,</span> <span class='ocrx_word' id='word_1_252' title='bbox 689 4510 917 4576; x_wconf 87' lang='lat' dir='ltr'>consuetudine</span> <span class='ocrx_word' id='word_1_253' title='bbox 942 4517 997 4573; x_wconf 90' lang='lat' dir='ltr'>aut</span> <span class='ocrx_word' id='word_1_254' title='bbox 1020 4516 1140 4574; x_wconf 86' lang='lat' dir='ltr'>statuto</span> <span class='ocrx_word' id='word_1_255' title='bbox 1164 4510 1257 4573; x_wconf 90' lang='lat' dir='ltr'>alicui</span> <span class='ocrx_word' id='word_1_256' title='bbox 1283 4509 1331 4571; x_wconf 81' lang='lat' dir='ltr'>rel</span> <span class='ocrx_word' id='word_1_257' title='bbox 1356 4510 1513 4588; x_wconf 83' lang='lat' dir='ltr'>aliquibus</span> <span class='ocrx_word' id='word_1_258' title='bbox 1537 4510 1738 4586; x_wconf 79' lang='lat' dir='ltr'>‹leber-entur,</span> 
     </span>
     <span class='ocr_line' id='line_1_29' title="bbox 241 4613 1739 4695; baseline 0.002 -19"><span class='ocrx_word' id='word_1_259' title='bbox 241 4613 307 4677; x_wconf 88' lang='lat' dir='ltr'>sive</span> <span class='ocrx_word' id='word_1_260' title='bbox 330 4613 448 4678; x_wconf 70' lang='lat' dir='ltr'>fabrae</span> <span class='ocrx_word' id='word_1_261' title='bbox 472 4615 687 4694; x_wconf 86' lang='lat' dir='ltr'>ecelesiarum,</span> <span class='ocrx_word' id='word_1_262' title='bbox 710 4614 970 4679; x_wconf 86' lang='lat' dir='ltr'>rnorrusteriormn</span> <span class='ocrx_word' id='word_1_263' title='bbox 995 4621 1028 4677; x_wconf 89' lang='lat' dir='ltr'>et</span> <span class='ocrx_word' id='word_1_264' title='bbox 1050 4615 1190 4679; x_wconf 86' lang='lat' dir='ltr'>locorum</span> <span class='ocrx_word' id='word_1_265' title='bbox 1214 4614 1426 4694; x_wconf 72' lang='lat' dir='ltr'>utrorumlibet</span> <span class='ocrx_word' id='word_1_266' title='bbox 1456 4633 1514 4695; x_wconf 78' lang='lat' dir='ltr'>pm</span> <span class='ocrx_word' id='word_1_267' title='bbox 1536 4633 1739 4695; x_wconf 86' lang='lat' dir='ltr'>quoscunque</span> 
     </span>
     <span class='ocr_line' id='line_1_30' title="bbox 242 4718 1739 4800; baseline 0.001 -19"><span class='ocrx_word' id='word_1_268' title='bbox 242 4718 382 4782; x_wconf 74' lang='lat' dir='ltr'>corucessi</span> <span class='ocrx_word' id='word_1_269' title='bbox 406 4718 544 4783; x_wconf 89' lang='lat' dir='ltr'>fuissent</span> <span class='ocrx_word' id='word_1_270' title='bbox 567 4736 622 4783; x_wconf 90' lang='lat' dir='ltr'>seu</span> <span class='ocrx_word' id='word_1_271' title='bbox 646 4718 745 4782; x_wconf 88' lang='lat' dir='ltr'>eciam</span> <span class='ocrx_word' id='word_1_272' title='bbox 770 4718 925 4800; x_wconf 71' lang='lat' dir='ltr'>‹leputati</span> <span class='ocrx_word' id='word_1_273' title='bbox 950 4725 1005 4780; x_wconf 77' lang='lat' dir='ltr'>aab</span> <span class='ocrx_word' id='word_1_274' title='bbox 1020 4719 1219 4798; x_wconf 78' lang='lat' dir='ltr'>eorrtingeret</span> <span class='ocrx_word' id='word_1_275' title='bbox 1242 4718 1345 4781; x_wconf 93' lang='lat' dir='ltr'>medio</span> <span class='ocrx_word' id='word_1_276' title='bbox 1369 4725 1511 4799; x_wconf 80' lang='lat' dir='ltr'>tompore</span> <span class='ocrx_word' id='word_1_277' title='bbox 1534 4720 1664 4783; x_wconf 83' lang='lat' dir='ltr'>correedi</span> <span class='ocrx_word' id='word_1_278' title='bbox 1689 4720 1739 4783; x_wconf 87' lang='lat' dir='ltr'>vel</span> 
     </span>
     <span class='ocr_line' id='line_1_31' title="bbox 241 4821 1738 4904; baseline 0.001 -20"><span class='ocrx_word' id='word_1_279' title='bbox 241 4821 339 4885; x_wconf 85' lang='lat' dir='ltr'>eciam</span> <span class='ocrx_word' id='word_1_280' title='bbox 363 4823 520 4904; x_wconf 90' lang='lat' dir='ltr'>deputari,</span> <span class='ocrx_word' id='word_1_281' title='bbox 545 4841 602 4887; x_wconf 91' lang='lat' dir='ltr'>seu</span> <span class='ocrx_word' id='word_1_282' title='bbox 625 4823 651 4886; x_wconf 89' lang='lat' dir='ltr'>si</span> <span class='ocrx_word' id='word_1_283' title='bbox 673 4821 809 4886; x_wconf 87' lang='lat' dir='ltr'>fuissent</span> <span class='ocrx_word' id='word_1_284' title='bbox 831 4822 862 4886; x_wconf 90' lang='lat' dir='ltr'>iu</span> <span class='ocrx_word' id='word_1_285' title='bbox 879 4840 955 4885; x_wconf 92' lang='lat' dir='ltr'>usus</span> <span class='ocrx_word' id='word_1_286' title='bbox 979 4822 1058 4885; x_wconf 90' lang='lat' dir='ltr'>nlius</span> <span class='ocrx_word' id='word_1_287' title='bbox 1075 4823 1289 4902; x_wconf 84' lang='lat' dir='ltr'>corrnertoudi,</span> <span class='ocrx_word' id='word_1_288' title='bbox 1313 4829 1347 4885; x_wconf 93' lang='lat' dir='ltr'>et</span> <span class='ocrx_word' id='word_1_289' title='bbox 1364 4823 1472 4901; x_wconf 89' lang='lat' dir='ltr'>voluit,</span> <span class='ocrx_word' id='word_1_290' title='bbox 1500 4824 1593 4904; x_wconf 69' lang='lat' dir='ltr'>clareii,</span> <span class='ocrx_word' id='word_1_291' title='bbox 1611 4825 1636 4888; x_wconf 91' lang='lat' dir='ltr'>si</span> <span class='ocrx_word' id='word_1_292' title='bbox 1654 4824 1738 4887; x_wconf 91' lang='lat' dir='ltr'>ideur</span> 
     </span>
     <span class='ocr_line' id='line_1_32' title="bbox 241 4924 1739 5008; baseline 0.003 -20"><span class='ocrx_word' id='word_1_293' title='bbox 241 4924 425 4990; x_wconf 88' lang='lat' dir='ltr'>berrelicium</span> <span class='ocrx_word' id='word_1_294' title='bbox 457 4926 505 4991; x_wconf 88' lang='lat' dir='ltr'>bis</span> <span class='ocrx_word' id='word_1_295' title='bbox 536 4927 586 4991; x_wconf 82' lang='lat' dir='ltr'>vel</span> <span class='ocrx_word' id='word_1_296' title='bbox 618 4927 737 5007; x_wconf 89' lang='lat' dir='ltr'>pluries</span> <span class='ocrx_word' id='word_1_297' title='bbox 760 4927 872 4990; x_wconf 90' lang='lat' dir='ltr'>eodem</span> <span class='ocrx_word' id='word_1_298' title='bbox 896 4946 977 4991; x_wconf 86' lang='lat' dir='ltr'>arruo</span> <span class='ocrx_word' id='word_1_299' title='bbox 1001 4934 1137 5007; x_wconf 65' lang='lat' dir='ltr'>vesceret,</span> <span class='ocrx_word' id='word_1_300' title='bbox 1163 4945 1223 4991; x_wconf 93' lang='lat' dir='ltr'>non</span> <span class='ocrx_word' id='word_1_301' title='bbox 1248 4927 1307 4989; x_wconf 82' lang='lat' dir='ltr'>uisi</span> <span class='ocrx_word' id='word_1_302' title='bbox 1328 4928 1426 4991; x_wconf 89' lang='lat' dir='ltr'>semol</span> <span class='ocrx_word' id='word_1_303' title='bbox 1443 4927 1571 5008; x_wconf 79' lang='lat' dir='ltr'>linuatus,</span> <span class='ocrx_word' id='word_1_304' title='bbox 1595 4929 1739 4993; x_wconf 87' lang='lat' dir='ltr'>redditus</span> 
     </span>
     <span class='ocr_line' id='line_1_33' title="bbox 241 5030 1738 5112; baseline 0.002 -21"><span class='ocrx_word' id='word_1_305' title='bbox 241 5034 274 5092; x_wconf 91' lang='lat' dir='ltr'>et</span> <span class='ocrx_word' id='word_1_306' title='bbox 296 5033 467 5111; x_wconf 86' lang='lat' dir='ltr'>proventus</span> <span class='ocrx_word' id='word_1_307' title='bbox 498 5030 585 5095; x_wconf 89' lang='lat' dir='ltr'>illius</span> <span class='ocrx_word' id='word_1_308' title='bbox 615 5031 704 5094; x_wconf 84' lang='lat' dir='ltr'>iuxta</span> <span class='ocrx_word' id='word_1_309' title='bbox 734 5031 931 5094; x_wconf 81' lang='lat' dir='ltr'>tnraciouern</span> <span class='ocrx_word' id='word_1_310' title='bbox 962 5031 1083 5094; x_wconf 88' lang='lat' dir='ltr'>decime</span> <span class='ocrx_word' id='word_1_311' title='bbox 1115 5032 1342 5112; x_wconf 81' lang='lat' dir='ltr'>reciperentur,</span> <span class='ocrx_word' id='word_1_312' title='bbox 1374 5039 1410 5094; x_wconf 91' lang='lat' dir='ltr'>ut</span> <span class='ocrx_word' id='word_1_313' title='bbox 1433 5032 1556 5095; x_wconf 84' lang='lat' dir='ltr'>seilicet</span> <span class='ocrx_word' id='word_1_314' title='bbox 1579 5051 1738 5109; x_wconf 80' lang='lat' dir='ltr'>surmrmm,</span> 
     </span>
     <span class='ocr_line' id='line_1_34' title="bbox 241 5133 1738 5215; baseline 0.003 -20"><span class='ocrx_word' id='word_1_315' title='bbox 241 5151 296 5214; x_wconf 93' lang='lat' dir='ltr'>pro</span> <span class='ocrx_word' id='word_1_316' title='bbox 326 5152 387 5213; x_wconf 87' lang='lat' dir='ltr'>qua</span> <span class='ocrx_word' id='word_1_317' title='bbox 418 5135 660 5215; x_wconf 85' lang='lat' dir='ltr'>umuuquodque</span> <span class='ocrx_word' id='word_1_318' title='bbox 691 5133 914 5197; x_wconf 71' lang='lat' dir='ltr'>beneficiorum</span> <span class='ocrx_word' id='word_1_319' title='bbox 954 5134 1092 5214; x_wconf 87' lang='lat' dir='ltr'>ipsorum</span> <span class='ocrx_word' id='word_1_320' title='bbox 1131 5134 1163 5196; x_wconf 93' lang='lat' dir='ltr'>in</span> <span class='ocrx_word' id='word_1_321' title='bbox 1194 5134 1315 5197; x_wconf 72' lang='lat' dir='ltr'>‹lircime</span> <span class='ocrx_word' id='word_1_322' title='bbox 1356 5134 1515 5198; x_wconf 82' lang='lat' dir='ltr'>solrrrioue</span> <span class='ocrx_word' id='word_1_323' title='bbox 1541 5142 1738 5212; x_wconf 65' lang='lat' dir='ltr'>turaroturb,</span> 
     </span>
     <span class='ocr_line' id='line_1_35' title="bbox 242 5238 1737 5323; baseline -0.001 -22"><span class='ocrx_word' id='word_1_324' title='bbox 242 5256 365 5303; x_wconf 86' lang='lat' dir='ltr'>enrrrera</span> <span class='ocrx_word' id='word_1_325' title='bbox 388 5238 531 5323; x_wconf 86' lang='lat' dir='ltr'>predicta</span> <span class='ocrx_word' id='word_1_326' title='bbox 555 5241 743 5321; x_wconf 88' lang='lat' dir='ltr'>perciperet,</span> <span class='ocrx_word' id='word_1_327' title='bbox 766 5238 856 5302; x_wconf 90' lang='lat' dir='ltr'>totali</span> <span class='ocrx_word' id='word_1_328' title='bbox 881 5239 1008 5301; x_wconf 88' lang='lat' dir='ltr'>residuo</span> <span class='ocrx_word' id='word_1_329' title='bbox 1033 5239 1185 5302; x_wconf 69' lang='lat' dir='ltr'>inerrelieia</span> <span class='ocrx_word' id='word_1_330' title='bbox 1209 5239 1277 5318; x_wconf 87' lang='lat' dir='ltr'>ipsa</span> <span class='ocrx_word' id='word_1_331' title='bbox 1301 5239 1517 5302; x_wconf 87' lang='lat' dir='ltr'>obtinentibus</span> <span class='ocrx_word' id='word_1_332' title='bbox 1544 5247 1737 5314; x_wconf 77' lang='lat' dir='ltr'>rcruarreute,</span> 
     </span>
    </p>

    <p class='ocr_par' dir='ltr' id='par_1_4' title="bbox 1620 5362 1632 5408">
     <span class='ocr_line' id='line_1_36' title="bbox 1620 5362 1632 5408; baseline 0 0"><span class='ocrx_word' id='word_1_333' title='bbox 1620 5362 1632 5408; x_wconf 89' lang='lat'><em>1</em></span> 
     </span>
    </p>
   </div>
   <div class='ocr_carea' id='block_1_4' title="bbox 0 0 2000 6052">
    <p class='ocr_par' dir='ltr' id='par_1_5' title="bbox 0 0 2000 6052">
     <span class='ocr_line' id='line_1_37' title="bbox 0 0 2000 6052; baseline 0 3"><span class='ocrx_word' id='word_1_334' title='bbox 0 0 2000 6052; x_wconf 95' lang='lat' dir='ltr'> </span> 
     </span>
    </p>
   </div>
  </div>
 </body>
</html>
