3944 6060
242 440 379 511 xxvm

242 648 377 713 maome
400 646 557 712 fructuum
580 647 674 711 unius
706 647 781 710 anui
813 646 889 711 talis
922 644 1078 719 beneficii,
1112 644 1153 707 de
1182 662 1245 723 quo
1267 643 1298 706 ei
1321 642 1384 705 init
1405 644 1576 723 prouisum,
1600 645 1742 724 (atione

241 750 432 835 provisionis
453 750 514 815 sibi
538 749 641 814 iactae
674 750 715 815 oe
737 749 794 813 tali
818 747 986 826 beneficio)
1019 746 1104 812 inira
1135 746 1307 809 terminum
1339 745 1439 810 talem
1471 748 1531 810 sub
1563 747 1683 828 poenis
1707 756 1744 812 et

241 855 488 937 obligationibus
520 860 555 920 et
586 853 740 920 clausulis
761 852 924 920 consuetis
955 854 1041 932 (cum
1062 850 1257 933 obligatione
1279 850 1442 931 bonorum,
1465 850 1656 932 iuramento,
1689 869 1741 917 re

241 958 451 1041 nuntiatione,
482 958 693 1024 submissione
716 958 867 1022 bonorum
890 962 925 1020 et
947 954 1118 1020 sententiis
1140 953 1325 1025 coamens).
1364 953 1593 1020 Praesentibus
1614 954 1655 1020 N.
1680 955 1740 1020 N!

372 1061 444 1127 Alia
467 1060 576 1144 iorma,
598 1079 662 1143 qua
683 1060 895 1143 obligationes
918 1065 1106 1124 auratarum
1129 1057 1352 1122 solvendarum
1375 1057 1744 1136 monasterienses

241 1173 326 1233 erat:
353 1165 408 1248 ,a
432 1165 470 1233 N.
492 1164 556 1231 init
577 1164 740 1248 provisum
768 1163 827 1228 tali
856 1163 934 1228 data
966 1163 1006 1227 de
1036 1162 1094 1226 tali
1124 1161 1280 1226 beneficio
1298 1210 1305 1223 .
1326 1215 1332 1224 .
1351 1212 1386 1225 ..
1421 1160 1608 1243 Composuit
1630 1163 1684 1228 die
1706 1168 1744 1228 et

241 1288 324 1335 anno
352 1269 471 1335 talibus
500 1269 541 1335 ad
563 1269 699 1334 suediam
728 1273 852 1351 partem
880 1266 1038 1331 trucumm
1054 1315 1062 1328 .
1079 1319 1085 1328 .
1104 1317 1135 1328 ..
1167 1264 1350 1329 solvendam
1373 1283 1519 1329 camerae
1541 1265 1741 1347 apostolieae

240 1391 298 1456 pro
320 1372 449 1438 annuali
471 1372 554 1438 inira
575 1372 672 1437 talem
695 1372 881 1437 terminum:
912 1370 1139 1434 Praesentibus
1161 1368 1198 1432 N.
1222 1369 1282 1433 Νη*

369 1476 499 1543 Eisdem
523 1474 632 1542 lormis
653 1475 785 1541 mantis
799 1474 960 1540 mutandis
975 1492 1099 1538 ramera
1122 1474 1281 1550 utebatur,
1304 1472 1498 1555 siobligatio
1512 1491 1575 1538 non
1590 1491 1744 1555 persona·

239 1580 322 1664 liter,
344 1580 402 1646 sed
424 1597 483 1665 per
504 1584 727 1663 procuratores
750 1577 855 1643 tiebat.
892 1579 980 1644 Talis
1001 1583 1196 1661 procurator,
1229 1577 1264 1640 in
1285 1593 1321 1640 se
1343 1594 1425 1641 onus
1446 1577 1550 1642 debiti
1570 1577 1741 1659 recipiens,

239 1703 296 1768 pro
319 1683 508 1751 beneficiato
530 1683 677 1767 promisit
697 1700 733 1750 se
756 1690 905 1747 annatam
926 1699 1071 1746 camerae
1093 1680 1289 1762 apostolicae
1310 1680 1489 1745 soluturum
1511 1697 1596 1746 esse.

369 1789 406 1854 Iu
429 1786 491 1854 line
514 1787 776 1871 compositionum
809 1804 908 1869 saepe
930 1792 1025 1851 notae
1051 1785 1091 1849 de
1114 1785 1336 1865 prorogatione
1363 1785 1491 1849 termini
1514 1784 1662 1849 solvendi
1684 1784 1740 1849 ad·

238 1893 430 1961 scribuntur,

368 1996 458 2064 Coni.
482 2016 529 2062 ur.
555 1997 617 2063 ita
639 2003 674 2060 et
696 1997 768 2060 971.

368 2121 398 2186 2.
424 2116 622 2192 Qsttatiom
644 2116 1076 2185 &solemmacensis
1097 2124 1126 2182 et
1149 2123 1355 2185 numbram.
1390 2115 1592 2193 thationm
1625 2119 1667 2183 de
1689 2135 1741 2183 so·

238 2222 359 2290 lutione
382 2222 585 2289 servitiorum
607 2221 688 2287 hauc
710 2221 843 2287 formam
866 2221 1051 2288 habebant:
1080 2223 1268 2303 „Universis
1290 2231 1350 2286 etc.
1380 2221 1420 2287 N.
1444 2220 1482 2286 N.
1502 2269 1509 2283 .
1528 2272 1535 2285 .
1552 2273 1585 2287 ..
1620 2220 1741 2287 domini

238 2345 340 2412 papae
362 2326 555 2393 nemorosius
571 2377 578 2391 .
596 2376 604 2391 .
622 2379 653 2390 ..
685 2327 734 2392 Ad
757 2326 975 2392 universitatis
999 2333 1125 2392 vestrae
1148 2328 1294 2393 notitiam
1316 2333 1428 2392 tenore
1443 2326 1661 2408 praesentium
1682 2327 1739 2391 ‹le-

237 2430 391 2507 ducimns.
426 2429 509 2514 quod
533 2430 679 2497 dominus
701 2430 739 2496 N.
764 2431 802 2497 N.
837 2451 894 2513 pro
917 2436 1010 2515 parte
1033 2432 1083 2496 sui
1105 2432 1279 2497 communis
1312 2430 1437 2496 servitii
1468 2432 1539 2514 (pro
1562 2431 1657 2496 totali
1679 2448 1738 2496 suo

237 2536 394 2604 communi
416 2535 572 2620 servitio),
603 2537 636 2601 in
659 2554 721 2619 quo
738 2586 745 2600 .
764 2589 770 2601 .
788 2586 819 2600 ..
854 2540 925 2600 erat
954 2553 1098 2600 camerae
1116 2588 1122 2602 .
1140 2586 1147 2600 .
1165 2586 1197 2601 ..
1231 2535 1345 2600 summi
1377 2533 1537 2618 pontificis
1570 2535 1739 2617 obligatus,

239 2638 417 2708 stiorenos
452 2640 522 2706 anri
543 2639 708 2723 praelatae
731 2657 886 2721 camerae,
920 2658 979 2705 nec
1001 2658 1064 2705 nou
1086 2659 1144 2723 pro
1166 2646 1259 2722 parte
1282 2639 1346 2704 1111
1368 2638 1573 2704 servitiorum
1595 2656 1666 2721 ipro
1688 2644 1738 2703 to-

237 2743 355 2811 talibus
377 2744 442 2811 1111
464 2743 618 2821 servitiis)
641 2742 844 2810 familiarium
867 2748 901 2809 et
923 2742 1104 2810 officialium
1128 2743 1246 2809 domini
1261 2743 1363 2809 nostri
1379 2761 1480 2825 papae
1496 2762 1516 2806 x
1531 2741 1737 2808 florenos...

236 2848 361 2915 clericis
383 2865 527 2914 camerae
561 2848 763 2930 supradictae
796 2865 854 2931 per
883 2866 995 2912 manus
1025 2848 1115 2914 N.N
1118 2896 1224 2913 .....
1259 2848 1338 2913 solvi
1372 2847 1457 2914 feeit.
1505 2849 1621 2911 Datum
1654 2848 1736 2912 eta.“

233 2951 338 3031 (Ocni.
361 2971 408 3019 nr.
436 2952 519 3034 160.)

362 3054 644 3138 equitationibus
667 3055 707 3121 dc
731 3054 889 3120 solutione
912 3061 1097 3120 sanaturum
1122 3074 1185 3120 una
1207 3056 1308 3121 solum
1331 3057 1389 3122 sub
1411 3074 1461 3121 nr.
1483 3056 1544 3121 727
1568 3054 1628 3120 boc
1650 3061 1736 3120 mmo

232 3159 378 3240 emunit,
413 3159 488 3242 quia
509 3158 543 3225 in
567 3159 663 3224 terris
685 3158 804 3224 nostris
834 3159 952 3224 maiore
982 3177 1022 3224 er
1044 3165 1136 3242 parte
1160 3161 1347 3226 collectores
1381 3165 1515 3226 annuus
1537 3158 1737 3243 recipiebant

230 3269 265 3329 et
287 3263 327 3330 dc
351 3264 400 3330 eis
422 3261 629 3330 beneficiatos
651 3263 684 3328 in
707 3262 851 3345 partibus
874 3264 1056 3346 quitabunt3
1080 3263 1163 3328 tales
1186 3264 1381 3345 quitationes
1403 3265 1555 3346 ertaut.¹)

360 3386 390 3453 3.
422 3383 623 3451 Vsas‘tctionee
640 3383 860 3467 praelatorem
883 3385 923 3450 ad
946 3385 1056 3450 limina
1077 3386 1300 3468 apostolorum,
1337 3387 1376 3451 ud
1400 3405 1478 3468 quas
1500 3403 1609 3452 omnes
1632 3384 1735 3450 arclri·

229 3489 381 3575 episcopi,
404 3488 548 3572 episcopi
571 3493 606 3553 et
629 3487 684 3553 alii
707 3489 844 3572 praelati
867 3488 900 3553 in
924 3490 1021 3555 certis
1044 3489 1190 3555 terminis
1226 3491 1386 3570 (bienniis,
1422 3490 1569 3557 trienniis
1598 3495 1660 3555 etc.
1684 3506 1733 3553 se·

230 3592 366 3660 cundum
399 3592 584 3660 distantiam
618 3591 693 3674 loci)
727 3591 985 3675 obligatiorem,
1018 3598 1074 3657 ant
1107 3593 1320 3676 personaliter
1353 3599 1410 3658 aut
1430 3612 1489 3677 per
1509 3599 1734 3676 procuratores

231 3695 359 3764 liabent.
404 3696 499 3764 Tales
532 3696 669 3780 praelati
705 3701 761 3761 aut
783 3703 1006 3779 procuratores
1027 3714 1137 3762 eornm
1158 3697 1346 3763 relationem
1370 3703 1474 3763 status
1497 3715 1573 3762 snae
1597 3696 1734 3763 diocesis

230 3799 358 3868 tradere
382 3805 416 3865 et
438 3800 651 3884 personaliter
673 3806 749 3865 ante
771 3818 885 3883 papam
909 3817 1063 3882 apparere
1087 3800 1277 3883 debuerunt,
1301 3801 1447 3866 nimirum
1467 3819 1530 3866 non
1547 3801 1616 3867 sine
1631 3800 1733 3876 donis,

231 3904 345 3987 quibus
368 3903 570 3971 devotionem
601 3921 689 3969 suam
713 3903 782 3969 sedi
806 3902 999 3986 apostolicae
1022 3904 1238 3986 praestabant.
1273 3904 1375 3970 Notae
1399 3905 1438 3970 de
1464 3904 1644 3970 visitatione
1674 3903 1733 3968 tali

232 4006 292 4077 boc
315 4006 408 4075 ruodo
431 4007 464 4073 in
487 4007 625 4091 regium
647 4006 875 4091 obligationum
897 4013 931 4072 et
954 4007 1146 4073 solutionum
1168 4007 1438 4073 inscribebantur:

360 4110 441 4196 „Die
465 4117 500 4177 et
521 4130 604 4179 auno
626 4111 744 4178 talibus
767 4111 913 4177 dominns
935 4112 973 4179 N.
998 4111 1166 4194 episcopus
1190 4112 1315 4194 (abbas)
1340 4112 1414 4177 talis
1430 4130 1487 4193 pro
1513 4130 1576 4177 nno
1600 4110 1730 4177 biennio

230 4215 371 4300 proxime
394 4233 478 4282 nunc
501 4220 661 4283 transacto
685 4220 754 4299 (pro
778 4215 900 4281 duobus
923 4215 1068 4280 trienniis
1103 4221 1137 4280 et
1159 4215 1320 4298 similiter)
1349 4216 1563 4299 personaliter
1585 4218 1666 4298 (per.
1690 4214 1730 4280 N.

230 4324 466 4403 procuratorem
491 4325 595 4399 suum)
631 4320 772 4386 visitavit
807 4320 930 4401 (sedern
964 4320 1170 4402 apostolicam
1206 4339 1277 4384 cum
1311 4319 1480 4387 devotione
1515 4320 1623 4387 debita
1656 4319 1730 4385 risi·

229 4422 355 4501 terit).·‘

361 4525 538 4592 Carrreralin
561 4527 593 4592 in
616 4525 757 4593 editione
780 4533 889 4592 nostra
912 4528 1022 4609 paucis
1045 4528 1188 4607 exceptis
1211 4529 1244 4592 in
1266 4533 1400 4593 extenso
1424 4529 1509 4611 typis
1533 4529 1657 4592 dantur.

361 4628 544 4712 Capitulum
578 4629 636 4694 boc
671 4631 710 4696 de
744 4628 854 4696 formis
887 4631 1068 4712 praecipuis
1102 4630 1281 4696 litterarum
1304 4631 1480 4697 innocentii
1503 4631 1557 4697 Vl.
1581 4650 1664 4696 nune
1690 4632 1730 4696 ad

230 4733 349 4799 exitruu
373 4733 544 4799 ‹tellectum
567 4735 675 4815 copias
698 4732 867 4799 formarum
891 4734 1071 4800 litterarum
1093 4734 1337 4817 apostolicarum
1360 4734 1455 4800 huius
1470 4735 1621 4816 temporis
1637 4735 1730 4818 longe

230 4854 291 4902 nou
315 4836 470 4915 exhaurit,
507 4855 610 4920 neque
634 4838 667 4903 id
690 4837 856 4904 consilium
880 4855 984 4903 meum
1008 4844 1093 4920 erat;
1127 4837 1206 4902 nihil
1228 4840 1312 4904 enim
1337 4839 1585 4922 assequimini,
1609 4838 1730 4904 nisiut

230 4938 330 5005 lector
359 4940 537 5007 litterarum
560 4941 593 5006 in
616 4941 676 5007 boc
698 4947 783 5008 tomo
806 4941 974 5018 editarum,
1009 4959 1142 5024 quarum
1164 4942 1264 5008 maior
1297 4959 1370 5024 pars
1400 4942 1433 5006 in
1456 4942 1594 5025 regestis
1628 4941 1729 5007 solum

229 5044 315 5126 typis
337 5044 498 5128 ‹iescriptn
521 5049 582 5127 est,
617 5045 724 5112 statim
748 5044 954 5127 principalem
977 5050 1120 5111 tenorem
1142 5045 1322 5127 formarum,
1355 5046 1471 5126 quibus
1493 5047 1575 5109 tales
1598 5045 1727 5111 litterae

229 5145 484 5224 coniciebantur,
508 5149 652 5215 iuvenire
675 5156 794 5232 posset.

251 5284 435 5298 *mo—omno·-

362 5337 381 5405 'i
399 5336 477 5393 ocul.
496 5336 603 5401 limita.
623 5335 715 5400 iiurie.
735 5319 794 5392 tien
813 5338 869 5394 tas.
888 5335 953 5392 hist.
972 5335 1024 5392 xli
1043 5352 1104 5407 pag.
1123 5342 1181 5390 aso.
