3990 6052
800 465 865 512 rssc
884 459 953 512 Jurii
972 466 987 512 o
1008 491 1039 500 --
1058 460 1127 513 Jutii
1149 466 1188 514 12.
1685 464 1746 527 187

242 670 326 733 dicto
351 670 586 750 predecessore,
622 669 704 733 sicut
727 671 852 734 domiuo
876 671 1005 753 placuit,
1040 672 1135 734 rebus
1158 670 1303 733 humanis
1327 677 1485 753 exempto,
1520 672 1572 752 pie
1596 672 1746 736 memorie

243 771 390 836 Clemens
415 792 497 852 papa
512 771 566 852 VI,
590 772 798 853 predecessor
822 780 939 857 noster,
974 775 1117 838 eiusdem
1148 774 1316 838 Benedicti
1346 775 1550 839 immediatus
1575 793 1749 856 successor,

243 877 282 940 ad
307 877 428 958 apicem
451 876 563 939 summi
587 878 784 957 apostolatus
808 885 997 960 assumptus
1021 896 1129 942 omnes
1153 878 1368 960 parrochiales
1393 879 1546 943 ecclesias
1570 885 1742 960 ceteraque

243 978 396 1044 beneficia
411 981 639 1062 ecclesiastica,
664 999 724 1060 que
748 983 883 1062 promoti
896 1000 954 1064 per
976 982 1095 1046 dictum
1119 983 1339 1064 Benedictum,
1364 984 1622 1064 predecessorem
1646 1001 1749 1065 suum,

244 1086 283 1148 ad
306 1103 561 1165 qiuarumeunque
585 1084 814 1149 cathedralium
839 1087 1044 1151 ecclesiarum
1060 1087 1217 1167 regimina
1240 1092 1382 1168 tempore
1405 1087 1616 1167 promocionis
1641 1087 1748 1152 huius-

243 1189 327 1253 modi
351 1189 546 1263 ohtinebant‚
581 1194 656 1252 tunc
679 1191 828 1253 vacancia
857 1190 1022 1255 collacioni
1053 1196 1087 1254 et
1110 1189 1313 1271 dispositioni
1342 1209 1398 1253 sue
1422 1209 1491 1253 cum
1516 1190 1628 1254 similis
1651 1192 1749 1254 inter-

244 1294 405 1374 posicione
430 1294 549 1357 decreti
574 1294 673 1356 eciam
697 1295 884 1360 reservavit.
908 1294 985 1358 Cum
1009 1295 1126 1375 itaque,
1150 1294 1234 1358 sicut
1258 1294 1448 1375 accepimus,
1472 1294 1616 1375 predicta
1639 1313 1750 1375 parro-

245 1397 356 1461 chialis
380 1398 526 1479 ecclesia,
551 1399 590 1461 de
614 1416 676 1477 qua
697 1399 794 1462 iidem
817 1399 1062 1479 predecessores
1093 1416 1155 1462 non
1179 1398 1375 1477 ordinarunt,
1401 1398 1502 1460 adhuc
1534 1405 1569 1461 ut
1591 1396 1751 1477 prefertur

245 1508 345 1577 vacet,
370 1520 436 1578 nos
461 1502 514 1581 qui
530 1502 562 1564 in
575 1503 675 1567 uostri
692 1501 889 1582 apostolatus
905 1503 1086 1584 primordiis
1102 1520 1211 1565 omnes
1228 1502 1443 1583 parrochiales
1459 1501 1612 1565 ecclesias
1629 1508 1750 1565 cetera-

246 1623 305 1685 que
330 1604 483 1668 beneficia
505 1606 733 1687 ecclesiastica,
769 1624 829 1686 que
854 1607 989 1687 promoti
1012 1605 1201 1670 auctoritate
1233 1604 1409 1685 apostolica
1432 1605 1472 1668 ad
1495 1624 1751 1686 quarumcunque

246 1709 451 1773 ecclesiarum
483 1709 711 1783 cathedralium
743 1710 898 1791 regimina
930 1716 1073 1790 tempore
1108 1709 1318 1790 promocionis
1342 1709 1521 1773 huiusmodi
1556 1710 1752 1784 obtinebant,

247 1820 321 1875 tunc
344 1814 493 1876 varamcia
517 1814 681 1877 collacioni
705 1820 740 1877 et
763 1813 968 1895 disposicioni
999 1821 1107 1877 nostre
1132 1832 1201 1875 curn
1225 1813 1338 1875 similis
1362 1812 1607 1894 interpositione
1631 1812 1754 1877 decreti

247 1917 488 1988 reservavimus,
514 1918 660 1982 volentes
684 1918 818 1980 eundem
844 1917 1038 1981 Willelmum
1058 1968 1065 1980 .
1084 1968 1090 1979 .
1110 1969 1116 1980 .
1137 1967 1143 1979 .
1169 1917 1276 1981 lavore
1296 1918 1446 1998 prosequi
1459 1918 1610 1998 graciosa,
1635 1898 1752 1982 discre-

247 2020 329 2084 cioni
353 2026 484 2083 vestre.
506 2074 511 2084 .
532 2071 539 2084 .
561 2072 566 2084 .
591 2021 785 2098 mandamus,
822 2027 977 2101 quatenus
1001 2039 1056 2085 vos
1077 2071 1083 2084 .
1104 2075 1109 2088 .
1130 2072 1164 2086 ..
1199 2021 1374 2102 predictam
1399 2021 1627 2104 parrochialem
1651 2018 1752 2086 eccle·

248 2125 336 2201 siam,
361 2125 398 2200 si,
423 2130 458 2188 ut
482 2125 685 2207 premittitur,
721 2131 813 2189 vacat
844 2131 878 2189 et
901 2133 1042 2207 tempore
1067 2126 1141 2188 date
1166 2124 1364 2206 presencium
1387 2144 1449 2188 nam
1473 2126 1516 2188 sit
1540 2127 1571 2187 in
1595 2142 1634 2188 ea
1657 2124 1752 2190 alicui

248 2228 430 2309 specialiter
452 2229 502 2291 ius
519 2229 677 2309 quesitum
679 2277 792 2304 .....
815 2228 919 2293 eidem
944 2229 1103 2293 Willelmo
1120 2229 1311 2293 auctoritate
1336 2235 1445 2294 nostra
1460 2227 1604 2293 conferre
1621 2236 1655 2293 et
1672 2230 1751 2293 assi·

249 2351 344 2413 gnare
358 2333 476 2395 curetis
495 2383 501 2395 .
523 2383 529 2395 .
549 2383 556 2396 .
577 2383 583 2396 .
609 2334 646 2396 lt.
661 2334 744 2414 apud
765 2333 996 2398 Villamnouam
1009 2333 1234 2398 Aninionensis
1259 2334 1339 2398 dioc.
1365 2333 1408 2396 Vl
1431 2334 1473 2397 id.
1498 2331 1576 2396 Julii
1590 2352 1616 2396 a.
1632 2338 1753 2414 quarto.

379 2519 408 2571 R.
429 2522 477 2572 Ar.
501 2520 612 2574 134101.
632 2527 691 2573 410.

898 2682 1105 2690 —-.—

249 2852 339 2916 455.
368 2852 461 2914 Petro
485 2852 636 2933 Marqdut
651 2852 857 2932 conferuntur
872 2850 1068 2934 parochialis
1090 2851 1221 2916 ecclesia
1244 2874 1269 2916 s.
1290 2853 1375 2915 Petri
1394 2853 1552 2932 ,Danda“
1573 2850 1756 2918 Claromon-

250 2956 346 3018 tensis
370 2955 448 3018 dioc.
473 2975 511 3019 uc
528 2962 685 3038 perpetuo
706 2957 829 3020 vicaria
852 2957 885 3019 in
909 2957 1037 3020 ecclesio
1063 2956 1213 3020 Enesiuci
1235 2956 1373 3019 ciusdem
1396 2957 1486 3039 dioc,
1511 2978 1591 3041 qaus
1608 2980 1670 3040 pro
1693 2957 1757 3022 olio

251 3059 394 3136 beneficio
417 3059 624 3124 ecclesiastico
641 3061 846 3143 permutauit.
872 3060 1069 3142 „apostolice
1091 3060 1193 3124 sed-is“
1231 3060 1344 3141 „Apud
1376 3061 1605 3125 Villamnouam
1627 3062 1757 3125 Aninio·

254 3165 356 3226 nensis
379 3164 457 3228 dioc.
485 3165 556 3227 IIII
576 3165 619 3228 ld.
642 3164 726 3230 Jotd
748 3186 778 3229 a.
803 3169 948 3245 quomo&
971 3165 1075 3227 -In
1098 3187 1123 3227 e.
1147 3186 1187 3226 m.
1206 3165 1314 3228 abboli
1329 3168 1448 3230 Montis
1465 3187 1490 3231 s.
1509 3164 1612 3230 illidii
1623 3175 1647 3242 ⁸)
1666 3172 1757 3232 cotra

315 3289 422 3331 lauros
449 3267 718 3334 claromontense
740 3272 770 3332 et
793 3269 1015 3333 archidiacono
1038 3269 1195 3350 Prupeasc'
1218 3290 1255 3333 uc
1277 3269 1412 3351 officiali
1437 3270 1697 3335 Cluromontensi.

317 3412 429 3494 Ξῖ
1063 3426 1160 3507 apuu
1187 3425 1426 3505 uruamnovam,
1449 3428 1535 3489 1356
1557 3426 1642 3494 Juo
1665 3427 1714 3491 12.

384 3615 413 3667 ll.
433 3617 483 3666 Av.
505 3621 552 3668 132
574 3614 621 3666 fol.
642 3620 702 3667 2³91.
722 3645 754 3653 -
770 3626 794 3676 ι)
815 3613 928 3680 ,Yllidii‘
947 3616 996 3666 Ar.

256 3999 343 4064 4615.
369 3997 503 4060 Nicoluo
526 3997 655 4060 Nicolaa'
677 3997 714 4060 de
739 3997 840 4060 Lilicc
863 3995 1049 4076 conceditur,
1083 3998 1118 4057 at
1135 3995 1276 4078 provisio
1299 3995 1327 4057 ei
1349 3994 1387 4059 de
1410 3994 1599 4059 canonicatu
1620 4000 1648 4058 el
1667 4016 1762 4077 prac-

357 4101 457 4165 aenda
481 4100 629 4165 ccclesiae
652 4121 677 4166 s.
692 4101 802 4181 Epidii
826 4102 999 4184 Propensis
1015 4103 1115 4178 sucta
1136 4103 1166 4162 et
1188 4099 1362 4179 acceptatio
1384 4119 1491 4162 eoram
1514 4098 1652 4165 caleant.

319 4245 388 4308 .Χ.
1064 4235 1160 4319 Apud
1191 4236 1428 4315 villamnovam,
1452 4237 1538 4300 1356
1560 4237 1646 4303 Jalii
1669 4240 1718 4301 12.

385 4415 423 4481 Ι).
447 4413 467 4479 l.
494 4413 623 4478 Nicolao
647 4420 722 4478 nato
747 4414 903 4495 quondam
926 4411 1049 4476 Nicolai
1073 4412 1113 4475 de
1130 4409 1280 4490 Lutiez·)
1304 4411 1454 4475 canonico
1467 4411 1602 4475 ecclesie
1616 4430 1639 4473 s.
1656 4395 1764 4491 Egidii

257 4517 425 4599 Progensis
438 4517 574 4581 salutem
587 4525 647 4583 etc.
662 4518 835 4584 Probitatis
848 4523 882 4581 et
893 4517 1045 4580 virtutum
1065 4566 1070 4577 .
1091 4565 1097 4577 .
1118 4567 1123 4577 .
1145 4568 1150 4578 .
1169 4515 1319 4578 Exhibita
1332 4514 1488 4594 siquidem
1500 4515 1591 4579 nobis
1603 4533 1660 4596 pro
1672 4519 1764 4595 parte

258 4627 312 4685 tua
333 4622 452 4705 peticio
476 4623 668 4704 continebat,
692 4624 775 4704 quod
798 4640 899 4703 nuper
922 4626 956 4684 tu
972 4620 1191 4683 canonicatum
1207 4625 1241 4683 et
1256 4619 1449 4700 prehendam
1467 4618 1602 4682 ecclesie
1620 4636 1643 4682 s.
1658 4617 1765 4698 Egidii

259 4725 427 4808 Progensis
450 4745 508 4809 per
531 4728 651 4792 obitum
675 4726 832 4807 quondam
855 4723 1031 4788 Sdenconis
1055 4724 1094 4786 de
1119 4721 1268 4786 Stankou
1292 4723 1435 4786 eiusdem
1452 4722 1588 4786 ecclesie
1612 4722 1765 4803 canonici,

258 4832 309 4910 qui
332 4837 426 4894 entra
449 4832 621 4895 Romanam
656 4830 773 4893 curiam
799 4829 882 4892 diem
906 4827 1021 4891 clausit
1044 4833 1229 4908 extremum,
1264 4833 1415 4890 vacantes
1439 4827 1545 4908 vigore
1569 4827 1765 4906 quarundam

258 4932 421 4999 literarum
445 4941 623 4999 nostrarum
648 4935 680 4997 in
704 4952 743 4998 ea
766 4932 874 5012 forma,
898 4931 1069 4995 secundum
1093 4949 1186 5010 quam
1210 4930 1327 4994 dudum
1351 4949 1408 5012 pro
1433 4931 1625 5012 pauperihus
1642 4929 1766 4994 clericis

260 5038 484 5104 beneficiandis
509 5039 700 5120 scripsimus,
735 5037 793 5101 tibi
817 5053 1045 5114 concessarum,
1068 5039 1163 5115 prout
1190 5052 1361 5098 erearum
1385 5033 1486 5098 lonna
1509 5041 1647 5115 poteras,
1673 5052 1766 5097 cano·

261 5143 339 5225 nice,
364 5142 427 5206 nisi
450 5150 560 5207 nostra
584 5144 727 5206 obstaret
751 5139 939 5215 reservarem,
975 5138 1150 5218 acceptasti
1181 5144 1215 5201 et
1246 5138 1303 5202 tibi
1328 5139 1367 5201 de
1392 5138 1456 5200 illis
1480 5136 1638 5217 provideri
1662 5136 1766 5201 fecisti

261 5247 395 5329 illosque
419 5265 457 5311 ex
482 5253 558 5311 tunc
582 5246 724 5327 tenuisti,
748 5251 843 5326 prout
865 5243 967 5308 adhuc
991 5248 1082 5306 tenes
1106 5248 1140 5305 et
1162 5243 1308 5323 possides
1331 5241 1462 5322 pacifice
1486 5247 1520 5305 et
1542 5243 1657 5320 quiete.
1690 5239 1766 5304 Cum

261 5358 375 5429 autem,
413 5352 497 5415 sicut
527 5353 638 5416 eadem
669 5350 788 5432 preticio
820 5347 1039 5428 subiungebat,
1074 5352 1109 5410 tu
1132 5346 1270 5428 dubites,
1305 5345 1387 5426 quod
1415 5346 1619 5408 canonicatus
1641 5351 1675 5407 et
1698 5360 1766 5424 pre-
