3944 6060
230 459 272 523 62
827 462 897 512 Acta
916 457 1069 512 iunocentii
1087 459 1133 512 Vl.

229 668 318 734 146.
351 665 483 733 Carolus
510 669 719 732 Romanorulm
742 672 772 732 et
795 666 965 732 Boberniac
987 688 1043 733 rea
1065 667 1235 750 supplicat,
1263 671 1416 752 quatenus
1444 668 1576 733 Nicolao
1605 667 1738 751 Dipaldi

468 771 506 836 de
533 771 688 852 Pilprems
707 771 906 854 parochialis
928 772 1057 837 ecclcsia
1081 772 1301 850 Navisarensis
1323 777 1506 837 reservetur.

1178 909 1339 986 Auinianc
1366 912 1449 976 1353
1476 909 1619 977 Octobris
1644 913 1693 976 ta.

360 1118 524 1201 Supplicat
546 1116 586 1183 S¹¹
604 1118 657 1182 vu
681 1119 815 1183 devotus
839 1117 921 1183 filius
945 1126 1052 1183 vester
1075 1119 1211 1184 Karalus
1236 1121 1445 1185 Romanomm
1469 1126 1503 1185 et
1518 1120 1648 1186 Baemie
1671 1139 1736 1198 rex,

230 1223 379 1305 quatinus
403 1223 463 1287 sibi
487 1223 657 1305 specialem
681 1223 818 1304 graciam
841 1222 996 1287 facientes
1016 1224 1048 1287 iu
1064 1241 1232 1305 personam
1248 1224 1358 1289 ddecti
1374 1223 1531 1306 capellani
1547 1224 1597 1288 sui
1613 1223 1736 1289 Nicolai

230 1327 297 1391 nati
321 1327 449 1408 Dipoldi
474 1328 513 1391 de
536 1327 701 1409 Pilgrems,
724 1327 904 1409 presbyteri
927 1327 1096 1409 Pragensis
1119 1328 1209 1408 dioc,
1231 1329 1406 1394 inertibus
1428 1329 1561 1409 iureque
1585 1329 1736 1395 canonico

230 1431 325 1514 periti
342 1450 378 1494 uc
394 1430 539 1496 officialis
555 1432 642 1495 curie
658 1430 943 1510 Luthomuslensis,
968 1431 1007 1496 de
1031 1431 1221 1513 parrochiali
1244 1433 1381 1498 ecelesia
1397 1432 1599 1499 Nouiloreusi
1616 1433 1734 1498 Wrati-

231 1536 400 1600 slauiensis
424 1536 515 1615 dioc,
539 1554 599 1616 qne
624 1554 681 1616 per
703 1554 816 1600 munus
840 1537 1090 1601 consecracionis
1121 1538 1325 1602 obtinendum
1356 1556 1415 1619 per
1440 1537 1648 1601 reverendum
1681 1538 1733 1602 do·

231 1642 348 1705 minum
374 1639 550 1705 iohannem
581 1641 717 1705 electum
749 1641 884 1705 ecclesie
908 1640 1183 1705 Lutbomuslensis
1213 1644 1245 1706 in
1276 1641 1417 1723 proximo
1441 1660 1553 1706 vacare
1577 1649 1737 1724 speratur,

231 1751 286 1811 aut
309 1746 389 1811 alias
420 1763 605 1826 quocunque
629 1746 721 1810 modo
756 1745 917 1809 vacaverit
946 1751 1148 1826 preterquam
1176 1765 1233 1827 per
1263 1752 1395 1810 mortem
1419 1746 1530 1827 ipsine,
1555 1745 1643 1830 [sibi]
1668 1746 1736 1829 dig-

231 1851 349 1914 nemini
373 1850 541 1931 providere
558 1850 722 1931 ipsamque
739 1849 961 1913 conferendam
977 1850 1141 1915 donaciani
1166 1851 1339 1932 apostolice
1363 1855 1573 1932 reservantes,
1597 1867 1667 1915 cum
1686 1869 1735 1914 ac-

231 1954 416 2036 ceptatione
440 1961 509 2030 etc,
533 1974 596 2019 non
618 1957 775 2023 obstante,
799 1955 883 2034 quod
905 1954 989 2018 idem
1014 1954 1162 2019 Nicolaus
1186 1974 1244 2036 per
1266 1955 1437 2037 capitulum
1461 1954 1597 2019 ecclesie
1618 1954 1735 2018 Wisse-

231 2059 396 2141 gradensis
420 2059 504 2122 dicte
528 2058 696 2140 Pragensis
720 2058 799 2122 dioc.
835 2057 868 2120 in
892 2058 1074 2122 canonicum
1107 2060 1165 2123 sub
1188 2059 1413 2140 expectatione
1445 2059 1606 2140 prebende
1629 2065 1735 2125 aucm-

230 2164 326 2228 ritste
350 2163 509 2228 ordinaria
531 2169 584 2226 est
605 2168 753 2243 receptus
785 2168 818 2225 et
841 2162 901 2226 sibi
925 2162 965 2225 de
988 2163 1122 2243 quodam
1154 2169 1307 2245 perpetuo
1332 2162 1495 2241 beneficio,
1520 2163 1731 2228 ministerium

231 2268 427 2350 appellato,·)
459 2268 491 2332 in
515 2268 601 2331 dicta
626 2267 880 2348 wissegradensi
904 2266 1049 2348 ecclesia,
1073 2267 1162 2330 cuius
1185 2268 1419 2349 possessiouem
1442 2268 1582 2333 nondum
1604 2266 1735 2351 pacifice

232 2379 265 2437 et
287 2373 381 2454 plene
405 2377 455 2436 est
478 2378 653 2453 assecutus
684 2377 716 2435 et
740 2372 829 2435 errius
852 2369 973 2434 fructus
996 2377 1056 2435 etc.
1081 2371 1170 2435 XXX
1193 2369 1382 2437 florenorum
1405 2373 1476 2437 anri
1498 2391 1650 2438 smnmum
1673 2391 1736 2438 nou

231 2477 398 2558 excedunt,
434 2476 624 2541 auctoritate
656 2475 815 2539 ordinaria
844 2481 895 2539 est
925 2476 1085 2556 provisum
1119 2480 1154 2539 et
1185 2495 1254 2540 cum
1289 2476 1405 2540 ceteris
1439 2476 1736 2558 nonobstantibus,

231 2581 453 2646 executoribus
476 2586 510 2645 ct
533 2579 683 2644 clausulis
706 2579 873 2661 oportunis
896 2587 932 2644 ut
955 2581 985 2642 in
1009 2579 1118 2643 formu.

360 2686 434 2749 Fiat
457 2685 492 2749 G.
519 2685 561 2749 Et
583 2685 652 2748 siue
677 2684 740 2748 alia
762 2684 909 2750 lectione.
934 2684 1007 2748 Fiat
1031 2685 1067 2749 G.

362 2791 398 2854 Ι).
424 2789 581 2854 Aninione
606 2788 649 2853 VI
672 2789 714 2854 id.
739 2788 886 2853 Octobris
910 2808 937 2853 a.
962 2789 1073 2871 primo.

360 2980 391 3035 R.
411 2979 505 3049 Suppl.
526 2985 558 3032 24
578 2978 624 3034 fol.
645 2984 713 3034 100‘.
731 3009 763 3018 —
790 2982 815 3047 ἃ)
834 2978 1014 3048 ‚appellabat
1033 2978 1129 3049 Suppl.

882 3212 942 3219 ..-
951 3212 1086 3220 m-—v—

231 3369 321 3435 147.
346 3365 478 3430 Nicolaa
503 3362 635 3447 Dipaldi
655 3362 693 3427 de
708 3361 896 3444 Pilprems·)
919 3366 1099 3427 reservatur
1115 3361 1315 3445 parochialis
1343 3361 1474 3428 ecclesia
1504 3362 1737 3441 Naaisarensis‚

231 3491 292 3536 nan
321 3468 517 3534 obstantibus
544 3471 581 3530 ut
610 3469 643 3532 in
674 3465 904 3551 supplicatione
934 3465 990 3530 sub
1021 3487 1068 3531 nr.
1092 3467 1166 3531 146.
1207 3466 1426 3548 „Litterarum
1458 3465 1610 3532 sciencia‘
1639 3464 1737 3549 ,Aut

231 3575 321 3641 niune
358 3575 404 3638 VI
427 3572 470 3637 id.
507 3571 649 3638 Octobris
678 3594 707 3637 a.
734 3572 871 3653 prima“.
904 3607 941 3617 -
977 3572 1015 3634 ln
1045 3592 1068 3637 e.
1100 3592 1141 3636 m.
1171 3571 1314 3654 episcopa
1347 3569 1545 3636 olomucensi
1568 3574 1599 3635 ct
1620 3570 1737 3637 &cano

342 3677 594 3760 Vissepradensis
616 3677 789 3757 Propensis
811 3676 889 3742 diac.
914 3695 951 3740 ac
973 3675 1173 3740 thesauraria
1197 3675 1389 3741 &auncinis
1411 3674 1622 3740 ecclesiarum.

314 3784 376 3901 lA
1179 3830 1342 3916 Aniniaue,
1368 3834 1450 3898 1353
1476 3831 1620 3898 Octobris
1643 3834 1694 3897 10.

280 3893 392 3973 aa.

361 4042 392 4095 n.
417 4045 466 4095 Ar.
492 4046 537 4095 121
564 4040 611 4095 iol.
638 4047 705 4109 305',
728 4042 761 4095 R.
781 4041 840 4093 Vnt.
869 4045 918 4093 221
944 4040 991 4094 lol.
1019 4044 1088 4093 349¹.
1109 4069 1141 4078 -
1164 4042 1188 4105 α)
1207 4039 1349 4108 ,Pilgrens‘
1373 4042 1423 4092 Ar.
1441 4069 1475 4078 -
1496 4039 1561 4108 Reg.
1586 4039 1615 4092 in
1638 4039 1737 4094 ZVGA

230 4129 389 4185 Schlesiens
409 4130 484 4184 XXV
503 4145 564 4198 pag.
584 4136 642 4183 294.
666 4160 691 4168 -
709 4129 750 4183 Ad
769 4129 840 4182 hanc
858 4128 978 4182 litteram
997 4143 1115 4195 sequens
1134 4127 1275 4181 adnotatio
1295 4126 1324 4181 in
1341 4128 1454 4182 Collect.
1474 4133 1524 4181 287
1543 4127 1591 4181 iol.
1612 4132 1671 4181 140¹
1691 4126 1737 4188 (ed

230 4217 304 4287 apud
323 4216 431 4284 Kirsch,
451 4216 603 4269 Annateul
622 4233 683 4285 pag.
705 4220 749 4282 tt)
769 4214 902 4284 pertinet:
923 4215 1028 4281 ,Missa
1046 4215 1157 4268 luerunt
1175 4214 1315 4268 collectori
1328 4231 1377 4283 per
1390 4214 1580 4283 Raymundum
1594 4214 1635 4268 La
1647 4214 1737 4268 Chau-

232 4320 299 4373 syne
313 4304 473 4358 scutiferum
487 4302 589 4357 domini
608 4302 814 4372 Magalouensis
828 4301 873 4356 die
885 4301 935 4355 XV
948 4301 1090 4355 Februarii
1109 4317 1133 4355 a.
1147 4301 1250 4355 L1111“.
1270 4302 1302 4355 In
1322 4302 1434 4356 Collect.
1448 4307 1497 4357 287
1520 4300 1579 4355 vice
1593 4301 1737 4371 ,Pilgrems

231 4393 402 4463 ,Pilagrems‘
422 4393 533 4462 legitur.

232 4725 320 4791 148.
354 4722 485 4789 Carolus
510 4725 725 4786 Romanarum
747 4726 777 4785 et
799 4722 970 4787 Belemiae
991 4742 1048 4785 rec
1070 4718 1239 4804 supplicat,
1262 4726 1416 4804 quatenus
1435 4719 1575 4799 prouisis
1597 4719 1738 4784 Basaani

234 4828 391 4893 leonardi
419 4829 455 4891 dc
486 4825 662 4909 Brutina)
694 4826 731 4890 de
762 4826 1028 4891 archidiaconatu
1056 4822 1236 4888 Curimensi
1260 4829 1356 4904 facta
1388 4822 1595 4905 confirmetur.
1633 4824 1738 4920 ,liat

230 4934 294 4998 nisi
317 4933 424 5012 fuerit
447 4931 543 4995 alteri
571 4932 622 4996 ius
645 4933 797 5015 quesitum
823 4932 861 4997 G.
896 4932 939 4995 lit
961 4927 1040 5015 quad
1062 4933 1207 4993 transeat
1236 4931 1303 4993 sine
1330 4928 1398 4993 alia
1419 4927 1560 4992 lectione.
1595 4929 1670 4993 liat
1697 4932 1735 4998 O.

616 5038 657 5101 D.
683 5035 837 5100 Auinioue
869 5035 914 5100 VI
930 5034 973 5100 id.
1000 5031 1142 5098 Octobris
1164 5054 1192 5100 a.
1214 5035 1351 5115 prima.“

1179 5171 1342 5250 Asiniane,
1366 5173 1452 5235 1353
1477 5169 1619 5237 Octobris
1642 5177 1693 5240 ta.

361 5373 392 5427 R.
412 5373 507 5443 Suppl.
526 5380 557 5426 2⁴
578 5373 624 5428 fol.
647 5380 702 5429 193.
723 5404 754 5412 —
778 5376 802 5439 ι)
821 5374 968 5441 ,Binscoro‘
989 5376 1084 5445 Suppl.
1106 5407 1136 5415 -
1156 5378 1187 5430 ln
1205 5392 1290 5446 marg.
1310 5375 1377 5431 sin:
1397 5377 1457 5444 ,Pro
1476 5380 1599 5433 camers‘.
