3944 6060
246 373 306 439 108
841 372 912 424 Acta
928 370 1079 425 Innocentii
1097 371 1143 424 VI.

242 579 332 648 269.
358 578 492 646 Carolus
515 581 731 644 &manarum
765 582 795 642 et
815 575 988 642 Balanitae
1008 597 1065 642 res
1087 577 1257 660 supplicat,
1291 583 1447 660 quatenus
1469 579 1673 645 visitantibus
1694 598 1748 644 cc·

130 720 132 722 ’
235 683 358 767 pellam
380 683 427 748 vel
449 682 622 765 ecclesiam,
645 681 700 746 uhi
716 702 800 765 pars
817 681 908 766 pepli
930 683 957 745 b.
975 683 1103 747 Mariae
1116 682 1250 763 cirpims
1268 683 1383 760 fuecit,
1407 682 1622 767 indntpentiae
1643 702 1749 749 conce·

240 786 361 853 ᾶαηίυν
382 791 413 851 ct
433 791 588 868 punimus
603 785 761 865 fundatio
782 786 917 851 orcam
938 785 973 848 in
995 785 1073 850 aula
1094 785 1257 868 imperiali
1279 786 1317 850 de
1340 785 1511 867 Inpelbeim
1527 807 1596 852 mm
1612 792 1750 868 pilatim

692 889 906 955 sanantibus
927 889 1077 954 Bohemis
1097 890 1306 972 confirmetur.

1047 1028 1144 1112 Apud
1174 1029 1411 1108 Villamnovam,
1433 1032 1522 1094 1354
1544 1031 1630 1095 Maii
1650 1033 1704 1096 30.

372 1217 537 1302 Supplicat
559 1217 598 1284 Sl
622 1218 678 1282 V¹⁰
701 1220 835 1284 devotus
858 1218 942 1284 iilius
958 1225 1066 1285 vester
1092 1219 1230 1284 Karolus
1253 1222 1463 1285 Romanorum
1487 1230 1521 1284 et
1536 1221 1667 1285 Boemie
1683 1237 1748 1300 rex,

240 1328 408 1404 quatenus,
433 1341 503 1386 cum
526 1323 596 1404 ipse
620 1322 660 1385 de
683 1341 764 1387 novo
788 1323 821 1386 in
844 1323 974 1387 civitate
991 1322 1183 1387 Treuerensi
1205 1323 1353 1389 habuerit
1369 1325 1501 1389 terciam
1517 1325 1607 1405 quasi
1623 1330 1748 1407 partem

239 1425 328 1509 pepli
351 1428 379 1491 b.
405 1426 507 1490 Marie
537 1425 680 1507 virginis
715 1426 799 1507 quod
830 1443 855 1489 s.
879 1426 981 1491 Elena
1011 1444 1082 1490 cum
1112 1432 1200 1491 certa
1230 1434 1321 1509 parte
1345 1435 1475 1510 reperta
1497 1428 1530 1492 in
1554 1447 1593 1493 ca
1614 1429 1747 1494 mirifice

240 1531 343 1594 crucis
367 1535 486 1594 etune
510 1549 550 1594 ex
573 1529 681 1611 clavis,
717 1547 787 1593 cum
811 1530 925 1610 quibus
949 1530 1089 1595 salvator
1110 1535 1221 1594 noster
1244 1531 1349 1596 eidem
1372 1533 1457 1595 cruci
1479 1531 1542 1596 luit
1564 1530 1689 1614 affixuS,
1712 1539 1746 1597 et

240 1651 372 1716 corpere
395 1635 425 1699 b.
450 1633 572 1697 Mathie
597 1633 734 1716 apostoli
758 1634 798 1697 de
821 1633 1000 1698 Jerusalem
1024 1634 1204 1699 addictam
1228 1635 1390 1699 civitatem
1413 1634 1654 1715 Treuereusem,
1692 1637 1747 1702 ubi

239 1738 395 1820 originem
408 1736 565 1802 habuerat
587 1743 622 1802 et
644 1737 802 1819 maritum,
827 1736 975 1821 [attuht],
998 1737 1170 1820 dignemini
1194 1739 1339 1804 omnibus
1360 1740 1562 1805 visitantibus
1578 1741 1747 1805 ecclesiam

240 1860 298 1906 seu
321 1841 486 1924 capellam,
520 1843 554 1906 in
584 1860 647 1923 qua
677 1841 763 1905 diota
793 1842 894 1905 tercia
923 1859 998 1924 pars
1021 1843 1164 1907 eiusdem
1195 1844 1281 1925 pepli
1304 1842 1410 1923 fuerit,
1444 1843 1582 1923 aliquam
1607 1843 1745 1926 amplam

239 1946 473 2027 indulgenciam
496 1945 634 2031 elargiri,
657 1946 808 2026 scienter,
832 1952 924 2027 pater
948 1947 1158 2027 sanctissime,
1194 1946 1277 2027 quod
1300 1947 1423 2028 relique
1447 1948 1509 2013 due
1533 1954 1642 2029 partes
1666 1947 1744 2012 dicti

237 2049 325 2131 pepli
348 2048 556 2114 Treuerensis
590 2050 630 2114 de
654 2050 821 2131 septennio
857 2050 1023 2114 dumtaxat
1055 2050 1088 2114 in
1112 2050 1313 2133 septennium
1337 2052 1559 2132 ostenduntur,
1594 2052 1634 2115 ad
1658 2051 1743 2132 quod

237 2154 374 2217 maxima
396 2152 541 2218 fidelium
563 2152 693 2218 confluit
715 2153 897 2230 multitudo,
932 2173 1003 2218 cum
1026 2160 1197 2234 asseratur,
1231 2154 1315 2234 quod
1345 2155 1478 2219 eandem
1508 2154 1743 2236 indulgenciam

239 2262 475 2338 consequuntur
497 2257 624 2338 ibidem,
647 2276 708 2338 que
724 2256 928 2322 visitantibus
943 2259 1114 2322 interulam
1130 2258 1273 2323 eiusdem
1296 2257 1421 2325 domine
1439 2264 1546 2322 nostre
1570 2257 1744 2341 Aquisgra-

237 2362 287 2425 nis
311 2362 504 2426 existentem
528 2362 645 2426 dicitur
668 2379 740 2425 esse
765 2379 926 2425 concessa.

367 2483 440 2547 Fiat
463 2484 502 2546 de
526 2484 628 2547 tribus
652 2483 742 2547 amris
777 2489 811 2547 et
832 2484 935 2547 tribus
967 2483 1179 2564 quadragenis
1210 2483 1249 2547 de
1282 2483 1449 2564 septennio
1474 2484 1505 2546 in
1529 2483 1745 2564 septennium,

237 2589 362 2669 quando
386 2588 584 2663 ostendetur,
608 2591 764 2669 utsupra
788 2587 825 2652 G.

366 2709 449 2774 Item
480 2708 638 2790 supplicat
661 2708 766 2772 dictus
797 2727 862 2788 rex,
897 2713 1063 2788 quatenus,
1099 2727 1168 2772 cum
1202 2706 1272 2788 ipse
1295 2706 1426 2770 invilla
1449 2706 1650 2789 ingelnheim
1674 2708 1743 2774 hla-

236 2814 368 2895 gvmtiue
393 2813 481 2894 dioc,
505 2813 536 2876 in
560 2830 622 2891 qua
645 2811 815 2876 recolende
839 2812 989 2875 memorie
1015 2811 1150 2874 Karalus
1175 2811 1309 2892 Magnus
1333 2811 1545 2875 Romanorum
1569 2813 1745 2894 imperator

237 2918 415 2982 orthodoxe
439 2917 514 2982 fidei
537 2916 677 2998 gladium
700 2916 923 2997 triumphalem
946 2917 985 2979 ab
1009 2915 1121 2996 angelo
1137 2914 1254 2978 dicitur
1270 2915 1440 2996 accepisse,
1465 2915 1592 2995 quidam
1616 2916 1744 2998 gladius

237 3040 306 3085 cum
331 3022 429 3084 sacris
453 3020 607 3101 reliquiis,
643 3037 703 3099 que
727 3019 910 3100 imperiales
933 3024 1094 3095 vocantur,
1140 3037 1210 3082 cum
1234 3019 1442 3083 veneracione
1477 3019 1613 3083 maxima
1636 3025 1744 3085 custo·

237 3125 332 3204 ditur,
374 3126 413 3189 ad
437 3125 588 3190 honorem
623 3124 676 3187 dei
706 3130 740 3186 et
773 3124 801 3187 h.
827 3123 1007 3188 Wenceslai
1036 3123 1177 3187 martiris
1208 3130 1242 3186 et
1264 3123 1596 3187 commemoracionem
1631 3123 1744 3189 Karoli

236 3228 346 3310 Magni
371 3235 405 3293 ct
428 3228 526 3310 gladii
549 3228 763 3309 predictorum
787 3227 942 3307 quoddam
967 3227 1139 3291 oratorium
1162 3226 1314 3290 videlicet
1336 3226 1368 3290 in
1393 3227 1465 3290 aula
1488 3226 1648 3308 imperiali
1664 3228 1744 3292 dicti

235 3332 298 3398 loci
321 3332 528 3415 Ingelnheim‚
561 3332 595 3395 in
629 3349 690 3412 quo
714 3337 850 3410 quatuor
873 3332 1055 3395 sacerdotes
1079 3330 1189 3394 Boemi
1220 3330 1341 3394 ordinis
1374 3349 1397 3394 s.
1423 3331 1592 3412 Augustini
1615 3331 1745 3398 domino

236 3443 391 3520 perpetuo
415 3436 617 3515 famulentur,
646 3436 796 3501 cauouice
819 3434 1001 3500 fundaverit
1024 3441 1058 3498 et
1081 3433 1281 3498 sufficienter
1305 3434 1473 3512 dotaverit,
1498 3452 1555 3515 pro
1579 3441 1742 3500 sustenta-

236 3541 326 3605 cione
351 3541 506 3605 dictorum
530 3547 666 3621 qivatuor
689 3541 920 3615 canonicorum,
944 3539 998 3618 qui
1022 3539 1153 3602 subesse
1170 3538 1288 3602 debent
1305 3538 1412 3602 abbati
1428 3537 1613 3602 monasterii
1630 3539 1659 3602 b.
1677 3539 1745 3604 Ka-

235 3645 295 3710 roli
318 3645 406 3709 Nove
430 3645 570 3709 civitatis
593 3644 772 3726 Pragensis,
796 3643 968 3726 dignemini
998 3642 1220 3707 fundaciouem
1244 3647 1277 3706 et
1300 3641 1499 3706 dotacionem
1522 3642 1685 3723 predictas
1710 3651 1746 3710 et

235 3747 508 3814 confirmacionem
531 3767 566 3810 ac
593 3747 694 3829 ipsius
721 3748 852 3812 oratorii
879 3753 912 3812 et
932 3752 1067 3826 quatuor
1090 3746 1310 3810 canonicorum
1333 3745 1408 3809 inde
1432 3751 1558 3809 secutas
1582 3745 1745 3814 attactas

234 3870 293 3935 per
316 3852 587 3933 archiepiscopum
610 3851 842 3932 Maguntinum,
878 3851 939 3915 loci
970 3849 1173 3923 ordinarium,
1208 3867 1248 3912 er
1279 3855 1367 3912 certa
1390 3849 1529 3912 sciencia
1552 3849 1741 3916 confirmare

234 3973 421 4036 omnemque
445 3955 594 4036 supplere
619 3954 787 4036 defectum,
823 3955 850 4017 si
884 3954 956 4035 quis
990 3952 1201 4017 intervenerit
1234 3953 1267 4015 in
1289 3953 1451 4035 predictis
1486 3953 1525 4017 de
1561 3955 1740 4036 apostolice

234 4059 433 4142 plenitudine
456 4059 638 4141 potestatis
662 4078 731 4122 cum
755 4058 899 4122 omnibus
923 4058 1073 4121 clausulis
1097 4063 1130 4121 et
1152 4076 1214 4121 non
1238 4057 1438 4120 obstantibus
1462 4058 1637 4138 oportunis.

365 4179 584 4245 Exhibeantur
607 4178 638 4241 in
662 4177 851 4241 cancellaria
871 4183 914 4257 et,
939 4178 966 4241 si
982 4178 1187 4242 racionabilis
1202 4177 1331 4258 iruerint,
1356 4176 1580 4243 confirmentur
1597 4180 1634 4243 G.
1659 4179 1738 4246 Sine

234 4286 297 4350 alia
320 4286 469 4349 leccione.
493 4284 566 4348 Fiat
590 4283 625 4347 G.

363 4406 401 4468 D.
426 4406 509 4486 apud
533 4404 764 4468 Villamnouam
788 4402 1012 4467 huivrioueusis
1037 4404 1115 4467 dioc.
1141 4404 1189 4468 Ill
1213 4404 1275 4469 hal.
1299 4403 1386 4468 Juuii
1411 4423 1439 4470 a.
1464 4404 1614 4468 secundo.

330 4594 362 4646 R.
381 4592 477 4661 Suppl.
494 4599 528 4646 25
546 4591 593 4644 tol.
613 4598 669 4644 133.

232 4940 322 5005 260.
350 4938 510 5017 Omnibus,
545 4939 600 5021 qui
628 4939 827 5004 visitaverint
850 4935 1006 5020 capellam
1040 4938 1086 5003 uel
1108 4939 1280 5016 ecclmiarn,
1314 4942 1347 5002 in
1372 4961 1434 5021 pua
1457 4939 1594 5006 Carolus
1618 4943 1742 5007 Itoma-

231 5061 342 5106 narum
376 5045 406 5104 et
427 5038 598 5106 Belemina
628 5062 685 5106 rec
708 5045 837 5124 partem
863 5042 954 5125 pepli
976 5041 1004 5107 b.
1031 5044 1160 5107 Mariae
1182 5044 1323 5127 cirpinis,
1351 5045 1450 5126 „quod
1469 5068 1530 5127 per
1552 5068 1578 5111 s.
1601 5047 1741 5112 Mam

230 5145 275 5210 ad
297 5145 456 5209 civitatem
481 5145 699 5209 Trecerensern
718 5197 725 5209 .
746 5194 753 5207 .
773 5199 780 5212 .
799 5193 806 5208 .
822 5144 958 5209 attatum
967 5147 1075 5226 fuisse
1093 5199 1099 5212 .
1119 5194 1126 5209 .
1147 5198 1154 5211 .
1174 5199 1180 5210 .
1197 5147 1345 5227 dicitur“,
1362 5147 1568 5228 collocaverit,
1581 5169 1654 5214 cnm
1668 5171 1740 5216 mm

230 5248 272 5315 do
299 5250 459 5331 ssffleuuia
487 5249 523 5312 in
550 5250 745 5332 septennium
774 5248 896 5312 ostendi
925 5251 1100 5333 contigerit,
1133 5249 1348 5334 indulpentiae
1376 5258 1411 5317 ut
1439 5253 1475 5316 in
1504 5252 1738 5337 supplicatione
