3990 6052
815 437 881 485 racc
900 430 969 485 Julii
987 438 1004 485 4
1023 461 1055 469 -
1073 430 1143 485 Jutii
1161 436 1185 484 e.
1605 401 1609 412 ¹
1696 434 1757 499 185

244 647 325 717 rant,
349 647 386 705 nt
408 641 477 723 ipse
501 646 623 721 gentes,
647 639 773 720 quasin
797 638 935 705 favorem
959 639 1036 703 dicti
1059 639 1218 704 Francisci
1242 640 1367 705 misisse
1392 640 1517 720 dicitur,
1541 641 1582 705 ad
1605 659 1640 706 se
1665 660 1755 706 revo-

245 751 297 809 cet
319 751 353 808 et
375 746 415 809 ab
438 744 523 810 omni
546 743 664 807 anulio
695 748 729 806 et
757 742 866 808 fauore
890 743 1058 808 Francisco
1081 750 1254 810 memorato
1286 745 1458 826 prestando
1482 744 1620 809 desistat
1643 751 1678 808 et
1700 746 1755 809 ab·

246 849 365 912 stineat
387 867 457 912 cnm
481 846 608 920 effectu,
633 847 773 928 alioquin
797 847 961 911 declarent
991 853 1025 911 et
1055 847 1249 912 denuncient
1271 866 1343 912 emn
1366 848 1517 912 incidisse
1541 849 1574 912 in
1598 866 1697 930 penas
1721 855 1755 912 et

245 952 426 1018 sentencias
439 953 591 1016 adversus
607 950 749 1015 fautores
772 950 984 1016 hereticorum
1007 953 1222 1032 promulgatas
1245 969 1304 1033 per
1326 951 1509 1016 sancciones
1533 952 1702 1016 canonicas
1718 958 1752 1015 et

245 1056 364 1120 civiles.
388 1057 427 1119 D.
451 1057 535 1137 apud
558 1054 789 1119 Villamnouam
812 1055 1037 1120 Aninionensis
1061 1055 1140 1120 dioc.
1165 1055 1229 1119 llll
1253 1074 1324 1119 non.
1348 1055 1426 1119 Julii
1450 1075 1477 1120 a.
1502 1063 1625 1137 quartu.

374 1244 407 1298 R.
427 1244 486 1297 Vat.
506 1249 557 1298 238
577 1242 622 1297 fol.
643 1244 695 1296 99'.
718 1274 743 1282 -
767 1242 835 1310 Reg.
853 1243 928 1311 apud
947 1243 1112 1312 Werunslry,
1133 1243 1270 1311 Excerpta
1288 1260 1328 1296 nr.
1348 1246 1408 1296 368.

243 1626 335 1692 450.
360 1624 492 1689 Nicoluo
515 1626 605 1688 Patri
626 1626 664 1688 dc
689 1623 811 1690 Gulnba
834 1624 945 1689 elerico
969 1619 1146 1689 Calmensls
1169 1625 1257 1700 diac,
1281 1626 1402 1691 nnllam
1418 1627 1597 1709 beneficium
1613 1627 1756 1692 ecclesio-

243 1729 357 1793 slt‘cnm
379 1733 532 1803 essendo,
554 1739 733 1823 reseruntur
757 1728 935 1810 beneficium
957 1727 1202 1793 ecclesiasticum
1225 1749 1295 1793 cum
1317 1750 1396 1793 curo
1411 1730 1459 1794 uel
1474 1731 1541 1794 sine
1556 1750 1643 1805 cura,
1667 1731 1757 1794 onina

238 1835 372 1911 fraccina
384 1834 426 1895 25
437 1852 519 1914 resp.
542 1834 585 1896 18
607 1852 791 1897 morcarum
814 1832 939 1913 arpenti
960 1832 1098 1896 valorem
1121 1854 1262 1898 annnam
1284 1854 1345 1897 non
1367 1834 1532 1910 excedunt,
1556 1835 1599 1898 od
1614 1833 1756 1899 collatio·

243 1957 314 2000 nem
335 1935 474 2018 episcopi
497 1934 753 2000 Vratr'slaur'enst'e
770 1937 943 2020 pert-inens,
965 1936 994 1999 ci
1016 1937 1097 2019 qnod
1118 1941 1212 2001 vacat
1232 1937 1280 2002 uel
1295 1960 1364 2002 cnm
1383 1939 1553 2003 vacaverit.
1592 1938 1753 2020 „Enipea-

244 2040 327 2104 lnbus
336 2039 528 2121 probitatis“
551 2040 666 2123 „Apud
686 2039 917 2104 Villamnonum
941 2041 1164 2106 Aninioneneis
1187 2043 1264 2106 dioc.
1297 2043 1361 2106 VII
1378 2042 1422 2106 ia.
1445 2042 1530 2110 Jnln·
1553 2065 1582 2108 a.
1607 2045 1753 2125 quarto“.

245 2181 287 2192 -
309 2146 348 2208 ln
369 2167 394 2209 e.
417 2165 459 2212 m.
483 2166 507 2212 s.
530 2145 659 2209 Mariae
689 2142 945 2209 Vruticlauicnsr's
967 2149 997 2207 et
1019 2166 1044 2208 s.
1076 2143 1231 2209 Vincencit'
1253 2151 1470 2211 extramuros
1494 2145 1756 2212 Vratr‘slaulenses

443 2250 707 2312 monasteriorum
730 2248 896 2312 abbatibus
920 2269 959 2312 ac
981 2249 1098 2312 decano
1120 2271 1145 2313 c.
1170 2249 1312 2331 Apricolt'
1334 2249 1565 2315 Aninioncnsis.

292 2386 404 2451 Gratis
423 2405 484 2468 pro
507 2385 571 2450 deo.
1076 2384 1173 2470 Apud
1204 2387 1442 2466 Villurnnonurn,
1466 2390 1552 2453 1356
1575 2391 1659 2456 Jnln'
1681 2390 1712 2456 9.

375 2573 406 2627 R.
427 2575 475 2626 Au.
497 2580 546 2630 133
566 2574 613 2628 fol.
633 2582 674 2628 31.

896 2732 1101 2746 —

245 2925 335 2990 461.
367 2922 501 2987 Velislao
532 2922 661 2988 Valcaton·
689 2923 727 2986 de
757 2923 959 2986 chtr'nuucs
993 2922 1173 3003 beneficium
1206 2923 1451 2989 ecclesiasticum
1489 2924 1532 2987 ud
1562 2924 1757 2989 collationem

638 3026 772 3108 capitali
794 3027 969 3107 Propencis
988 3027 1152 3108 pertinens
1174 3031 1363 3091 reservatur.

292 3168 405 3232 Gratis
422 3186 484 3250 pro
508 3167 571 3231 deu.
1080 3162 1175 3245 Apud
1206 3165 1444 3245 l'r'llamnouum,
1467 3166 1553 3231 1356
1575 3167 1661 3235 Jnlir'
1682 3172 1712 3235 9.

334 3356 371 3420 l).
395 3356 416 3420 i.
441 3357 594 3421 Wclislao
624 3363 699 3421 nato
730 3358 886 3438 quondam
922 3355 1067 3421 Welislai
1097 3356 1137 3419 de
1169 3356 1400 3421 Kmettinaues
1434 3358 1550 3422 clerico
1587 3360 1756 3441 Pragensis

247 3459 325 3526 dioc.
350 3461 487 3525 salutem
511 3469 571 3526 etc.
596 3461 807 3542 Exigentibus
831 3467 886 3524 tue
902 3460 1071 3542 probitatis
1091 3509 1098 3523 .
1118 3513 1124 3524 .
1145 3509 1177 3523 ..
1202 3460 1355 3525 Volentcs
1371 3461 1479 3541 itaque
1497 3463 1555 3526 tibi
1574 3514 1580 3525 .
1601 3512 1607 3522 .
1628 3512 1635 3525 .
1656 3511 1662 3522 .
1687 3483 1757 3545 gra-

248 3564 327 3628 ciam
349 3564 455 3629 iacere
479 3565 659 3647 specialem,
695 3564 883 3628 beneficium
907 3563 1159 3627 ecclesiasticum
1184 3582 1253 3627 cum
1277 3582 1353 3628 cura
1379 3565 1430 3629 vel
1454 3567 1522 3629 sine
1546 3584 1631 3643 cura,
1665 3568 1755 3631 cuius

248 3667 387 3732 finctus,
403 3721 409 3732 .
424 3718 430 3729 .
446 3719 452 3731 .
466 3670 494 3733 si
506 3688 575 3732 cnm
592 3687 675 3749 ama,
688 3669 952 3750 vigintiquinque,
970 3667 1085 3730 sivero
1102 3668 1169 3731 sine
1183 3686 1258 3730 cura
1274 3667 1381 3750 fuerit,
1397 3670 1507 3733 decem
1517 3677 1630 3734 etucto
1640 3689 1756 3735 marea-

248 3791 315 3836 rum
328 3773 472 3855 argenti.
487 3825 494 3837 .
510 3825 515 3835 .
530 3824 537 3836 .
553 3773 692 3839 valorem
705 3791 841 3837 annuum
855 3792 917 3839 non
925 3772 1091 3852 excedant,
1104 3773 1143 3836 ad
1155 3771 1359 3836 collacionem
1377 3824 1385 3838 .
1406 3826 1411 3837 .
1459 3823 1465 3836 .
1478 3773 1610 3854 capituli
1621 3774 1755 3838 ecclesie

248 3874 415 3958 Pragensis
435 3928 441 3941 .
462 3930 467 3942 .
488 3926 496 3942 .
516 3877 709 3960 ‚pertinens
729 3929 736 3941 .
756 3929 761 3940 .
783 3929 789 3942 .
809 3876 1052 3942 ,conferendum
1065 3875 1124 3939 tibi
1144 3927 1151 3939 .
1171 3926 1177 3938 .
1197 3924 1204 3938 .
1225 3876 1412 3941 .donacioni
1424 3877 1598 3957 apostolice
1612 3895 1755 3942 reserva-

247 3998 324 4062 mus,
343 4031 350 4045 .
371 4032 376 4045 .
397 4031 432 4045 ..
467 4000 529 4046 non
552 3982 752 4047 obstantibus
755 4029 870 4054 .....
905 3981 989 4062 qnod
1012 3979 1198 4044 beneficium
1222 3979 1473 4044 ecclesiasticum
1505 3998 1576 4044 curn
1608 4001 1683 4045 cura
1706 3983 1757 4046 vel

248 4084 314 4150 sine
339 4103 423 4164 cura,
457 4093 607 4167 spectans
637 4087 677 4150 ad
700 4086 906 4150 collacionem
925 4132 932 4147 .
952 4137 958 4148 .
979 4133 1012 4148 ..
1048 4083 1209 4147 abbatisse
1240 4090 1275 4148 et
1305 4089 1478 4148 tcrrventus
1510 4086 1696 4150 monasterii
1721 4087 1753 4149 in

250 4186 397 4271 Tepplicz
421 4190 542 4254 ordinis
565 4209 588 4253 s.
613 4190 782 4255 Benedicti
813 4190 897 4254 dicte
922 4188 1002 4252 dioc.
1026 4188 1059 4250 in
1082 4204 1121 4250 ea
1143 4186 1251 4268 forma,
1286 4188 1458 4251 secundum
1483 4206 1576 4268 quam
1599 4210 1656 4271 pro
1680 4208 1756 4271 pau-

250 4293 377 4374 peribus
400 4293 525 4357 clericis
548 4293 776 4358 beneficiandis
800 4299 875 4357 tnnc
898 4291 1091 4373 scripsimus,
1115 4292 1305 4356 auctoritate
1330 4291 1509 4355 litterarum
1525 4298 1703 4356 nostrarum
1720 4300 1753 4357 te

250 4397 365 4461 asseris
388 4403 568 4479 expectare,
591 4415 669 4477 quas
693 4397 820 4478 quidem
843 4397 970 4461 litteras
993 4401 1028 4460 ct
1050 4413 1218 4476 processus
1242 4395 1367 4460 babitus
1390 4414 1448 4477 per
1471 4397 1598 4461 easdem
1623 4403 1657 4461 et
1680 4415 1755 4478 que·

250 4517 370 4581 cunque
386 4500 459 4564 inde
472 4507 583 4565 secuta
605 4520 729 4566 exnunc
752 4519 913 4565 cassamus
936 4507 970 4565 et
992 4500 1154 4564 irritamus
1178 4500 1358 4580 nulliusque
1381 4501 1526 4564 volumus
1542 4519 1614 4565 esse
1638 4502 1756 4566 valoris

250 4604 296 4666 vel
329 4605 481 4669 momenti
501 4657 506 4670 .
526 4655 533 4669 .
553 4657 586 4670 ..
635 4607 670 4669 Ι).
696 4607 779 4687 apud
815 4606 1046 4670 Villamnonam
1081 4604 1306 4668 duinicnensis
1342 4604 1419 4668 dioc
1455 4603 1515 4668 Vll
1545 4605 1587 4670 id.
1622 4605 1701 4668 Julii
1726 4624 1753 4669 a.

249 4717 368 4788 quarto.

376 4849 412 4913 ln
435 4868 463 4914 e.
487 4869 527 4913 m,
552 4849 603 4913 dd.
628 4847 660 4913 fs.
683 4899 714 4912 ..
739 4849 900 4930 preposito
924 4867 948 4914 s.
963 4849 1069 4930 Egidii
1093 4848 1262 4930 Pragcnsis
1286 4856 1320 4911 et
1339 4899 1345 4913 .
1367 4848 1488 4929 ipsius
1513 4867 1549 4911 ac
1568 4898 1574 4911 .
1596 4900 1601 4911 .
1627 4865 1650 4910 s.
1664 4848 1756 4928 Agri-

250 4953 307 5016 coli
331 4953 558 5017 Aninionensis
581 4952 786 5017 ecclesiannn
813 4953 941 5016 decanis
962 5003 968 5016 .
987 5000 994 5014 .
1015 5004 1021 5017 .
1044 5004 1048 5014 .

376 5141 408 5195 R.
428 5144 478 5195 Al.
499 5147 546 5195 133
565 5141 612 5195 sol.
631 5147 673 5192 Ἠ.
