3944 6060
231 431 296 494 284
838 427 909 480 Acta
927 426 1080 480 Innocentii
1099 425 1144 480 VI.

230 636 371 717 gecione,
395 637 582 715 iuramento,
613 637 856 700 renunciacioue
881 642 915 700 et
945 635 1191 716 magisvaleucia
1214 643 1247 698 et
1270 635 1444 700 sentenciis
1479 637 1647 701 consuetis
1673 654 1746 700 cum

229 741 440 804 submissione
456 740 671 804 iuridicciouis
686 741 719 803 iu
737 741 878 805 Romana
901 740 988 804 curia
1003 757 1128 803 camere
1152 739 1337 820 apostolice.
1362 738 1512 804 Testibus
1534 740 1747 821 presentibus

232 841 366 924 Symono
389 844 497 908 Boerii
521 850 554 907 et
577 843 736 908 Hermann
760 845 880 909 decano
904 844 1135 918 Mortuseusi.⁸l
1160 879 1201 888 -
1225 842 1382 906 Arualdus
1405 842 1567 907 lobannis.

362 1048 430 1102 Coll.
464 1049 554 1101 Alam.
579 1060 594 1095 n
619 1048 666 1101 sol.
692 1056 758 1103 148¹.
789 1078 823 1088 -
850 1048 915 1116 Reg.
952 1047 1024 1116 apud
1060 1047 1168 1114 Kirscb,
1200 1050 1329 1101 Auuateu
1353 1049 1366 1102 Ι
1390 1064 1451 1117 pag.
1476 1053 1508 1102 67
1540 1048 1633 1102 adnot.
1660 1056 1685 1101 4.
1714 1080 1748 1088 -

232 1139 257 1199 ΙΙ)
277 1135 400 1203 Corripe:
419 1136 607 1202 ,Nortusensi‘.
630 1165 661 1174 —
682 1138 701 1199 ¹)
720 1136 833 1189 Sazema
851 1143 932 1188 natus
951 1134 1080 1187 Snaemae
1108 1133 1141 1186 de
1168 1134 1235 1188 Uslr.
1263 1135 1283 1196 ’ἢ
1310 1133 1384 1202 ,XIX
1410 1135 1513 1189 mensis
1547 1135 1694 1190 Februarii
1721 1152 1748 1189 a.

231 1221 430 1275 MCCCLVIII‘
457 1229 487 1275 ut
513 1223 542 1274 iu
569 1239 608 1274 ur.
629 1228 687 1276 724.
718 1225 739 1290 ³)
758 1223 854 1276 Petrus
882 1221 917 1274 de
932 1220 1118 1276 Kunzeudori.
1142 1251 1167 1260 -
1188 1221 1232 1274 De
1250 1221 1446 1289 compositione
1465 1222 1609 1291 praedicta
1634 1230 1665 1275 et
1682 1238 1749 1276 con·

231 1306 386 1361 firmatione
406 1308 495 1362 dictae
514 1310 723 1378 praepositurae
744 1310 872 1372 „Sezemo
898 1315 962 1362 nato
980 1308 1086 1362 Sazemi
1104 1307 1138 1361 de
1158 1307 1233 1361 Vsk“
1254 1307 1282 1360 in
1307 1308 1375 1362 Coll.
1394 1309 1483 1362 Alam.
1503 1317 1519 1362 4
1539 1307 1587 1362 sol.
1608 1316 1633 1362 7¹
1652 1310 1747 1363 brevis

232 1394 334 1446 mentio
355 1397 391 1447 tit.
411 1394 472 1458 (Ed.
491 1395 564 1461 apud
591 1395 699 1462 Kirsch,
719 1397 847 1448 Annaieu
872 1397 882 1447 I
902 1411 963 1463 pag.
982 1399 1015 1446 67
1033 1410 1074 1446 nr.
1096 1399 1147 1457 10.)
1169 1423 1195 1432 -
1222 1395 1264 1447 De
1282 1395 1419 1449 solutione
1437 1395 1465 1447 iu
1485 1394 1553 1449 Coll.
1579 1396 1670 1449 Alam.
1691 1402 1746 1450 290

232 1478 279 1531 iol.
300 1483 340 1534 17⁶
361 1496 479 1547 sequeus
498 1488 564 1534 nota
583 1483 733 1550 reperitur:
756 1482 882 1544 „Fiuavit
899 1481 942 1534 die
962 1481 1027 1532 XIX
1040 1480 1141 1533 mensis
1159 1481 1302 1534 Februarii
1322 1483 1386 1536 anni
1403 1482 1494 1536 LVIII
1506 1482 1543 1537 ad
1562 1483 1747 1552 septuaginta

232 1563 350 1619 florenos
370 1567 429 1620 auri
448 1567 577 1636 ponderis
603 1568 742 1621 sentencie
760 1568 794 1621 de
813 1568 956 1622 Floreucia
981 1567 1127 1621 solvendos
1146 1566 1217 1620 inira
1236 1569 1389 1636 proximum
1416 1568 1516 1623 festum
1536 1568 1746 1638 purificaciouis

232 1651 257 1703 b.
276 1652 363 1705 Marie
382 1652 547 1707 MCCOLIX.
567 1654 654 1706 Solvit
675 1651 704 1710 X
720 1653 780 1709 tior.
803 1684 828 1693 -
851 1656 876 1707 X
894 1653 953 1708 flor.
973 1660 1001 1707 et
1018 1654 1099 1708 debet
1123 1654 1230 1709 solvere
1248 1654 1387 1709 residuum
1405 1655 1479 1709 iufra
1496 1655 1577 1709 XIIII
1596 1655 1673 1719 dies;
1699 1656 1746 1710 (lie

231 1736 268 1790 VI
288 1738 391 1791 mensis
409 1738 550 1792 Februarii
569 1755 592 1791 a.
611 1740 770 1792 IICCGLIX
789 1741 870 1794 solvit
888 1739 1028 1794 Conradus
1048 1741 1192 1808 Prageusis
1212 1743 1311 1795 —LX
1330 1741 1405 1796 sorr

234 2051 321 2115 726.
348 2049 478 2114 Cercitis
516 2054 729 2117 maranorum
751 2054 923 2136 Imperator
952 2060 983 2118 ei
1012 2053 1185 2117 Belemina
1217 2075 1274 2118 rea
1296 2055 1467 2137 supplicat,
1502 2060 1658 2139 quatenns
1692 2057 1743 2120 di-

232 2151 329 2217 lecim
360 2154 544 2236 capellanus
575 2177 651 2220 sans
681 2157 869 2221 domesticus
899 2157 1125 2239 commensalis,
1152 2160 1265 2234 froier
1296 2158 1386 2242 ano
1417 2160 1455 2222 de
1483 2159 1673 2241 Bomparlis
1703 2159 1745 2224 de

232 2257 422 2337 Mediolano,
446 2261 613 2324 canonicus
643 2262 827 2324 monasterii
850 2260 887 2324 de
921 2258 1153 2341 ,Carsenaacffl
1185 2261 1435 2327 Mediolanenses
1457 2262 1535 2328 dioc.
1565 2263 1689 2327 ordinis
1712 2286 1740 2328 s.

231 2358 412 2440 Anpnslini,
435 2365 469 2426 in
492 2364 693 2446 capellanum
711 2386 821 2446 papae
851 2365 1088 2428 corrrmensalem
1111 2371 1328 2445 assnmaiur⁸)
1352 2371 1381 2430 ei
1403 2366 1503 2430 eidem
1523 2366 1561 2431 de
1577 2368 1743 2449 prorata,

226 2465 462 2546 praepositura,
485 2467 649 2547 diqniiale,
669 2473 844 2550 personale
865 2468 913 2531 oei
936 2468 1040 2546 officio
1056 2469 1099 2531 od
1121 2469 1317 2532 collationem
1334 2471 1513 2551 praeposili
1527 2475 1557 2533 el
1572 2474 1742 2534 convenius

230 2570 415 2632 monasterii
438 2571 698 2651 Moriariensisb)
721 2573 891 2654 Pupiensis
912 2572 990 2636 dioc.
1016 2573 1137 2635 ordinis
1159 2593 1183 2637 s.
1207 2573 1382 2653 Anynsiini
1406 2574 1641 2656 pertinentibus
1659 2597 1738 2657 pro·

230 2672 385 2736 oideainr.
410 2712 451 2721 —
478 2675 571 2752 ,Fici
595 2676 637 2738 ad
660 2676 860 2740 collusionem
882 2677 1067 2740 morrasierii
1088 2677 1139 2739 sni
1163 2677 1202 2741 G.
1227 2677 1302 2740 Sine
1324 2675 1392 2741 alia
1413 2676 1553 2742 leccione.
1591 2678 1634 2742 Ei
1656 2679 1741 2762 qnod

283 2780 428 2841 irenseal
451 2780 519 2842 sine
541 2780 610 2842 alia
634 2779 775 2844 leccione.
801 2781 874 2843 Fial
901 2782 938 2845 G.
964 2782 1004 2844 D,
1028 2780 1185 2844 Aninione
1216 2782 1244 2840 V
1260 2782 1324 2846 lral.
1350 2782 1474 2846 Marcii.
1499 2804 1529 2847 a.
1553 2787 1674 2848 sexlo.“

1148 2919 1309 2987 Aninione.
1340 2921 1427 2982 1358
1450 2920 1619 2986 Februarii
1640 2924 1693 2986 25.

335 3131 367 3184 R.
386 3132 480 3202 Suppl.
500 3139 533 3186 29
552 3133 598 3185 iol.
627 3138 668 3186 64.
688 3164 720 3171 —
735 3144 759 3198 a)
787 3134 829 3186 Ad
847 3134 928 3187 istam
953 3132 1182 3203 supplicationem
1202 3134 1228 3186 in
1249 3151 1331 3202 rnnrg.
1357 3135 1429 3188 dext.
1450 3150 1568 3202 sequeus
1588 3142 1655 3189 uota
1674 3151 1737 3205 per-

232 3214 312 3268 tinet:
333 3217 384 3281 ,Ad
403 3218 482 3271 istam
503 3235 574 3286 papa
594 3234 647 3271 uon
666 3220 829 3287 respoudet‘.
863 3221 887 3284 b)
916 3219 1129 3281 ,Mortauieusis‘
1148 3220 1241 3288 Suppl.

234 3515 322 3579 727.
347 3514 465 3578 Salutio
483 3516 592 3597 pariis
616 3518 785 3594 fructuum
804 3535 865 3597 pro
897 3517 1027 3579 annalis
1051 3516 1088 3578 de
1106 3515 1290 3595 praebenda
1318 3514 1474 3579 Bobnssio
1497 3516 1535 3580 de
1559 3516 1745 3583 Pardnlricz

725 3621 874 3682 canonico
900 3618 1096 3684 Olamneensi
1119 3619 1243 3683 calloio.

1409 3777 1501 3857 reae,
1527 3778 1642 3841 urano
1667 3780 1697 3842 1.

362 3970 451 4031 quo
472 4017 478 4029 .
499 4018 504 4027 .
526 4016 558 4029 ..
592 3967 710 4030 domiui
733 3967 901 4029 millesiruo
932 3965 1009 4031 000
1037 3966 1300 4046 quiuquagesimo
1331 3972 1452 4044 octavo,
1483 3966 1662 4031 indiccione
1695 3969 1747 4034 XI

231 4072 434 4153 pontificatus
454 4120 460 4132 .
480 4121 486 4132 .
508 4121 539 4132 ..
564 4069 743 4133 quoceucii
764 4120 770 4133 .
791 4121 797 4132 .
820 4123 825 4134 .
846 4121 852 4132 .
876 4088 958 4151 pape
982 4068 1025 4132 VI
1048 4088 1129 4133 arum
1154 4076 1253 4132 sexto.

362 4210 421 4273 Die
445 4209 546 4290 prima
569 4209 686 4271 mensis
710 4209 822 4271 Illarcii
846 4209 966 4288 recepti
989 4208 1119 4271 fuerunt
1142 4210 1180 4272 ab
1205 4207 1303 4272 Ousio
1326 4210 1366 4272 tle
1391 4208 1607 4288 Porcluniczb
1644 4228 1746 4275 cauo-

233 4314 302 4376 uico
335 4312 537 4377 Olomuceusi
576 4331 632 4393 pro
669 4319 761 4393 parte
800 4311 958 4375 fructuum
996 4312 1156 4392 prebende
1195 4330 1262 4391 sue,
1287 4313 1326 4375 ad
1364 4330 1519 4375 cameram
1553 4311 1746 4393 pertinente

231 4436 288 4498 pro
305 4417 443 4496 annuali,
467 4436 523 4498 pro
540 4434 587 4496 eo,
612 4416 686 4495 quia
709 4416 749 4478 ad
765 4416 918 4479 decimam
942 4434 1005 4479 uou
1027 4421 1077 4478 est
1101 4421 1218 4495 taxato,
1244 4421 1278 4477 ut
1301 4416 1447 4497 asseruit,
1469 4415 1560 4479 iuxta
1582 4418 1747 4498 composi·

233 4522 353 4585 cionem
378 4521 493 4584 factam
516 4539 573 4601 per
596 4538 667 4583 erim
691 4538 760 4582 cum
785 4520 871 4583 dicta
900 4537 1033 4600 camera,
1058 4525 1092 4582 ut
1116 4519 1148 4581 iu
1171 4518 1383 4583 instrumento
1415 4537 1473 4600 per
1496 4519 1657 4584 domiuum
1683 4520 1746 4587 Jo-

232 4626 367 4689 hanuem
393 4626 551 4707 Palaysini
575 4624 731 4688 notarium
758 4624 856 4704 ipsius
873 4640 997 4685 camere
1021 4640 1117 4703 super
1139 4622 1198 4686 boc
1213 4629 1352 4703 recepto,
1377 4622 1567 4704 continetur,
1591 4623 1746 4690 solvente

231 4746 289 4810 per
312 4747 422 4793 luanus
446 4730 532 4793 Petri
557 4729 729 4794 Hermanui
754 4728 861 4791 clerici
884 4724 1171 4801 bocumuileunsb)
1195 4727 1273 4790 dioc.
1307 4763 1345 4770 —
1382 4726 1440 4791 XX
1463 4724 1575 4791 floreui
1599 4745 1747 4796 camere.

362 4935 413 4988 lut.
433 4944 460 4986 et
478 4935 550 4988 Exit.
570 4940 727 4995 (13b8I286.
748 4934 794 4986 Iol.
815 4941 854 4986 l3.
874 4961 907 4970 -
926 4928 976 4982 Ed.
989 4930 1062 5000 apud
1082 4931 1189 4996 Kirsch,
1208 4933 1339 4983 Aunateu
1359 4931 1444 5000 Ipag.
1464 4935 1497 4983 lb
1520 4959 1546 4968 -
1564 4939 1589 4997 ι)
1610 4929 1744 5001 Corripe:

229 5020 340 5088 ,Bousio
360 5020 393 5074 de
411 5021 577 5074 Pardubicz‘.
593 5022 617 5084 s,
638 5021 762 5089 corrige:
787 5019 1023 5087 ,Lirtomusleueis
1061 5049 1093 5057 -
1130 5016 1207 5071 (Ioni.
1226 5034 1266 5070 nr.
1285 5023 1344 5070 458.
1373 5047 1398 5056 -
1430 5018 1471 5069 De
1489 5017 1694 5085 compositione
1713 5025 1749 5074 et

229 5107 367 5164 solutione
387 5107 535 5177 praedictis
555 5108 636 5161 etiam
656 5110 682 5160 in
702 5108 760 5161 (lbl.
781 5116 806 5160 ct
827 5107 882 5162 Sol.
901 5114 934 5160 23
956 5108 980 5158 Α
1000 5105 1050 5159 iol.
1070 5110 1102 5161 92
1122 5104 1223 5156 mentio
1245 5103 1284 5157 tit.

883 5335 1088 5346 —.-.—-
