3944 6060
733 460 799 508 teto
817 453 937 524 Augusti
960 459 990 506 t't
1014 485 1039 493 -
1062 455 1181 523 Augusti
1200 462 1242 508 24.
1676 463 1741 524 453

158 658 162 665 ’
240 664 354 742 videre,
379 683 448 729 cum
480 665 630 730 clausulis
654 664 824 746 anteferri3
859 666 1103 747 nonobstante,
1137 666 1220 747 quod
1243 666 1460 731 canonicatum
1485 672 1518 733 et
1539 669 1731 751 prebendam

239 768 370 833 ecclesie
405 768 635 849 Cracouionsis,
670 770 710 833 de
734 769 848 850 quibus
871 768 988 851 litigat,
1019 789 1056 836 ac
1077 769 1310 852 preposituram
1334 788 1358 834 s.
1384 770 1550 836 Michaelis
1574 771 1607 835 in
1631 778 1736 838 castro

241 869 441 953 Oracouieusi
464 872 606 938 noscitur
628 872 783 953 obtinere,
809 892 901 954 quam
925 879 1057 957 paratus
1080 879 1131 939 est
1154 874 1316 940 dimittere
1338 882 1412 957 post
1434 877 1671 942 assecutionem
1684 896 1738 958 pa-

242 976 356 1041 cificam
379 977 513 1042 alicuius
537 977 703 1059 dignitatis
727 977 834 1060 vigore
856 977 1037 1044 huiusmodi
1061 979 1176 1060 gracie,
1201 985 1327 1044 etcum
1351 980 1422 1044 aliis
1446 1000 1507 1047 non
1540 981 1740 1046 obstantibus

246 1088 276 1145 et
296 1080 448 1146 clausulis
471 1083 636 1164 oportunis
660 1101 697 1148 ac
720 1082 944 1148 executoribus

368 1202 441 1266 liat
466 1202 503 1267 G.

366 1322 446 1388 ltem
481 1342 538 1406 pro
561 1323 673 1390 eodem
708 1325 747 1389 ds
781 1324 968 1391 canonicatu
1002 1327 1060 1391 sub
1084 1327 1310 1408 expectatione
1333 1329 1494 1410 prebende
1517 1288 1660 1393 eiusdem
1685 1347 1734 1393 ec-

241 1426 333 1492 clesie
356 1426 641 1510 Wratislauiensis,
676 1446 744 1492 cum
769 1428 921 1494 clausulis
954 1431 1241 1496 nonobstantibus
1275 1438 1309 1497 et
1332 1435 1415 1514 quod
1440 1452 1573 1498 exanren
1596 1434 1737 1499 commit·

243 1536 329 1596 tatur
351 1531 391 1597 ad
414 1536 532 1615 partes.

367 1653 441 1721 Fiat
464 1654 502 1720 G.

367 1776 411 1843 ut
433 1776 502 1842 sine
526 1776 589 1840 alia
612 1776 763 1843 leccione.
788 1777 860 1842 Fiat
886 1778 922 1844 G.

368 1899 405 1963 D.
427 1898 513 1982 apud
535 1896 766 1965 Villamnouam
797 1899 1024 1965 Aninionensis
1054 1900 1135 1965 dioc.
1158 1899 1233 1965 XVI
1257 1900 1319 1965 kal.
1345 1901 1541 1983 Septembris
1565 1920 1592 1966 a.
1616 1907 1737 1968 octavo.

367 2086 398 2142 Β.
418 2086 514 2156 Suppl.
534 2094 564 2143 81
586 2086 633 2142 fol.
652 2093 711 2142 nte.

888 2263 1092 2274 -—.-—-

235 2438 353 2503 1129.
390 2436 506 2521 Sepneo
542 2434 704 2516 Wtostci⁸)
730 2434 916 2519 providetur
944 2434 983 2498 de
1012 2435 1199 2500 canonicatu
1228 2435 1376 2501 ecciesiae
1407 2435 1665 2502 Vratislaoiensis
1686 2437 1743 2502 aab

232 2542 448 2624 expectatione
467 2540 677 2625 praebendae,
701 2560 762 2604 non
784 2538 980 2604 obstantibus
1001 2543 1037 2602 ut
1057 2541 1092 2604 in
1114 2538 1345 2623 supplicatione
1366 2539 1422 2605 sub
1446 2562 1495 2607 ur.
1519 2542 1616 2605 1128.
1658 2541 1740 2624 „Ha-

234 2649 344 2710 nestaa
373 2647 515 2710 morum“
571 2644 686 2728 „Apud
727 2643 957 2708 Villamnouam
986 2643 1212 2710 Aninionensis
1247 2645 1323 2710 dioc.
1347 2642 1431 2708 XVI
1463 2643 1527 2710 kal.
1551 2644 1743 2727 Septembris

236 2767 267 2811 a.
290 2750 425 2813 octaua·
453 2786 495 2796 —
519 2751 558 2814 In
579 2770 604 2815 e.
628 2769 669 2817 m.
694 2748 835 2832 episcopo
858 2747 1071 2812 Pcsnanicnai
1104 2752 1133 2812 ct
1158 2747 1373 2814 Oracooiensis
1397 2769 1436 2813 ac
1459 2768 1486 2813 s.
1504 2748 1645 2830 Apricoli
1667 2750 1742 2815 Avi·

364 2929 369 2976 Ι
715 2851 874 2916 nicaensis
896 2850 1098 2917 ecclesiarum
1122 2851 1261 2916 decernis.

286 2965 397 3096 ἐξ.
815 3074 822 3085 ¹
988 2990 1083 3073 Apud
1114 2989 1352 3070 Villamnouam,
1381 2989 1461 3054 1360
1483 2987 1623 3072 Aupusti
1644 2991 1696 3057 17.

365 3182 397 3235 Β.
416 3184 466 3234 As.
489 3186 536 3235 143
555 3181 603 3234 fol.
622 3186 681 3234 abt.
701 3208 732 3218 -
752 3184 778 3246 ι)
795 3177 939 3248 ‚Wlostey¹
958 3181 1007 3232 Aa.

239 3567 353 3632 1130.
379 3565 525 3630 btrrtbiae
546 3563 628 3627 dicto
651 3561 819 3644 Kierinper
841 3565 870 3625 et
895 3559 1084 3627 Catberinac
1106 3561 1173 3626 eius
1197 3562 1290 3625 uxori
1313 3561 1431 3626 civibus
1455 3561 1670 3642 Prapensibus
1693 3561 1741 3624 in·

239 3668 389 3752 caperer,
412 3672 447 3731 ut
471 3666 630 3752 confessor
652 3685 758 3730 eorum
781 3666 816 3729 in
837 3664 948 3729 mortis
982 3665 1116 3730 articula
1142 3666 1273 3748 plenam
1308 3666 1445 3730 ninnium
1463 3670 1669 3749 peccatorum
1691 3686 1741 3728 re·

238 3772 415 3838 missionem
448 3774 493 3836 eis
516 3770 681 3835 concedere
708 3771 814 3853 possit.
864 3771 1050 3851 ,‚Prooenit“
1090 3769 1205 3852 „Apud
1247 3767 1483 3833 Villamnouam
1517 3768 1742 3833 Aninioneasis

652 3873 729 3938 diac.
756 3875 785 3936 X
793 3874 819 3936 i'
829 3872 892 3937 kal.
917 3873 1107 3956 Septembris
1132 3896 1162 3938 a.
1186 3873 1321 3937 octavo.“

984 4010 1080 4095 Apud
1111 4010 1349 4088 Villamnouam,
1376 4012 1459 4074 1360
1482 4010 1621 4091 Anpusti
1645 4012 1694 4075 18.

362 4207 394 4260 Β.
412 4207 462 4259 Ar.
484 4210 532 4258 tte
552 4203 599 4257 tol.
618 4208 680 4256 5³0.

240 4537 351 4604 1131.
378 4536 441 4599 Pro
463 4532 597 4599 Waltero
611 4530 772 4600 Jobannis
790 4531 965 4616 Ossuuni·)
980 4531 1194 4614 supplicatur,
1211 4535 1365 4613 quatenus
1376 4528 1604 4612 praesentatio,
1634 4546 1740 4609 accep-

239 4640 315 4703 tatio
337 4644 366 4703 et
387 4637 514 4702 collatio
537 4639 566 4702 ei
582 4636 699 4723 factae
732 4636 771 4702 dc
795 4635 895 4700 abari
919 4635 1067 4699 Omnium
1090 4636 1279 4700 Sanctorum
1312 4635 1346 4696 in
1368 4633 1499 4697 ecclesia
1530 4653 1555 4696 s.
1581 4630 1740 4695 Leauardi

240 4743 393 4828 Prapcnsi
415 4741 648 4826 confirmentur,
671 4742 718 4806 vel
740 4742 769 4805 ci
791 4740 828 4805 de
851 4739 954 4803 eodem
978 4739 1077 4804 altari
1100 4739 1137 4804 de
1158 4757 1236 4802 noae
1256 4737 1471 4819 provideatur.
1511 4773 1543 4782 -
1580 4735 1675 4817 „Fiat
1699 4733 1737 4798 G.

307 4848 352 4911 Et
373 4847 441 4912 sine
464 4845 603 4911 laram.
628 4846 703 4910 Fiat
728 4842 766 4909 G.
798 4845 841 4911 D.
867 4841 1024 4909 Aninione
1054 4840 1451 4924 1⁷1111aat.Sepcentris
1479 4863 1510 4906 a.
1534 4839 1668 4906 actuata.l

1179 4983 1343 5060 Aaronom,
1370 4982 1454 5044 1360
1477 4980 1618 5061 Anpasu
1639 4981 1691 5044 24.

296 5131 297 5135 Ἰ
362 5135 394 5230 Β.
413 5175 509 5244 Suppl.
529 5180 559 5229 ut
580 5173 627 5229 tol.
647 5181 705 5228 241.
727 5205 759 5214 -
771 5178 795 5241 ι)
815 5172 934 5238 ,Osanni
953 5172 1050 5242 Suppl.
1071 5201 1098 5210 -
1119 5168 1150 5227 lu
1169 5188 1254 5239 marg.
1273 5171 1361 5225 dext:
1381 5185 1439 5238 ,pro
1459 5171 1583 5223 camera‘.

884 5381 1089 5391 ————
