3990 6052
744 420 810 468 1368
828 413 953 467 lanuarii
973 418 1004 468 12
1024 444 1057 453 -
1076 413 1219 466 Februarii
1239 418 1263 465 8.
1694 415 1758 479 279

250 624 348 705 priori
372 630 405 687 et
429 624 569 706 capitulo
592 630 626 688 et
650 625 782 706 singulis
805 624 951 706 personis
975 624 1118 688 eiusdem
1142 624 1274 705 capituli
1298 628 1332 686 et
1356 623 1490 687 ecclesie
1514 641 1635 686 necnon
1659 621 1757 686 horni-

249 729 343 792 nibus
366 728 539 793 eorundem
562 746 659 810 super
681 729 820 809 querelis
842 747 900 809 per
924 746 978 793 eos
1001 746 1106 792 coram
1131 728 1250 792 eisdem
1275 727 1424 809 episcopo
1448 734 1481 790 et
1497 726 1623 790 vicariis
1647 734 1758 791 contra

250 831 394 897 homines
431 838 464 897 et
494 850 648 914 personas
678 832 781 897 eidem
813 832 962 914 episcopo
993 832 1153 896 subiectos
1183 825 1355 914 propositis
1386 831 1544 895 iusticiam
1577 831 1757 894 ministrare

252 936 414 1001 maliciose
437 943 587 1000 recusant
609 936 659 1000 vel
683 937 797 1000 saltem
820 955 855 1000 se
879 936 1079 1018 negligentes
1104 937 1135 999 in
1159 937 1207 999 eis
1231 935 1383 1000 exhibent
1406 941 1440 998 et
1463 935 1628 1017 remissos3
1659 936 1756 1014 quod-

251 1059 312 1120 que
336 1038 480 1121 prefatus
504 1041 672 1122 episcopus
695 1040 875 1104 incivitate
898 1040 1157 1106 Luthomuslensi
1181 1040 1338 1120 quendam
1354 1040 1457 1103 locum
1481 1039 1614 1102 fratrum
1637 1040 1758 1104 ordinis

249 1144 475 1208 heremitarum
500 1163 525 1208 s.
550 1145 721 1226 Augustini
755 1150 865 1208 contra
888 1145 1039 1208 carronica
1074 1145 1224 1207 instituta
1247 1144 1351 1207 erexit
1382 1160 1438 1206 sen
1463 1142 1541 1222 erigi
1572 1147 1756 1223 procuravit

250 1257 284 1313 et
306 1248 384 1313 fecit
406 1254 440 1311 et
462 1249 495 1312 in
517 1267 555 1313 eo
579 1248 732 1329 quosdam
763 1248 879 1311 fratres
903 1248 979 1312 dicti
1010 1248 1130 1312 ordinis
1162 1248 1293 1311 intrusit
1323 1253 1357 1309 et
1380 1247 1533 1310 nonnulla
1555 1247 1618 1310 alia
1645 1268 1755 1328 grava-

250 1354 343 1434 mina,
368 1353 514 1433 dampna,
539 1353 775 1434 impedimenta,
805 1353 947 1432 iniurias,
979 1352 1152 1433 molestias
1176 1353 1315 1415 iacturas
1339 1357 1372 1414 et
1403 1352 1664 1431 perturbaciones
1695 1355 1756 1418 eis·

251 1457 322 1520 dem
346 1456 452 1537 priori,
476 1457 600 1520 custodi
623 1462 657 1520 et
680 1457 819 1537 capitulo
843 1463 877 1520 et
899 1457 1113 1538 singularibus
1145 1457 1290 1539 personis
1314 1457 1456 1519 eiusdem
1481 1456 1616 1519 ecclesie
1640 1474 1698 1537 per
1721 1477 1756 1523 se

252 1567 285 1623 et
309 1559 388 1625 alios
413 1560 529 1641 intulit,
553 1560 706 1641 irrogavit
728 1567 762 1623 et
785 1559 861 1623 lecit
885 1580 920 1623 ac
944 1561 1064 1638 inferri,
1089 1560 1223 1642 irrogari
1239 1565 1273 1624 et
1295 1559 1364 1623 fieri
1388 1559 1549 1622 rnandavit
1572 1566 1605 1622 et
1628 1578 1685 1623 suo
1702 1580 1754 1627 no·

253 1665 338 1728 mine
361 1682 419 1729 seu
442 1666 590 1729 mandato
614 1666 713 1745 illata,
737 1665 877 1745 irrogata
900 1672 934 1727 ct
956 1665 1040 1728 facta
1063 1671 1133 1729 rata
1156 1664 1267 1727 habuit
1290 1669 1324 1727 et
1348 1670 1479 1744 accepta
1509 1670 1543 1726 ct
1564 1664 1687 1745 inferri,
1711 1666 1755 1729 la-

253 1785 325 1831 cere
341 1774 376 1832 et
392 1769 525 1850 irrogari
548 1788 610 1833 non
633 1776 739 1832 cessat
760 1769 793 1832 in
817 1768 920 1831 anime
945 1786 1001 1831 sue
1024 1770 1209 1848 periculum,
1232 1769 1389 1833 dictorum
1412 1767 1537 1847 prioris,
1562 1770 1703 1833 custodis
1720 1777 1755 1835 et

252 1872 383 1954 capituli
407 1879 441 1937 et
463 1873 598 1937 ecclesie
634 1891 761 1937 enorme
792 1872 999 1954 preiudicium
1035 1878 1067 1936 et
1091 1872 1272 1936 scandalum
1307 1872 1522 1953 plurimorum,
1557 1879 1590 1935 ct
1624 1874 1754 1938 nichilo·

253 1977 357 2040 minus
373 1978 412 2041 de
430 1977 590 2041 nonnullis
607 1977 810 2058 pecuniarum
828 1976 957 2040 summis
974 1983 1007 2040 et
1022 1978 1118 2040 rebus
1143 1976 1223 2058 aliis,
1248 1977 1279 2038 in
1297 1976 1411 2056 quibus
1428 1976 1548 2039 eisdem
1572 1978 1679 2058 priori,
1703 1997 1754 2042 ou·

251 2081 335 2144 stodi
358 2090 392 2144 et
415 2081 553 2161 capitulo
577 2099 616 2144 ex
640 2080 744 2144 causis
768 2081 919 2161 legitimis
943 2086 1080 2161 tenetur,
1104 2081 1152 2143 eis
1177 2079 1363 2144 satisfacere
1386 2080 1529 2144 indebite
1554 2081 1753 2163 contradicit,

250 2201 346 2265 super
369 2185 483 2265 quibus
506 2186 622 2266 prelati
645 2189 730 2267 prior
754 2193 787 2249 et
810 2191 918 2249 custos
948 2191 982 2247 et
1005 2185 1178 2265 capitulum
1202 2185 1241 2249 ad
1274 2185 1447 2265 apostolice
1472 2185 1557 2247 sedis
1580 2186 1754 2248 remedium

250 2290 409 2353 duxerunt
431 2290 595 2353 humiliter
617 2291 852 2354 recurrendum.
876 2289 941 2353 Nos
965 2291 1073 2369 itaque
1104 2287 1284 2351 huiusmodi
1309 2288 1482 2352 discordias
1506 2290 1675 2369 plurimum
1700 2291 1755 2353 de-

250 2398 409 2457 testantes
433 2413 470 2458 ac
493 2395 667 2476 cupientes,
691 2395 774 2476 quod
798 2393 1008 2474 interipsum
1032 2393 1224 2473 episcopum,
1255 2393 1402 2473 priorem,
1426 2394 1589 2457 custodem
1613 2399 1647 2457 et
1669 2396 1753 2474 capl-

250 2497 349 2560 tnlum
374 2498 475 2561 enims
498 2497 645 2561 hincinde
670 2498 799 2577 querele
823 2516 878 2561 seu
904 2497 1080 2576 questionis
1111 2496 1243 2560 tollatur
1265 2497 1396 2574 occasio,
1420 2502 1455 2559 et
1477 2498 1560 2577 quod
1590 2498 1754 2561 intereos

251 2600 358 2682 vigeat
381 2601 489 2665 debite
513 2602 656 2666 caritatis
680 2601 824 2683 suffectus,
848 2601 1043 2664 lratemitati
1066 2605 1121 2663 tue
1145 2619 1203 2682 per
1221 2600 1395 2681 apostolica
1418 2600 1538 2683 scripta
1560 2601 1753 2683 innodamus,

251 2705 400 2784 quatinus
424 2706 615 2770 auctoritate
639 2712 747 2770 nostra
770 2706 899 2786 vocatis,
923 2705 976 2785 qui
991 2703 1111 2767 fuerint
1134 2704 1295 2786 evocandi,
1318 2711 1351 2767 et
1374 2706 1493 2769 auditis
1515 2705 1665 2769 hincinde
1682 2725 1750 2786 pro·

252 2809 364 2890 positis
388 2827 497 2874 omnes
528 2809 612 2887 lites,
648 2811 842 2891 questiones,
867 2827 927 2888 que
951 2809 1036 2872 inter
1058 2815 1168 2890 partes
1191 2807 1351 2889 predictas
1386 2827 1482 2890 super
1515 2810 1678 2889 premissis
1702 2810 1753 2872 vel

252 2913 322 2977 aliis
346 2920 515 2977 vertuntur
538 2915 578 2978 ad
593 2932 735 2996 presens,
758 2913 925 2978 concordia
947 2913 998 2976 vel
1013 2913 1131 2977 iudicio
1155 2913 1286 2977 studeas
1313 2913 1494 2992 terminare,
1518 2912 1646 2994 faciens,
1669 2915 1753 2994 quod

252 3017 431 3082 decreveris
455 3020 566 3082 eadem
591 3019 783 3084 auctoritate
814 3017 1042 3083 inviolabiliter
1072 3017 1252 3096 observari3
1284 3023 1386 3081 testes
1409 3024 1525 3090 autem,
1557 3018 1610 3097 qni
1633 3016 1755 3082 fuerint

249 3122 413 3202 nominati,
438 3123 465 3187 si
479 3141 513 3187 se
537 3124 652 3205 gracia,
676 3124 748 3189 odio
772 3123 823 3187 vel
847 3123 960 3187 timore
983 3121 1210 3202 subtraxerint,
1233 3139 1479 3202 percensuram
1502 3122 1752 3185 ecclesiasticam

250 3225 469 3306 appellacione
483 3232 630 3290 cessante
655 3227 827 3307 compellas
850 3225 979 3289 veritati
1002 3225 1220 3289 testimonium
1251 3224 1430 3306 perhibere,
1454 3244 1517 3290 non
1541 3228 1699 3303 obstante,
1723 3225 1752 3290 si

253 3329 412 3410 aliquibus
436 3331 643 3394 communiter
668 3331 719 3394 vel
743 3330 868 3394 divisim
892 3349 910 3392 a
933 3329 1018 3393 dicta
1041 3329 1118 3392 sede
1142 3328 1300 3392 indultum
1323 3330 1453 3403 existat,
1486 3330 1569 3410 quod
1592 3331 1751 3413 interdici,

248 3435 399 3516 suspendi
429 3435 479 3498 vel
502 3435 767 3500 excommunicari
790 3453 852 3499 non
876 3434 1009 3515 possint,
1040 3452 1098 3515 per
1120 3433 1247 3498 litteras
1280 3435 1471 3514 apostolicas
1502 3453 1564 3497 non
1595 3433 1752 3498 facientes

248 3537 372 3618 plenam
397 3545 431 3603 et
454 3556 637 3620 expressam
673 3557 709 3602 ac
733 3539 772 3603 de
796 3539 892 3602 verbo
916 3538 1109 3602 adverbum
1134 3538 1173 3602 de
1196 3537 1320 3601 indulto
1343 3538 1521 3601 lminsmodi
1544 3539 1750 3604 mencionem.

248 3640 284 3706 b.
308 3642 466 3707 Aninione
490 3642 520 3707 ll
544 3644 585 3707 id.
608 3642 751 3706 Jannami
776 3662 803 3706 a.
828 3648 929 3707 sexto.

374 3829 405 3883 R.
417 3829 479 3883 Vct.
494 3835 545 3884 233
563 3830 610 3883 fol.
621 3836 688 3884 399¹.
702 3861 727 3870 —
743 3836 768 3894 ἃ)
786 3829 927 3898 ,detinent‘
946 3830 1006 3882 Vat.
1030 3860 1055 3869 -
1074 3829 1151 3884 Cant.
1161 3829 1285 3899 Nejedly',
1295 3830 1392 3899 deiuy
1404 3831 1492 3886 cereata
1501 3829 1653 3898 Litompdle
1666 3831 1677 3881 l
1688 3847 1750 3899 pag.

247 3919 389 3970 css-139.

248 4245 335 4313 716.
359 4245 515 4310 Arcesius
536 4245 787 4330 archepiscopus
818 4249 989 4329 Prapcusa's
1012 4249 1183 4333 supplicat,
1214 4253 1368 4333 quatenus
1399 4250 1577 4331 Vratuopb
1608 4250 1645 4313 de
1670 4250 1749 4314 Bla-

449 4349 532 4432 caco
555 4349 593 4414 dc
617 4355 771 4433 perpetua
793 4353 917 4417 vicaria
940 4353 1125 4418 deecclesia
1151 4355 1306 4435 Prcpcusi
1322 4353 1540 4436 provideatur.

1184 4489 1347 4569 Auius'ouc,
1372 4492 1459 4555 1358
1480 4492 1651 4556 Februarii
1673 4496 1704 4559 8.

371 4679 536 4762 Supplicat
559 4679 598 4744 Sti
625 4679 679 4744 V¹⁰
704 4682 819 4745 devota
844 4682 930 4746 sedis
947 4683 1121 4763 apostolice
1145 4689 1291 4746 creatura
1315 4683 1470 4746 Arrrestus
1489 4682 1747 4764 archiepiscopus

247 4781 422 4865 l'ragensis,
456 4789 613 4864 quatenus
637 4783 839 4851 collacionenr
871 4792 905 4848 et
927 4785 1140 4866 provisionem
1171 4787 1361 4850 auctoritate
1394 4787 1555 4853 ordinaria
1586 4803 1645 4866 per
1674 4805 1747 4850 eum

244 4885 344 4951 lactas
368 4886 565 4968 Wratiuogio
589 4887 628 4951 de
651 4887 799 4953 Blacuou
826 4898 864 4972 ⁸),
895 4908 953 4955 suo
976 4889 1009 4953 in
1033 4889 1252 4970 spiritualibus
1284 4891 1401 4955 vicario
1425 4890 1576 4971 generali,
1612 4891 1651 4953 de
1676 4908 1745 4970 per·

243 4996 339 5070 petua
361 4989 480 5056 vicaria
509 4990 782 5073 archiepiscopali,
813 4994 929 5074 quein
961 4993 1097 5058 ecclesia
1128 4993 1279 5076 Pragensi
1301 4992 1436 5058 officium
1470 4993 1589 5069 existit,
1614 4999 1745 5056 vacante

244 5111 300 5173 per
324 5093 489 5175 religionis
519 5093 697 5175 ingressum
720 5102 754 5158 et
777 5094 1006 5177 professionem
1037 5095 1190 5177 Stephani
1214 5096 1288 5161 olim
1311 5097 1453 5160 eiusdem
1485 5097 1601 5160 vicarie
1626 5096 1745 5176 vicarii,

243 5198 477 5262 nonobstante
511 5197 732 5263 reservacione
767 5198 941 5281 dignemini
964 5198 1149 5265 confirmare
1185 5200 1234 5263 vel
1259 5200 1320 5264 sihi
1354 5199 1393 5263 de
1418 5199 1473 5263 illa
1506 5201 1673 5282 providere
1705 5199 1744 5265 de

242 5316 339 5383 nov03
368 5319 431 5366 non
461 5303 618 5383 obstante,
649 5301 733 5381 quod
764 5302 864 5368 altare
888 5321 913 5367 s.
940 5303 1083 5385 Dyonisii
1113 5304 1145 5367 in
1176 5304 1287 5367 eadem
1318 5304 1455 5368 ecclesia
1485 5305 1635 5386 Pragensi
1660 5304 1744 5368 idem
