3944 6060
232 407 296 475 508
829 407 898 460 Acts
918 404 1073 460 iunocentii
1093 404 1139 458 Vl.

237 615 354 682 1278.
378 614 489 680 Nobili
510 615 577 704 uiro
600 614 798 699 Morquordo
821 614 859 678 cie
890 614 1089 695 Worlenberp
1123 613 1220 678 mliii
1236 617 1237 620 ’
1252 613 1423 697 Propensis
1446 613 1524 678 dioc.
1547 612 1741 699 indulcetur,

232 725 267 783 ml
290 722 450 800 consessor
471 718 539 782 eius
569 719 605 796 ire
626 719 737 782 mortis
759 717 893 784 orlienlo
910 718 1042 801 plenam
1071 720 1210 783 ommium
1238 723 1442 802 peccatorum
1472 718 1689 784 remissionem
1711 719 1742 783 ei

346 823 510 889 concedere
528 823 638 906 possit.
666 824 851 905 ,Prooemil‘
881 821 1056 904 „Auimione
1083 825 1128 887 Vl
1147 821 1224 910 [td]
1250 824 1429 888 Decembris
1451 845 1481 890 o.
1505 824 1615 888 crosso.¹⁸

1161 962 1324 1043 Acinione,
1348 965 1433 1027 1361
1460 961 1641 1028 Decembris
1664 964 1696 1028 8.

361 1101 393 1156 R.
416 1101 462 1155 13.
483 1107 532 1155 145
551 1100 599 1154 fol.
619 1105 677 1154 sle.

885 1260 1086 1270 --——

234 1399 353 1466 1279.
376 1398 485 1463 Nobili
507 1398 575 1461 oiro
598 1398 748 1463 Sasernae
777 1397 815 1462 cle
840 1397 996 1480 operm)
1018 1397 1116 1462 militi
1138 1398 1311 1478 Propensis
1342 1396 1419 1463 dioc.
1443 1402 1472 1462 el
1497 1393 1649 1474 mercer)
1671 1396 1740 1462 eius

230 1502 326 1567 acori
347 1500 537 1585 indulcetur,
560 1505 594 1564 ml
620 1501 779 1586 confessor
801 1521 907 1567 eorum
936 1502 970 1564 in
993 1503 1106 1565 ceorlis
1128 1501 1264 1566 orlicmlo
1281 1501 1413 1585 plenam
1436 1497 1573 1566 manium
1592 1505 1741 1584 peccalo·

231 1627 305 1670 rum
326 1606 540 1671 remissionem
560 1607 620 1671 eis
652 1606 815 1672 concedere
842 1607 958 1688 possit.
996 1607 1181 1682 ,Provenil“
1217 1607 1396 1688 „Auimiome
1426 1607 1471 1670 VI
1488 1606 1530 1670 ici.
1555 1606 1742 1700 Decembris

902 1729 932 1774 o.
957 1713 1064 1776 recreo.⁸¹

287 1799 340 1920 ,11
350 1906 355 1917 .
1157 1850 1321 1928 Asinione,
1344 1851 1427 1914 1361
1454 1849 1636 1914 Decembris
1659 1851 1690 1915 8.

362 2038 395 2092 R.
414 2041 463 2091 Ar.
487 2042 534 2091 lib
554 2038 600 2092 iol.
621 2043 690 2092 578¹.
711 2067 742 2078 -
763 2039 788 2104 ι)
806 2038 935 2107 ,Opccnsd
954 2040 1004 2093 Ar.
1023 2038 1050 2104 b)
1068 2037 1172 2102 ,1113113ί
1191 2039 1241 2090 Ar.

231 2371 348 2437 1280.
373 2370 525 2434 Nicoloms
548 2390 586 2434 oc
604 2368 799 2434 Franciscms
818 2368 950 2434 Hearici
959 2367 1165 2451 pannicidae,
1182 2367 1258 2433 civis
1276 2369 1457 2448 Propensis,
1474 2369 1636 2435 Bernices
1652 2369 1741 2435 libic-

231 2475 333 2539 ecoais
356 2474 394 2537 de
428 2474 668 2557 Fronleasleia,
691 2472 860 2538 Comedus
883 2471 1033 2537 Nioboloi
1055 2471 1166 2537 Moslil
1188 2472 1226 2535 de
1251 2472 1349 2538 Grcce
1371 2471 1561 2556 supplicant,
1584 2477 1742 2556 quolenus

690 2578 736 2642 eis
758 2577 902 2641 diversae
921 2575 1049 2658 cratiae
1071 2576 1286 2642 comcedoolm.

1139 2713 1302 2790 Acinione,
1325 2715 1410 2780 1361
1436 2714 1621 2780 Decembris
1646 2718 1695 2780 14.

362 2906 527 2988 Supplicat
550 2903 590 2969 S²¹
607 2905 661 2969 Vre
686 2906 836 2972 Nicolaus
851 2905 982 2970 Heurici
998 2905 1175 2988 pauuicide,
1191 2905 1269 2969 civis
1286 2906 1464 2988 pragensis,
1489 2911 1647 2986 qnatenus
1669 2925 1740 2995 gra·

230 3012 312 3074 ciam
337 3010 396 3075 sibi
420 3009 575 3074 iacientes
598 3011 778 3091 specialem,
802 3010 832 3074 ei
856 3010 1104 3075 decanonicatu
1129 3015 1163 3074 et
1185 3011 1346 3090 prebenda
1372 3011 1405 3074 in
1427 3010 1564 3075 ecclesia
1587 3011 1740 3093 Pragcnsi

231 3114 404 3194 dignemini
440 3114 619 3196 providere,
650 3115 852 3196 prebendam,
884 3115 912 3178 si
942 3133 1004 3195 qua
1034 3120 1125 3179 vacat
1154 3114 1205 3178 vel
1236 3114 1463 3196 quamprimum
1495 3133 1607 3179 vacare
1640 3115 1740 3179 conti·

149 3247 151 3250 >
231 3217 315 3299 gerit
337 3218 368 3280 iu
392 3219 502 3281 eacleiu
526 3217 671 3292 ecclesia,
695 3218 862 3284 donaciani
885 3219 1060 3301 apostolice
1083 3223 1286 3283 reservantes
1309 3218 1453 3300 predicto
1478 3217 1631 3283 Niobolao
1655 3219 1740 3283 utin

232 3321 341 3401 ianua,
364 3341 433 3385 curu
456 3321 648 3387 inhibitione
672 3330 706 3387 31
728 3323 858 3388 ‹lecreto
881 3328 915 3387 et
941 3323 1084 3387 clausula
1103 3321 1255 3387 anteferri
1278 3329 1406 3387 etcum
1429 3322 1500 3387 aliis
1523 3340 1586 3387 nou
1609 3322 1739 3387 obstan-

233 3427 319 3490 tibus
357 3433 392 3490 et
426 3427 578 3492 clausulis
616 3427 781 3509 oportunis
817 3433 851 3493 et
883 3447 953 3493 cum
988 3427 1219 3505 executoribus,
1254 3447 1324 3492 cum
1361 3427 1547 3491 remissione
1583 3427 1738 3492 examinis

232 3531 273 3595 ad
302 3537 418 3612 partes.

361 3634 427 3699 Ista
450 3636 586 3701 ecclesia
609 3640 660 3701 est
682 3636 775 3701 nisuis
799 3634 978 3720 gravata.·)
1001 3636 1045 3702 Et
1068 3636 1137 3701 siue
1162 3636 1225 3700 alia
1248 3636 1399 3702 leccione.

362 3844 443 3907 Item
466 3845 625 3926 supplicat
648 3841 689 3908 S¹¹
718 3845 770 3906 11ῐο
789 3845 975 3909 Franciscus
1007 3844 1136 3909 Heurici
1160 3844 1327 3926 paunicide
1351 3845 1428 3909 civis
1452 3846 1632 3928 Pragensis,
1657 3864 1736 3927 qaia·

231 3953 324 4012 terius
348 3948 408 4011 sibi
432 3948 568 4028 graciam
592 3948 762 4030 specialem
785 3949 949 4026 facientes
974 3949 1004 4012 ei
1028 3949 1067 4012 de
1091 3951 1276 4013 canonicatu
1300 3956 1334 4013 31
1357 3951 1519 4031 prebenda
1541 3950 1574 4014 in
1597 3950 1737 4016 ecclesia

234 4051 509 4132 Wischegradeusi
532 4052 616 4115 iuter
639 4070 743 4116 irriuns
760 4052 928 4134 Pragensis
953 4053 1091 4117 civitatis
1122 4054 1295 4135 dignemini
1326 4055 1501 4136 providere,
1532 4055 1738 4137 prebendam,

233 4155 261 4218 si
284 4174 345 4234 qua
368 4161 460 4218 vacat
482 4156 530 4217 vel
555 4156 783 4236 (piramprimum
806 4176 918 4221 vacare
942 4157 1120 4240 contigerit,
1145 4158 1310 4223 donaciani
1334 4160 1507 4240 apostolice
1531 4166 1737 4225 reservantes

232 4266 267 4322 nt
289 4260 321 4322 in
344 4258 452 4340 forma,
475 4279 544 4322 cum
568 4259 759 4324 inhibitione
795 4267 828 4324 31
851 4263 980 4326 decreto
1003 4267 1037 4325 31
1060 4262 1202 4326 clausula
1224 4261 1376 4326 anteferri
1392 4269 1426 4327 et
1441 4263 1514 4327 aliis
1529 4282 1592 4328 nou
1607 4265 1737 4329 obstan·

231 4364 288 4427 ciis
311 4370 344 4427 ct
367 4364 518 4428 clausulis
541 4364 706 4445 oportunis
729 4370 763 4428 et
785 4366 1009 4431 executoribus
1032 4372 1158 4429 etcum
1183 4367 1368 4432 remissione
1385 4367 1540 4432 examinis
1557 4368 1598 4432 ad
1615 4374 1736 4450 partes.

361 4470 405 4532 Et
428 4469 495 4533 sine
520 4468 583 4532 alia
605 4468 759 4534 leccioue.

232 4781 366 4846 clericus
390 4781 650 4846 Vratislaviensis
674 4783 763 4863 dioc,
786 4788 942 4862 qnatenus
966 4783 1025 4846 sibi
1050 4783 1186 4864 graeciam
1207 4781 1376 4862 specialem
1393 4779 1558 4862 iacientes,
1575 4782 1615 4846 de
1639 4784 1736 4846 bene-

233 4887 302 4950 ficio
327 4905 396 4949 cum
420 4905 495 4949 cura
518 4886 567 4949 vel
592 4889 660 4951 sine
683 4906 768 4968 cura,
792 4892 957 4968 spectante
989 4887 1029 4950 ad
1053 4886 1257 4951 collacionem
1281 4884 1422 4966 episcopi
1447 4884 1736 4966 Wratislauieusis,

234 4991 260 5054 si
284 4992 367 5070 quod
391 4992 430 5055 ad
447 5009 578 5072 presens
592 4998 683 5055 vacat
695 4989 780 5068 velb)
804 4992 1032 5073 quamprimum
1048 5009 1161 5054 vacare
1178 4990 1355 5071 contigerit,
1369 4988 1541 5070 dignemini
1555 4989 1734 5071 providere,

233 5115 295 5160 nou
319 5098 474 5176 obstante,
498 5096 581 5174 qirad
605 5096 687 5158 idem
711 5096 869 5159 Bernicns
893 5098 1058 5159 ecclesiam
1083 5094 1311 5176 parrochialem
1336 5095 1366 5157 iu
1396 5095 1495 5177 Nigra
1510 5095 1735 5160 Olomucensis

235 5201 312 5264 aliae.
338 5206 371 5264 et
393 5200 494 5263 altare
519 5200 550 5262 in
575 5200 678 5263 licizen
703 5200 974 5263 Wratislanieusis
998 5200 1078 5265 dioc.
1103 5200 1235 5282 obtinet,
1260 5219 1328 5264 cum
1353 5200 1497 5265 omnibus
1521 5217 1582 5263 uon
1606 5201 1737 5265 obstan·

235 5305 320 5368 tibus
343 5308 378 5368 et
400 5303 551 5368 clausulis
574 5304 738 5385 oportunis
761 5310 796 5367 et
818 5304 886 5367 sine
910 5304 1112 5385 opposicione
1135 5310 1169 5368 et
1190 5305 1423 5369 executoribus.
