3944 6060
230 428 294 492 294
827 426 897 478 Acts
915 423 1068 480 Innocentii
1086 424 1132 478 Vl.

233 636 320 702 751.
344 632 491 699 Andreae
521 632 630 697 abbati
659 636 844 699 antoniasterii
877 637 911 698 in
952 634 1085 699 l'ilemoo
1108 635 1300 719 indnlpetnr,
1324 600 1360 698 nt
1383 636 1621 719 pontificalibus
1643 639 1694 702 nti
1712 649 1744 739 'et

725 737 964 803 benedictionem
995 737 1128 820 elargiri
1147 740 1259 823 possit.

1221 877 1384 959 Aninione,
1410 881 1494 944 1358
1516 879 1644 963 Aprilis
1665 884 1699 948 6.

361 1071 399 1132 D.
422 1069 443 1134 l.
467 1069 594 1133 Andros
617 1069 723 1134 abbati
739 1068 922 1134 monasterii
938 1069 970 1133 iu
988 1069 1160 1151 Wylemow
1184 1069 1303 1134 ordinis
1329 1088 1355 1135 s.
1376 1070 1545 1137 Benedicti
1567 1072 1743 1155 Pragensis

232 1174 311 1240 dioc.
336 1173 472 1237 salutem
495 1179 555 1238 etc.
579 1173 734 1255 Exposuit
756 1179 811 1239 tue
835 1174 1043 1239 devocionis.
1064 1225 1070 1238 .
1091 1220 1123 1236 ..
1155 1173 1238 1238 Hinc
1261 1180 1321 1249 est,
1346 1175 1429 1254 quod
1452 1193 1508 1241 nos
1532 1175 1597 1241 tuis
1621 1175 1654 1240 in
1678 1175 1741 1240 hac

231 1283 322 1359 parte
331 1277 617 1361 snpphcaciouibns
629 1277 781 1359 inclinati,
794 1284 830 1342 ut
841 1283 884 1360 tu,
897 1297 953 1359 pro
965 1296 1026 1358 quo
1038 1279 1137 1343 eciam
1149 1296 1219 1343 ven.
1232 1278 1269 1343 fr.
1283 1267 1393 1344 noster
1411 1281 1566 1345 Arnestus
1583 1280 1744 1364 archiepi-

232 1400 346 1464 scopus
362 1382 529 1463 l’rngensis
549 1432 555 1445 .
576 1431 582 1443 .
603 1433 610 1445 .
631 1436 636 1445 .
654 1381 852 1464 supplicavit,
875 1382 1021 1461 quamdiu
1037 1383 1229 1448 monasterio
1245 1389 1300 1447 tuo
1315 1380 1482 1465 prolueris,
1505 1384 1609 1462 mitra,
1635 1384 1743 1467 anulo,

233 1487 354 1565 baculo,
378 1486 524 1550 cirotecis
537 1492 571 1550 et
583 1486 654 1549 aliis
678 1486 822 1567 insigniis
847 1485 1079 1567 pontificalibus
1103 1487 1202 1551 libere
1225 1488 1328 1568 possis
1352 1488 1409 1569 uti,
1433 1506 1577 1554 necnon
1600 1490 1685 1571 quod
1709 1491 1743 1555 in

233 1591 317 1655 dicto
340 1591 532 1655 morrrrsterio
556 1597 589 1653 et
605 1591 796 1672 prioratibus
821 1589 924 1655 eidem
948 1589 1099 1654 subiectis
1123 1609 1159 1653 ac
1184 1588 1431 1671 parrochialibus
1447 1596 1481 1655 et
1497 1591 1569 1656 aliis
1593 1592 1743 1659 ecclesiis

233 1694 272 1758 ad
295 1696 521 1759 monasterinm
545 1695 647 1775 ipsum
680 1695 907 1775 spectantibus,
938 1694 1079 1774 quamvis
1103 1693 1207 1757 eidem
1237 1695 1430 1759 monasterio
1461 1696 1556 1776 pleno
1580 1699 1650 1762 iure
1673 1717 1739 1764 non

233 1799 368 1876 subsint,
391 1798 649 1863 benediccionem
670 1799 842 1862 solemnem
867 1816 964 1881 snper
986 1798 1135 1879 populum
1159 1803 1232 1879 post
1262 1799 1437 1877 missarum,
1469 1816 1675 1881 vesperarum
1708 1809 1744 1868 et

233 1903 459 1967 matutinorum
483 1901 657 1979 sollemnia,
683 1903 850 1968 dummodo
881 1902 914 1965 iu
938 1901 1163 1966 benediccione
1186 1902 1366 1969 huiusmodi
1390 1902 1505 1983 aliquis
1528 1905 1665 1969 antistes
1689 1907 1743 1970 vel

234 2006 406 2088 apostolice
430 2005 516 2070 sedis
538 2005 663 2088 legatus
686 2024 818 2089 presens
842 2024 904 2070 non
927 2005 1032 2086 luerit,
1056 2007 1184 2088 elargiri
1209 2007 1320 2089 possis,
1339 2059 1345 2071 .
1366 2060 1372 2070 .
1393 2056 1426 2071 ..
1462 2007 1635 2073 Alexandri
1659 2029 1742 2093 pape

234 2112 305 2194 llll,
328 2111 563 2195 predecessoris
594 2112 704 2190 nostri,
737 2128 796 2191 que
821 2111 933 2192 incipit
962 2111 1157 2192 „hbbates·‘,
1189 2119 1223 2175 et
1246 2111 1317 2176 aliis
1348 2112 1633 2178 constitucionibus
1666 2133 1741 2197 apo-

234 2216 355 2282 stolicis
375 2216 407 2280 iu
423 2216 614 2282 contrarium
638 2216 733 2280 editis
754 2232 951 2296 nequaquam
972 2215 1179 2297 obstantibus,
1204 2216 1261 2279 tibi
1285 2216 1477 2281 anctoritate
1501 2216 1678 2299 apostolica
1701 2219 1742 2284 de

234 2320 364 2404 speciali
388 2320 495 2402 gracia
517 2325 627 2385 tenore
662 2319 862 2401 presencium
885 2319 1137 2402 indulgemus..
1159 2371 1192 2384 ..
1218 2321 1255 2384 D.
1272 2320 1427 2385 Aninione
1451 2318 1528 2385 VIll
1549 2322 1593 2387 id.
1621 2323 1743 2406 Aprilis

235 2446 261 2489 a.
286 2429 386 2489 sexto.

364 2613 396 2666 R.
415 2614 463 2665 hv.
486 2618 534 2666 139
554 2611 601 2666 iol.
620 2613 688 2679 610⁶,
707 2611 738 2664 R.
757 2612 819 2664 Vat.
839 2615 889 2663 233
909 2611 954 2664 sol.
968 2615 1038 2664 439¹.
1059 2643 1090 2650 —
1109 2611 1225 2666 Taxatio
1243 2613 1326 2667 huius
1344 2614 1453 2668 litterae
1471 2614 1498 2667 in
1511 2610 1636 2685 registris
1656 2616 1743 2688 deest,

233 2703 343 2758 rubrica
361 2708 452 2756 autem
472 2701 530 2755 eius
548 2699 631 2754 habet
650 2699 831 2752 taxationem:
852 2699 951 2763 ,XXX‘.

238 3019 326 3085 752.
350 3016 505 3081 Arnestns
529 3016 781 3098 archiepiscopus
806 3017 977 3095 Propensis
1006 3014 1175 3098 supplicat,
1199 3020 1353 3099 qnatenus
1383 3017 1443 3082 sibi
1465 3022 1496 3082 et
1518 3019 1745 3104 infrascriptis

637 3121 784 3203 personis
807 3120 949 3184 diversae
968 3120 1095 3202 oratioe
1118 3119 1334 3185 concedantur.

1222 3260 1385 3342 Aninione,
1408 3261 1496 3328 1358
1518 3261 1645 3345 Aprilis
1667 3266 1700 3330 6.

366 3453 531 3536 Supplicat
553 3450 592 3516 su
620 3449 674 3515 Vre
697 3450 825 3515 humilis
847 3456 955 3514 orator
977 3457 1084 3514 vester
1105 3451 1262 3516 Arnestns
1279 3451 1534 3534 archiepiscopus
1558 3437 1746 3537 Pragensis,

236 3565 393 3641 quatenus
416 3560 486 3640 sibi,
510 3558 563 3639 uui
586 3558 694 3639 sepius
718 3557 757 3621 ad
781 3557 850 3619 loca
865 3556 1081 3619 ecclesiastico
1105 3555 1274 3620 interdicto
1290 3557 1433 3621 subiecta
1456 3557 1617 3622 declinare
1633 3559 1749 3643 habet,

237 3665 319 3746 qrrod
342 3666 375 3729 iu
399 3664 520 3728 eisdem
550 3663 628 3727 locis
652 3668 685 3726 et
716 3661 790 3724 alibi
815 3661 991 3740 ubicunque
1022 3661 1135 3723 missus
1166 3662 1326 3724 celebrare
1360 3679 1416 3725 sen
1447 3659 1551 3725 lacere
1584 3663 1747 3730 celebrari

237 3771 336 3834 eciam
360 3775 433 3833 ante
457 3769 540 3832 diem
565 3766 701 3850 [possit],
725 3764 898 3847 dignemini
922 3765 960 3827 de
985 3764 1114 3844 speciali
1139 3765 1244 3846 gracia
1267 3764 1442 3846 indulgere.

367 3873 439 3936 Fiat
461 3873 493 3936 in
517 3872 617 3936 forma
641 3871 678 3933 G.

367 3977 447 4039 ltem
472 3976 628 4057 significat
651 3975 735 4037 idem
765 3973 1031 4054 archiepiscopus,
1055 3973 1139 4053 quod
1163 3973 1279 4035 dmlnm
1311 3993 1368 4055 per
1390 3974 1635 4056 predecessores
1667 3994 1750 4045 suos

238 4082 277 4146 de
300 4081 389 4144 bonis
412 4098 520 4143 mense
544 4078 734 4160 episcopalis
766 4078 804 4140 ad
829 4077 1102 4159 supportacionem
1127 4077 1232 4141 oneris
1255 4078 1443 4159 episcopalis
1471 4076 1566 4143 officii
1589 4080 1623 4143 in
1647 4081 1748 4163 spiri-

238 4185 377 4248 tualibus
400 4185 432 4246 in
456 4183 574 4247 diocesi
591 4182 743 4264 Prugeusi
766 4182 865 4246 creati
882 4187 915 4245 et
932 4180 1069 4244 ordinati
1092 4180 1222 4245 luerunt
1244 4182 1276 4245 in
1294 4183 1430 4247 ecclesia
1453 4182 1604 4264 Progensi
1628 4203 1750 4251 novem

239 4289 461 4367 archidiaconi,
494 4288 607 4368 quibus
631 4286 810 4350 huiusmodi
841 4303 919 4350 euris
950 4284 1148 4348 commissura
1180 4286 1248 4349 luit.
1295 4286 1373 4350 Cum
1397 4292 1504 4351 autem
1535 4289 1745 4356 obstantibus

238 4393 510 4458 reservaeionibus
542 4410 600 4473 per
623 4390 691 4455 Stem
715 4391 793 4454 Vram
818 4388 910 4452 frictis
941 4387 1045 4450 dictus
1076 4389 1331 4471 archiepiscopus
1355 4390 1394 4454 de
1427 4390 1521 4454 dictis
1545 4390 1748 4460 archidiaco-

238 4499 364 4563 natibus
388 4498 466 4561 alias
491 4497 530 4559 ad
554 4496 756 4561 collacionern
780 4512 868 4557 suam
899 4495 1116 4575 spectantibus
1140 4496 1308 4577 disponere
1332 4503 1479 4578 nequeat,
1511 4502 1545 4561 et
1568 4515 1645 4579 sepe
1669 4516 1750 4564 con-

239 4604 350 4683 tingat,
374 4600 646 4664 archidiaconatus
679 4599 764 4680 ipsos
788 4599 932 4679 personis
968 4599 1069 4662 minus
1093 4599 1177 4679 aptis
1213 4600 1252 4662 ad
1287 4587 1575 4681 onus'predictum
1608 4619 1750 4685 suppor-

239 4706 367 4770 tandum
400 4704 544 4785 conferri,
568 4710 699 4785 propter
728 4703 810 4783 qrrod
835 4702 957 4783 prelata
988 4704 1124 4767 diocesis
1148 4704 1179 4766 in
1204 4704 1422 4784 spiritualibus
1445 4705 1567 4784 patitur
1588 4724 1653 4770 non
1677 4726 1734 4774 mo

240 4810 342 4875 dicum
374 4827 507 4891 persepe
539 4807 742 4882 defecturus,
779 4807 940 4870 lnnniliter
972 4808 1130 4888 supplicat
1154 4808 1257 4873 dictus
1289 4809 1553 4890 archiepiscopus,
1584 4796 1752 4889 quatenus

240 4915 300 4979 sibi
323 4912 495 4994 dignemini
519 4912 690 4975 concedere
722 4913 761 4975 de
786 4910 891 4993 gracia
914 4912 1053 4991 speciali,
1079 4912 1161 4991 qrrod
1193 4913 1231 4975 de
1256 4913 1350 4975 dictis
1375 4912 1688 4977 archidiaconatibus
1714 4917 1750 4980 in

240 5019 326 5082 diota
349 5017 485 5081 ecclesia
507 5015 659 5096 Pragensi
694 5016 905 5079 existentibus
929 5016 1118 5079 niretoritate
1143 5016 1316 5098 apostolica
1351 5017 1518 5098 providere
1541 5016 1648 5081 valeat
1671 5038 1751 5100 per-

240 5123 337 5199 sonis,
361 5122 400 5186 de
425 5122 538 5201 quibus
562 5121 621 5184 sibi
645 5120 805 5184 videbitur
829 5120 988 5201 expedire,
1013 5138 1082 5182 eum
1105 5138 1166 5183 non
1190 5121 1390 5184 obstantibus
1413 5127 1447 5184 et
1469 5120 1621 5184 clausulis
1644 5139 1745 5203 opor-

241 5227 327 5291 tunis
350 5232 384 5290 et
405 5225 636 5306 executoribus,
671 5242 727 5288 seu
751 5224 833 5304 qnod
867 5241 1001 5304 persone
1036 5224 1214 5289 huiusmodi
1249 5224 1401 5289 lierreficia
1431 5224 1650 5289 ecclesiastica
1673 5244 1751 5294 cum

241 5331 335 5397 dictis
359 5329 666 5395 archidiaconatibus
689 5346 723 5393 se
747 5328 977 5408 compaciencia
1001 5329 1144 5394 obtinere
1167 5336 1347 5395 noscantur,
