3944 6060
234 418 295 485 140
618 387 619 390 Ἴ
826 416 897 469 Acta
918 412 1070 469 innocentii
1089 409 1134 466 Vl.

231 626 300 691 dauri
320 625 462 690 ,obtinuit
483 623 635 705 graciose,
659 624 823 705 ipsamque
847 628 970 704 partem
994 622 1097 686 dictus
1121 640 1176 685 rex
1199 622 1334 686 ecclesie
1356 621 1609 704 wissegradensi
1633 642 1734 708 prope

231 731 364 812 Pragam
388 731 446 793 sub
469 729 587 793 honore
611 734 646 791 et
667 728 819 792 vocabulo
843 726 943 808 ipsius
967 727 1103 808 apostoli
1126 725 1258 790 fundate
1281 731 1316 791 et
1338 727 1474 792 ecclesie
1490 728 1635 793 Romane
1658 729 1735 794 ime·

231 835 317 899 diate
341 833 484 898 subiecta
508 831 639 896 donavit
661 837 694 895 et
716 831 825 908 mittit,
850 838 886 894 11
907 830 1025 894 ibidem
1049 831 1081 893 in
1104 849 1166 894 uno
1190 830 1284 894 altari
1300 830 1401 911 ipsius
1417 832 1553 896 ecclesie
1569 851 1641 897 cum
1657 850 1734 897 non·

230 938 388 1002 nullarum
411 936 512 1018 ipsius
536 954 559 999 s.
585 935 671 999 Petri
694 934 883 998 stallorum
907 940 1087 998 sanctorum
1110 933 1313 1013 reliquiarum
1336 934 1541 1016 imposicione
1557 935 1737 1002 solenniter

229 1042 410 1106 collocetur.
435 1039 540 1116 Quare
563 1039 728 1104 humiliter
751 1038 911 1120 supplicat
933 1038 1038 1102 dictus
1061 1057 1127 1118 rex,
1162 1044 1318 1118 quatenus
1343 1039 1460 1103 dictam
1483 1047 1604 1121 [sertem
1630 1039 1734 1122 ipsius

230 1146 349 1228 lapidis
371 1143 487 1208 vestris
510 1142 704 1208 beatissimis
727 1142 870 1207 manibus
894 1161 962 1206 cum
986 1141 1165 1206 huiusmodi
1181 1141 1385 1223 reliquiarum
1401 1144 1606 1224 imposicione
1624 1145 1732 1228 digne-

231 1250 307 1314 mini
330 1265 525 1328 consecrare,
548 1247 587 1311 ad
610 1248 709 1328 ipsam
733 1246 1027 1328 Wissegradensem
1050 1245 1216 1310 ecclesiam
1239 1248 1438 1328 postmodum
1461 1248 1677 1331 deferendam,
1702 1257 1736 1314 et

231 1356 362 1436 insuper
386 1352 540 1432 omnibus,
565 1351 618 1431 qui
641 1349 808 1414 missarum
832 1348 995 1431 solenniis,
1018 1350 1091 1413 dum
1115 1350 1147 1414 in
1171 1350 1241 1432 ipsa
1263 1351 1518 1434 wissegradensi
1542 1354 1681 1418 ecclesia
1702 1353 1734 1417 iu

233 1458 336 1536 altari,
360 1457 394 1521 in
417 1475 478 1536 quo
502 1455 587 1519 dicta
609 1472 683 1536 pars
706 1453 821 1535 lapidis
843 1451 941 1517 fuerit
964 1453 1127 1534 collocata,
1151 1454 1405 1538 celebrabuntur,
1429 1456 1607 1540 intererint,
1630 1457 1734 1522 indul-

230 1561 373 1644 genciam
410 1561 547 1640 aliquam
578 1558 705 1640 elargiri
737 1557 927 1623 auctoritate
952 1557 1134 1640 apostolica,
1160 1558 1382 1625 nichilominus
1405 1561 1615 1645 decernendo,
1649 1562 1734 1642 quod

232 1665 311 1730 nulli
334 1664 428 1729 alteri
452 1682 544 1744 quam
567 1662 688 1746 presuli
712 1679 769 1727 seu
791 1661 934 1744 pontifici
957 1679 1048 1726 usum
1074 1661 1169 1741 pallei
1192 1669 1248 1726 aut
1269 1668 1462 1746 potestatem
1484 1665 1519 1736 ,in
1534 1665 1639 1747 palleo
1652 1666 1735 1731 cele·

231 1770 343 1835 brandi
367 1768 522 1833 obtinenti
545 1766 679 1831 licencia
708 1767 742 1829 in
772 1766 842 1848 ipso
865 1766 969 1847 altari,
993 1767 1046 1830 ubi
1077 1766 1162 1830 dicta
1191 1786 1266 1849 pars
1295 1768 1411 1850 lapidis
1441 1768 1539 1833 fuerit
1570 1769 1734 1853 collocata,

231 1874 398 1938 missarum
421 1871 566 1937 solennia
588 1876 743 1958 perpetuo
766 1870 928 1935 celebrare
953 1869 1170 1954 [concedatur]
1195 1890 1264 1935 cum
1288 1872 1440 1937 clausulis
1463 1879 1581 1938 11101
1604 1875 1734 1939 obstan-

233 1979 317 2043 tibus
343 1976 518 2060 oportunis.

362 2079 621 2147 consecravimus
655 2079 749 2143 bodie
773 2078 944 2160 11011111,
983 2079 1065 2159 quod
1089 2080 1360 2162 1111111111111,
1390 2081 1451 2145 nisi
1482 2090 1577 2164 prout
1599 2082 1732 2165 petitur,

231 2193 266 2252 et
288 2185 437 2266 quociens
460 2184 680 2265 celebrabitur,
705 2183 904 2248 concedimus
928 2201 1023 2246 unum
1047 2202 1160 2247 aurnum
1184 2191 1218 2247 11
1240 2184 1296 2247 XL
1316 2185 1384 2249 dies
1408 2185 1447 2249 de
1462 2185 1675 2267 indulgencia,
1699 2194 1734 2250 et

231 2291 264 2355 io
288 2289 503 2354 anniversario
534 2288 723 2353 auctoritate
754 2287 838 2351 dicte
869 2287 1118 2351 consecracionis
1149 2306 1206 2368 per
1235 2307 1292 2351 nos
1323 2288 1406 2353 facte
1437 2290 1637 2355 concedimus
1661 2296 1731 2354 tres

233 2411 332 2457 annos
355 2400 388 2457 11
410 2399 477 2456 1111
501 2394 720 2474 quadragenas
744 2392 783 2455 11
807 2390 1010 2473 indulgencia
1033 2390 1071 2456 G.

363 2497 443 2561 ltem
474 2497 640 2578 supplicat,
676 2501 832 2576 quatenus
863 2495 1035 2577 preposito,
1070 2495 1189 2559 decano
1212 2503 1246 2560 11
1269 2497 1408 2579 capitulo
1431 2497 1532 2579 ipsius
1555 2497 1733 2580 Wissegra·

233 2603 341 2666 densis
376 2600 511 2666 ecclesie
545 2617 660 2682 prose
684 2605 718 2664 et
740 2598 884 2664 omnibus
907 2599 1056 2664 membris
1087 2599 1154 2663 suis
1177 2605 1211 2664 et
1234 2600 1377 2681 personis
1401 2601 1591 2682 degentibus
1613 2601 1646 2666 in
1671 2602 1733 2667 eis·

233 2707 302 2770 dem
328 2705 500 2789 dignemini
524 2709 763 2769 conservatores
787 2704 819 2766 in
842 2702 944 2768 forma
966 2702 1091 2768 concilii
1108 2703 1299 2768 Viennensis
1322 2712 1487 2787 perpetuo,
1511 2706 1735 2771 maximarum

233 2817 364 2893 propter
397 2828 503 2874 eorum
527 2809 764 2890 exempoionem
787 2807 927 2872 locorum
961 2807 1136 2872 ordinarios
1160 2808 1221 2872 sibi
1243 2826 1305 2873 non
1328 2810 1494 2875 inveniunt
1516 2811 1675 2892 propicios
1699 2817 1736 2875 ut

234 2917 364 2979 deceret
385 2923 420 2979 et
442 2919 573 2996 propter
596 2913 723 2977 nimiam
747 2913 808 2977 loci
832 2912 1020 2976 distansiam
1043 2931 1106 2977 non
1129 2921 1261 2994 possent
1284 2931 1384 2995 super·
1403 2913 1536 2996 singulis
1560 2916 1599 2979 ad
1624 2916 1734 2980 sedem

235 3019 438 3100 apostolicum
473 3018 542 3081 sine
573 3035 686 3098 magno
710 3034 915 3097 personarum
939 3023 971 3080 et
994 3033 1099 3080 rerum
1123 3016 1304 3082 discrimine
1328 3019 1446 3084 habere
1470 3035 1643 3100 recursum,
1680 3020 1734 3082 be·

235 3122 328 3202 nigue
352 3121 525 3185 concedere
560 3121 599 3182 (11
630 3119 736 3200 gracia
767 3119 898 3200 speciali
928 3139 998 3183 cum
1029 3121 1172 3184 ornrribus
1203 3141 1264 3184 non
1288 3123 1488 3187 obstantibus
1523 3127 1557 3186 et
1580 3122 1736 3186 clausulis

234 3226 408 3306 oportunis.

364 3329 436 3393 Fiat
458 3328 498 3392 ad
521 3329 708 3392 decennium
731 3326 767 3392 G.
793 3327 837 3390 Et
859 3327 940 3406 quod
965 3333 1109 3393 transeat
1132 3330 1200 3392 sine
1224 3330 1286 3393 alia
1308 3330 1459 3394 leccione.
1484 3329 1556 3393 Fiat
1579 3328 1615 3394 G.

365 3435 402 3496 1).
427 3433 582 3497 duioione
605 3431 682 3497 VIIl
704 3432 747 3496 id.
772 3432 851 3496 Maii
874 3450 900 3495 a.
926 3433 1035 3497 tercio.

364 3621 395 3675 11.
414 3620 508 3690 Suppl.
528 3620 627 3674 26101.
648 3626 713 3675 104¹.
733 3649 765 3658 —
787 3625 810 3686 ι)
830 3619 952 3689 Corrige:
973 3619 1099 3673 Antioch.

233 3902 325 3966 343.
351 3900 548 3963 Innocentius
570 3920 656 3981 0000
689 3899 740 3977 Vl,
764 3901 820 3981 qui
837 3902 965 3979 partein
987 3896 1109 3978 lapidis
1133 3895 1325 3960 deecclesia
1348 3920 1368 3960 a
1392 3918 1417 3961 s.
1441 3899 1534 3961 Petro
1554 3917 1655 3981 prope
1681 3900 1722 3964 Pi

233 4024 289 4068 sas
305 4003 452 4083 fundata
484 4025 503 4065 0
529 3999 640 4066 001010
665 4003 878 4065 Romanorum
907 4000 1097 4080 imperatore
1124 4021 1182 4080 per
1204 4000 1386 4080 Sijfriduna
1408 4001 1564 4065 custodem
1587 4001 1740 4068 ecelesiae

243 4107 494 4189 lisseprudensis
528 4105 727 4188 capellanum
750 4103 887 4167 eiusdem
910 4105 1115 4186 imperatoris
1137 4104 1199 4167 sibi
1220 4106 1353 4168 naissum
1379 4105 1505 4184 „noum
1533 4110 1739 4191 consecravit,

238 4209 425 4287 ,nonnullos
458 4212 563 4293 ipsine
595 4230 621 4273 s.
647 4209 734 4272 Petri
766 4213 796 4272 et
829 4207 967 4271 oliorum
989 4212 1170 4272 sanctorum
1200 4207 1300 4272 eidem
1332 4208 1439 4289 lapidi
1460 4209 1614 4293 reliquias
1636 4212 1737 4294 impo-

234 4314 365 4388 nendo“‚
388 4315 532 4378 omnibns
553 4335 624 4378 uere
643 4311 876 4396 poenitentibus
910 4312 983 4395 „qui
1005 4311 1281 4394 dictumlapialern
1300 4360 1306 4373 .
1328 4362 1334 4375 .
1355 4363 1360 4375 .
1381 4363 1387 4376 .
1412 4333 1467 4378 seu
1489 4313 1602 4392 altare,
1626 4314 1663 4378 in
1677 4335 1739 4400 quo

233 4417 355 4483 locatus
371 4418 477 4497 fuerit
499 4419 533 4480 in
555 4416 774 4481 anniuersario
797 4417 1045 4480 consecracionis
1077 4415 1260 4478 huiusmodi
1400 4417 1602 4481 visitaverint
1632 4438 1739 4483 annu·

235 4524 325 4600 atim,
349 4526 412 4584 tres
435 4540 535 4584 annos
558 4525 587 4585 11
609 4524 673 4584 tres
695 4520 927 4605 quadrupenas,
962 4516 1060 4606 illils]
1083 4540 1162 4594 uero,
1186 4521 1251 4602 pui,
1286 4520 1529 4604 quandocunque
1552 4520 1738 4604 pontificem

234 4626 269 4688 in
283 4624 367 4687 (11110
389 4623 490 4688 altari
511 4624 683 4686 missarum
705 4623 860 4688 sollennia
882 4622 1037 4686 celebrare
1058 4623 1230 4705 contiperit,
1253 4622 1288 4686 in
1310 4623 1516 4688 celebracione
1529 4644 1585 4689 seu
1600 4624 1738 4691 ecclesia

248 4728 492 4809 Wisseprarlensi
507 4727 664 4810 predictis
681 4732 843 4809 presentes
865 4726 1035 4801 extiterint,
1059 4746 1155 4790 unuin
1179 4747 1297 4791 annum
1321 4731 1351 4791 11
1373 4729 1593 4812 quadrapinta
1613 4728 1685 4793 dies
1701 4729 1738 4792 (11

235 4831 388 4896 iniunctis
410 4831 683 4913 111010111011111
709 4829 846 4895 1110001.
896 4829 1068 4912 ,Splendor
1085 4834 1219 4912 paterne
1238 4829 1356 4913 010111α
1379 4830 1558 4914 ,Aninione
1588 4831 1672 4897 VIII
1693 4830 1737 4896 id.

321 4985 351 5035 X
841 4933 929 4996 Maii
951 4952 981 4995 0.
1004 4933 1128 4995 1111101.

299 5055 368 5178 U}
905 5113 908 5121 ,
1255 5046 1421 5122 Aninione,
1443 5049 1530 5112 1355
1553 5047 1640 5112 Maii
1661 5049 1693 5113 8.

366 5226 398 5278 R.
415 5229 464 5280 Av.
486 5225 598 5279 119101.
617 5229 686 5293 60³¹,
705 5227 735 5279 11.
757 5226 816 5278 Vat.
836 5231 884 5281 231
904 5225 950 5278 iol.
969 5229 1030 5279 136.
1052 5255 1079 5265 -
1101 5225 1173 5293 Orig.
1192 5227 1220 5278 in
1233 5225 1352 5279 archivio
1371 5225 1485 5295 capituli
1498 5226 1734 5297 Viasegradsnsis,

237 5310 316 5382 copia
332 5311 362 5364 in
381 5310 500 5366 archivio
519 5311 623 5366 musaei
643 5311 720 5381 regni
731 5311 892 5372 ¹Bobemiac.
