3944 6060
772 407 837 458 caeo
856 400 949 459 Marta
971 410 1000 458 ro
1023 435 1050 443 -
1070 398 1162 458 nami
1182 409 1222 459 ao.
1675 409 1741 476 425

238 615 350 682 1067.
376 613 439 677 Pro
456 615 602 697 personis
624 614 848 697 infrascriptis
870 613 1081 696 supplicatur,
1106 617 1259 697 qnatenus
1282 615 1327 678 eis
1352 615 1495 680 diversae
1521 618 1648 698 gratioe
1670 637 1741 682 con-

908 718 1069 785 cedantur.

1213 857 1376 936 Aciaioae,
1401 859 1485 923 1360
1508 860 1623 924 Mart-ii
1645 862 1697 924 30.

365 1049 630 1116 confirmaciones
656 1049 909 1114 Alamannorum.

235 1380 461 1466 anctoritateb)
484 1382 664 1445 litterarum
696 1378 749 1444 Sos
774 1381 917 1445 eiusdem
948 1379 1134 1445 beneficium
1166 1385 1364 1461 perpetuum,
1389 1381 1525 1444 mediam
1545 1382 1738 1463 prebendam

235 1492 458 1568 nuncupatum,
482 1486 513 1548 in
526 1485 661 1549 ecclesia
687 1485 838 1566 l'ragensi
862 1486 1040 1567 acceptavit
1062 1491 1095 1549 ct
1119 1484 1157 1546 de
1182 1484 1237 1547 illo
1261 1485 1322 1548 sibi
1345 1485 1506 1565 provideri
1529 1485 1606 1549 lecit
1619 1485 1653 1568 ¹),
1678 1505 1738 1550 non

236 1590 367 1654 credens
391 1590 527 1670 aliquam
552 1595 690 1652 vostram
713 1591 964 1652 reservationem
995 1590 1132 1662 obstare,
1157 1590 1264 1668 sicque
1288 1589 1367 1653 illud
1398 1592 1479 1654 bona
1513 1588 1574 1654 lide
1596 1591 1740 1671 possedit

238 1699 273 1756 et
295 1694 397 1756 adbuc
409 1693 561 1775 possidet,
586 1710 702 1756 vacans
726 1712 765 1756 ex
782 1711 829 1774 eo,
854 1693 936 1772 qnod
961 1691 1106 1757 Praibiko
1122 1696 1147 1773 ο)
1173 1692 1412 1757 archidiaconus
1436 1694 1617 1757 Belinensis
1633 1695 1665 1757 in
1689 1713 1739 1758 ec-

235 1797 332 1860 clesia
354 1798 497 1879 predicta
532 1797 688 1877 qrrandam
719 1798 910 1877 prebendam
935 1797 966 1859 in
990 1797 1060 1877 ipsa
1083 1797 1219 1860 ecclesia
1249 1803 1414 1862 vacantem
1438 1798 1628 1863 auctoritate
1652 1800 1738 1863 litte-

236 1920 339 1965 rarum
363 1885 606 1982 apostolicarum
631 1900 727 1965 fuerit
751 1907 925 1979 assecutus
949 1901 1118 1982 supplicat,
1154 1908 1310 1981 quatenus
1334 1902 1588 1984 acceptationem
1611 1909 1646 1966 et
1668 1923 1739 1986 pro-

237 2005 388 2074 visionem
412 2006 572 2085 predictas
604 2012 638 2068 et
661 2006 766 2069 onmia
788 2006 862 2068 inde
894 2012 1004 2070 secuta
1028 2005 1200 2086 dignemini
1233 2004 1417 2071 confirmare
1441 2007 1490 2071 vel
1515 2007 1575 2071 sibi
1607 2008 1645 2071 de
1669 2009 1739 2090 ipso

237 2110 274 2172 de
298 2129 377 2174 novo
400 2110 578 2191 providere,
602 2109 698 2173 etiam
722 2110 749 2173 si
773 2111 842 2173 cius
866 2109 1036 2191 disposicio
1060 2111 1100 2173 ad
1124 2110 1230 2173 sedem
1256 2111 1461 2191 apostolicam
1474 2112 1644 2191 pertineat,
1669 2132 1738 2176 cnm

237 2213 386 2277 clausulis
410 2220 444 2277 et
467 2233 528 2278 non
553 2214 753 2278 obstantibus
777 2212 982 2294 oportunam

364 2439 444 2503 Item
466 2439 740 2521 presentacioncm
764 2457 821 2519 per
844 2439 989 2502 ablatem
1013 2446 1046 2502 et
1070 2447 1257 2504 conventum
1281 2442 1465 2505 monasterii
1490 2442 1672 2507 blilocensis
1688 2463 1737 2508 or-

237 2542 317 2607 dinis
333 2542 643 2607 Premonstratensis
682 2548 715 2605 et
752 2542 955 2607 collacionem
986 2545 1176 2608 auctoritate
1214 2544 1374 2608 ordinaria
1411 2546 1485 2610 inde
1524 2548 1735 2626 subsecutam,

238 2646 351 2711 factam
367 2645 395 2728 ἀ)
418 2647 509 2710 fratri
533 2647 670 2723 Sdenko,
702 2648 820 2711 dictum
845 2648 986 2713 ordinem
1019 2648 1171 2730 professo,
1196 2650 1235 2713 de
1260 2650 1396 2713 ecclesia
1418 2650 1450 2713 in
1475 2650 1584 2715 Tazim
1600 2651 1625 2733 e)
1662 2651 1736 2715 Pra-

240 2753 345 2834 gensis
369 2753 459 2833 dioc,
495 2771 552 2833 per
574 2753 737 2834 regulares
760 2752 837 2816 dicti
867 2753 987 2817 ordinis
1018 2753 1113 2818 solita
1143 2755 1322 2835 gubernari,
1353 2761 1486 2819 vacante
1517 2776 1574 2838 per
1604 2756 1737 2819 liberam

234 2844 486 2939 'resignationem
509 2857 600 2920 Pauli
624 2857 696 2920 olim
721 2855 890 2938 plebanis)
922 2858 1064 2921 eiusdem
1088 2858 1216 2940 ordinis,
1240 2878 1332 2938 quam
1357 2860 1461 2923 tenuit
1484 2864 1517 2923 et
1540 2865 1630 2924 tenet
1652 2860 1736 2941 paci·

236 2959 289 3024 fiee
312 2962 475 3041 etqniete‚
499 2965 532 3024 et
554 2961 658 3024 omnia
681 2960 753 3023 inde
778 2967 888 3024 secuta
911 2962 1083 3043 dignemini
1107 2961 1300 3046 confirmare,
1330 2968 1364 3026 et
1387 2964 1414 3026 si
1437 2962 1535 3027 luerit
1558 2970 1734 3042 reservata,

237 3065 273 3128 de
285 3084 366 3130 novo
390 3065 567 3147 providere,
593 3086 663 3129 cnm
686 3067 829 3130 omnibns
853 3086 914 3130 non
939 3067 1138 3131 obstantibus
1162 3072 1195 3129 et
1218 3067 1368 3130 clausulis
1392 3065 1598 3150 oportunis.³)

362 3291 444 3355 Item
466 3291 669 3356 collusionem
704 3299 737 3355 et
760 3292 971 3372 provisionem
1007 3293 1196 3356 cauctoritate
1236 3293 1395 3357 ordinaria
1429 3293 1529 3356 lactas
1564 3292 1736 3358 Pertholdo

237 3393 357 3459 Nicolai
382 3395 421 3458 de
446 3395 612 3459 Karnberk
636 3397 675 3458 de
697 3396 886 3477 parrochiali
909 3397 1044 3461 ecclesia
1067 3397 1099 3460 in
1124 3396 1245 3461 Obrzas
1260 3402 1288 3476 gt
1303 3396 1521 3460 Olomucensis
1545 3396 1634 3478 dioc,
1658 3402 1732 3460 tnnc

237 3506 319 3564 certo
343 3500 435 3563 modo
459 3506 600 3583 vacante,
616 3520 710 3580 qnam
733 3520 791 3581 per
814 3520 928 3564 annum
951 3507 985 3564 et
1008 3500 1142 3582 amplius
1166 3501 1270 3564 tenuit
1293 3506 1326 3564 et
1349 3501 1501 3582 possedit,
1529 3507 1623 3581 prout
1646 3505 1736 3563 tenet

237 3609 268 3666 et
288 3603 433 3685 possidet
455 3603 585 3686 pacifice
610 3612 643 3667 et
666 3605 783 3686 quiete,
808 3607 847 3669 ad
872 3605 1086 3668 sacerdocium
1110 3624 1170 3668 non
1201 3611 1373 3687 promotus,
1397 3611 1430 3668 et
1463 3604 1566 3667 onmia
1589 3604 1662 3666 inde
1687 3622 1735 3667 se·

236 3715 306 3771 cata
328 3709 500 3790 dignemini
518 3707 702 3773 confirmare
726 3710 776 3772 vel
793 3711 855 3773 sibi
879 3711 918 3773 de
943 3711 1010 3791 ipsa
1036 3709 1076 3774 de
1092 3729 1172 3775 novo
1195 3710 1372 3792 providere,
1397 3708 1444 3772 eci
1458 3728 1496 3771 an
1521 3709 1547 3771 si
1571 3709 1610 3772 ad
1627 3709 1734 3772 sedem

236 3812 437 3893 apostolicam
459 3814 629 3895 portinent,
665 3833 808 3895 euinque,
832 3816 860 3877 si
884 3814 1013 3896 indiget,
1050 3813 1228 3893 habilitare,
1263 3833 1333 3877 cunr
1356 3820 1486 3896 paratus
1521 3813 1563 3876 sit
1586 3813 1625 3876 de
1649 3813 1732 3876 fruc-

236 3917 318 3982 tibus
341 3938 398 3999 per
421 3936 491 3981 anm
524 3919 665 3999 receptis
690 3938 759 3982 ctum
784 3938 908 3982 currrera
940 3917 1081 3981 eiusdem
1106 3915 1161 3980 8¹5⁸
1186 3919 1386 4000 concordare,
1419 3937 1488 3981 enm
1513 3937 1575 3980 non
1607 3919 1734 3982 obstan-

236 4022 316 4085 tibus
340 4029 374 4085 et
397 4022 547 4085 clausulis
571 4025 747 4104 oportunis.

360 4249 441 4313 Item
464 4249 717 4330 acceptationem
747 4255 781 4312 et
804 4248 1007 4312 collationem
1030 4268 1066 4312 ac
1090 4249 1300 4329 provisionem
1332 4250 1520 4312 auctoritate
1555 4246 1734 4310 litterarum

235 4352 284 4420 ΨΘ
308 4351 363 4418 8¹¹⁸
386 4353 486 4416 factas
516 4352 613 4416 Paulo
637 4353 676 4415 de
709 4352 854 4416 Cbocana
884 4352 1015 4418 diacono
1046 4353 1215 4433 Pragensis
1247 4353 1326 4417 dioc.
1352 4353 1390 4415 de
1414 4353 1549 4432 quodam
1583 4351 1677 4415 altari
1700 4352 1732 4415 in

233 4459 365 4525 ecclesia
379 4458 530 4539 Pragensi
547 4463 620 4521 tnnc
645 4463 775 4521 vacante
792 4477 894 4536 exeo,
919 4459 1002 4537 qnod
1018 4457 1168 4522 Nicolaas
1195 4458 1298 4523 dictus
1316 4458 1355 4520 de
1380 4454 1536 4537 Resoigh)
1561 4457 1662 4537 ipsum
1687 4455 1731 4519 al·

235 4567 299 4628 tare
323 4563 479 4644 obtinens,
510 4563 702 4643 prebendam
733 4562 882 4626 maiorem
914 4563 1048 4626 ecclesie
1072 4563 1216 4643 predicte
1248 4561 1437 4625 auctoritate
1469 4560 1649 4624 litterarum
1681 4578 1734 4623 vc-

235 4672 367 4732 strarnm
391 4667 499 4731 extitit
522 4672 697 4747 assecutus
721 4673 755 4730 et
767 4667 871 4731 omnia
894 4667 969 4731 inde
992 4671 1102 4730 secuta
1128 4666 1300 4747 dignemini
1324 4664 1507 4729 confirmare
1532 4664 1582 4726 vel
1606 4664 1665 4728 sibi
1692 4665 1731 4728 de

234 4791 310 4838 novo
333 4772 511 4855 providere,
543 4791 604 4835 non
627 4774 774 4835 obstante
797 4772 1030 4845 reservacione,
1055 4789 1124 4834 curn
1149 4769 1299 4834 clausulis
1323 4770 1526 4851 oportunis.⁴)

360 4999 565 5063 Sanctissime
588 5003 689 5080 pater,
714 4997 886 5078 dignemini
902 5016 1010 5062 omnes
1034 5002 1068 5060 et
1091 4997 1231 5078 singulas
1256 4995 1508 5078 supplicaciones
1532 5014 1593 5059 non
1607 4995 1728 5058 cancel·

233 5101 322 5184 latas,
346 5104 379 5168 in
403 5104 516 5184 quibus
539 5122 601 5168 non
626 5108 678 5167 est
694 5102 787 5165 alteri
810 5102 860 5166 ius
884 5101 1052 5184 quesitum,
1076 5121 1145 5166 enm
1169 5101 1407 5182 dispensatione
1431 5106 1465 5163 et
1488 5099 1560 5163 aliis
1583 5099 1733 5163 clausulis

233 5209 341 5292 petitis
364 5209 491 5291 signare
515 5214 558 5288 et,
583 5213 619 5272 ut
641 5207 771 5290 petitur,
793 5208 943 5271 mandare
967 5206 1122 5288 expediri.

359 5333 432 5401 Fiat
455 5333 494 5399 de
518 5332 661 5402 omnibus
685 5329 910 5421 suprascriptis
934 5347 995 5395 non
1019 5328 1204 5395 cancellatis
1227 5328 1266 5394 G.
