<?xml version="1.0" encoding="UTF-8"?>
<!DOCTYPE html PUBLIC "-//W3C//DTD XHTML 1.0 Transitional//EN"
    "http://www.w3.org/TR/xhtml1/DTD/xhtml1-transitional.dtd">
<html xmlns="http://www.w3.org/1999/xhtml" xml:lang="en" lang="en">
 <head>
  <title>
</title>
<meta http-equiv="Content-Type" content="text/html;charset=utf-8" />
  <meta name='ocr-system' content='tesseract 3.04.00' />
  <meta name='ocr-capabilities' content='ocr_page ocr_carea ocr_par ocr_line ocrx_word'/>
</head>
<body>
  <div class='ocr_page' id='page_1' title='image "./monumentavatica00vatigoog_0158.png"; bbox 0 0 3990 6052; ppageno 0'>
   <div class='ocr_carea' id='block_1_1' title="bbox 877 370 1737 442">
    <p class='ocr_par' dir='ltr' id='par_1_1' title="bbox 877 370 1737 442">
     <span class='ocr_line' id='line_1_1' title="bbox 877 370 1737 442; baseline 0 -16"><span class='ocrx_word' id='word_1_1' title='bbox 877 378 945 428; x_wconf 73' lang='lat' dir='ltr'>rann</span> <span class='ocrx_word' id='word_1_2' title='bbox 962 371 1069 442; x_wconf 80' lang='lat' dir='ltr'>Aprilis</span> <span class='ocrx_word' id='word_1_3' title='bbox 1088 378 1131 427; x_wconf 73' lang='lat' dir='ltr'>aa.</span> <span class='ocrx_word' id='word_1_4' title='bbox 1242 370 1247 380; x_wconf 84' lang='lat'><strong>·</strong></span> <span class='ocrx_word' id='word_1_5' title='bbox 1678 377 1737 441; x_wconf 85' lang='lat'>101</span> 
     </span>
    </p>
   </div>
   <div class='ocr_carea' id='block_1_2' title="bbox 247 581 1759 1913">
    <p class='ocr_par' dir='ltr' id='par_1_2' title="bbox 247 581 1759 1705">
     <span class='ocr_line' id='line_1_2' title="bbox 378 581 1757 666; baseline -0.001 -18"><span class='ocrx_word' id='word_1_6' title='bbox 378 582 544 666; x_wconf 85' lang='lat' dir='ltr'>Supplieat</span> <span class='ocrx_word' id='word_1_7' title='bbox 566 581 606 648; x_wconf 77' lang='lat' dir='ltr'>Sti</span> <span class='ocrx_word' id='word_1_8' title='bbox 630 584 685 648; x_wconf 71' lang='lat' dir='ltr'>Vre</span> <span class='ocrx_word' id='word_1_9' title='bbox 708 584 842 649; x_wconf 87' lang='lat' dir='ltr'>devotus</span> <span class='ocrx_word' id='word_1_10' title='bbox 865 583 949 649; x_wconf 87' lang='lat' dir='ltr'>filius</span> <span class='ocrx_word' id='word_1_11' title='bbox 972 591 1081 649; x_wconf 87' lang='lat' dir='ltr'>vester</span> <span class='ocrx_word' id='word_1_12' title='bbox 1097 584 1234 649; x_wconf 87' lang='lat' dir='ltr'>Karolus</span> <span class='ocrx_word' id='word_1_13' title='bbox 1250 585 1462 650; x_wconf 90' lang='lat' dir='ltr'>Romanorum</span> <span class='ocrx_word' id='word_1_14' title='bbox 1485 589 1519 648; x_wconf 90' lang='lat' dir='ltr'>et</span> <span class='ocrx_word' id='word_1_15' title='bbox 1541 583 1672 649; x_wconf 92' lang='lat' dir='ltr'>Boemie</span> <span class='ocrx_word' id='word_1_16' title='bbox 1688 601 1757 654; x_wconf 85' lang='lat' dir='ltr'>rex,</span> 
     </span>
     <span class='ocr_line' id='line_1_3' title="bbox 249 686 1756 771; baseline 0 -21"><span class='ocrx_word' id='word_1_17' title='bbox 249 693 414 770; x_wconf 89' lang='lat' dir='ltr'>quatenus,</span> <span class='ocrx_word' id='word_1_18' title='bbox 437 706 506 753; x_wconf 92' lang='lat' dir='ltr'>cum</span> <span class='ocrx_word' id='word_1_19' title='bbox 529 686 644 752; x_wconf 91' lang='lat' dir='ltr'>nobilis</span> <span class='ocrx_word' id='word_1_20' title='bbox 667 687 716 751; x_wconf 86' lang='lat' dir='ltr'>vir</span> <span class='ocrx_word' id='word_1_21' title='bbox 739 687 884 753; x_wconf 81' lang='lat' dir='ltr'>Ozencho</span> <span class='ocrx_word' id='word_1_22' title='bbox 908 689 948 752; x_wconf 97' lang='lat' dir='ltr'>de</span> <span class='ocrx_word' id='word_1_23' title='bbox 971 688 1073 771; x_wconf 84' lang='lat' dir='ltr'>Lippa</span> <span class='ocrx_word' id='word_1_24' title='bbox 1097 690 1172 753; x_wconf 90' lang='lat' dir='ltr'>baro</span> <span class='ocrx_word' id='word_1_25' title='bbox 1195 689 1285 771; x_wconf 91' lang='lat' dir='ltr'>regni</span> <span class='ocrx_word' id='word_1_26' title='bbox 1300 689 1431 754; x_wconf 87' lang='lat' dir='ltr'>Boemie</span> <span class='ocrx_word' id='word_1_27' title='bbox 1455 706 1552 754; x_wconf 88' lang='lat' dir='ltr'>causa</span> <span class='ocrx_word' id='word_1_28' title='bbox 1574 686 1756 752; x_wconf 80' lang='lat' dir='ltr'>devocionis</span> 
     </span>
     <span class='ocr_line' id='line_1_4' title="bbox 249 790 1759 875; baseline 0 -20"><span class='ocrx_word' id='word_1_29' title='bbox 249 790 452 875; x_wconf 83' lang='lat' dir='ltr'>proposuerit</span> <span class='ocrx_word' id='word_1_30' title='bbox 474 797 508 857; x_wconf 92' lang='lat' dir='ltr'>et</span> <span class='ocrx_word' id='word_1_31' title='bbox 529 791 677 856; x_wconf 88' lang='lat' dir='ltr'>intendat</span> <span class='ocrx_word' id='word_1_32' title='bbox 699 792 740 856; x_wconf 93' lang='lat' dir='ltr'>de</span> <span class='ocrx_word' id='word_1_33' title='bbox 764 791 854 858; x_wconf 92' lang='lat' dir='ltr'>bonis</span> <span class='ocrx_word' id='word_1_34' title='bbox 878 791 939 856; x_wconf 90' lang='lat' dir='ltr'>sibi</span> <span class='ocrx_word' id='word_1_35' title='bbox 962 792 1064 856; x_wconf 89' lang='lat' dir='ltr'>adeo</span> <span class='ocrx_word' id='word_1_36' title='bbox 1087 792 1212 857; x_wconf 89' lang='lat' dir='ltr'>collatis</span> <span class='ocrx_word' id='word_1_37' title='bbox 1235 791 1368 857; x_wconf 87' lang='lat' dir='ltr'>fundare</span> <span class='ocrx_word' id='word_1_38' title='bbox 1392 799 1426 857; x_wconf 87' lang='lat' dir='ltr'>et</span> <span class='ocrx_word' id='word_1_39' title='bbox 1441 791 1590 856; x_wconf 89' lang='lat' dir='ltr'>edificare</span> <span class='ocrx_word' id='word_1_40' title='bbox 1613 790 1652 855; x_wconf 90' lang='lat' dir='ltr'>de</span> <span class='ocrx_word' id='word_1_41' title='bbox 1675 808 1759 855; x_wconf 90' lang='lat' dir='ltr'>novo</span> 
     </span>
     <span class='ocr_line' id='line_1_5' title="bbox 253 893 1757 978; baseline 0 -19"><span class='ocrx_word' id='word_1_42' title='bbox 253 895 293 960; x_wconf 89' lang='lat' dir='ltr'>ad</span> <span class='ocrx_word' id='word_1_43' title='bbox 315 895 443 961; x_wconf 92' lang='lat' dir='ltr'>laudem</span> <span class='ocrx_word' id='word_1_44' title='bbox 466 895 519 960; x_wconf 88' lang='lat' dir='ltr'>dei</span> <span class='ocrx_word' id='word_1_45' title='bbox 541 894 574 959; x_wconf 92' lang='lat' dir='ltr'>in</span> <span class='ocrx_word' id='word_1_46' title='bbox 598 895 692 977; x_wconf 92' lang='lat' dir='ltr'>opido</span> <span class='ocrx_word' id='word_1_47' title='bbox 724 913 781 960; x_wconf 91' lang='lat' dir='ltr'>suo</span> <span class='ocrx_word' id='word_1_48' title='bbox 805 895 962 960; x_wconf 76' lang='lat' dir='ltr'>seu&#39;villa</span> <span class='ocrx_word' id='word_1_49' title='bbox 984 902 1108 961; x_wconf 87' lang='lat' dir='ltr'>murata</span> <span class='ocrx_word' id='word_1_50' title='bbox 1132 894 1306 961; x_wconf 87' lang='lat' dir='ltr'>Crummaw</span> <span class='ocrx_word' id='word_1_51' title='bbox 1332 903 1513 978; x_wconf 90' lang='lat' dir='ltr'>nuncupato</span> <span class='ocrx_word' id='word_1_52' title='bbox 1536 893 1757 960; x_wconf 88' lang='lat' dir='ltr'>Olomucensis</span> 
     </span>
     <span class='ocr_line' id='line_1_6' title="bbox 252 997 1759 1081; baseline -0.002 -16"><span class='ocrx_word' id='word_1_53' title='bbox 252 999 332 1065; x_wconf 94' lang='lat' dir='ltr'>dioc.</span> <span class='ocrx_word' id='word_1_54' title='bbox 357 1000 513 1081; x_wconf 88' lang='lat' dir='ltr'>quendam</span> <span class='ocrx_word' id='word_1_55' title='bbox 536 1000 640 1065; x_wconf 93' lang='lat' dir='ltr'>locum</span> <span class='ocrx_word' id='word_1_56' title='bbox 662 999 797 1065; x_wconf 82' lang='lat' dir='ltr'>fratrum</span> <span class='ocrx_word' id='word_1_57' title='bbox 827 1000 1053 1065; x_wconf 82' lang='lat' dir='ltr'>heremitarum</span> <span class='ocrx_word' id='word_1_58' title='bbox 1092 1001 1212 1066; x_wconf 85' lang='lat' dir='ltr'>ordinis</span> <span class='ocrx_word' id='word_1_59' title='bbox 1250 1019 1275 1064; x_wconf 85' lang='lat' dir='ltr'>e.</span> <span class='ocrx_word' id='word_1_60' title='bbox 1312 1000 1482 1081; x_wconf 84' lang='lat' dir='ltr'>Augustini</span> <span class='ocrx_word' id='word_1_61' title='bbox 1519 1018 1589 1064; x_wconf 94' lang='lat' dir='ltr'>cum</span> <span class='ocrx_word' id='word_1_62' title='bbox 1621 997 1759 1063; x_wconf 89' lang='lat' dir='ltr'>ecclesia</span> 
     </span>
     <span class='ocr_line' id='line_1_7' title="bbox 251 1102 1759 1188; baseline -0.001 -19"><span class='ocrx_word' id='word_1_63' title='bbox 251 1121 310 1170; x_wconf 89' lang='lat' dir='ltr'>seu</span> <span class='ocrx_word' id='word_1_64' title='bbox 333 1105 472 1170; x_wconf 89' lang='lat' dir='ltr'>oratorio</span> <span class='ocrx_word' id='word_1_65' title='bbox 503 1123 540 1169; x_wconf 93' lang='lat' dir='ltr'>ac</span> <span class='ocrx_word' id='word_1_66' title='bbox 563 1104 729 1187; x_wconf 85' lang='lat' dir='ltr'>cimiterio,</span> <span class='ocrx_word' id='word_1_67' title='bbox 759 1105 928 1188; x_wconf 80' lang='lat' dir='ltr'>campanili</span> <span class='ocrx_word' id='word_1_68' title='bbox 950 1110 984 1169; x_wconf 90' lang='lat' dir='ltr'>et</span> <span class='ocrx_word' id='word_1_69' title='bbox 1006 1107 1168 1187; x_wconf 90' lang='lat' dir='ltr'>campanis</span> <span class='ocrx_word' id='word_1_70' title='bbox 1195 1110 1229 1169; x_wconf 92' lang='lat' dir='ltr'>et</span> <span class='ocrx_word' id='word_1_71' title='bbox 1251 1104 1324 1169; x_wconf 90' lang='lat' dir='ltr'>aliis</span> <span class='ocrx_word' id='word_1_72' title='bbox 1347 1104 1536 1169; x_wconf 90' lang='lat' dir='ltr'>necessariis</span> <span class='ocrx_word' id='word_1_73' title='bbox 1566 1102 1701 1168; x_wconf 85' lang='lat' dir='ltr'>officinis</span> <span class='ocrx_word' id='word_1_74' title='bbox 1724 1109 1759 1167; x_wconf 90' lang='lat' dir='ltr'>et</span> 
     </span>
     <span class='ocr_line' id='line_1_8' title="bbox 253 1206 1756 1291; baseline -0.001 -19"><span class='ocrx_word' id='word_1_75' title='bbox 253 1206 375 1274; x_wconf 90' lang='lat' dir='ltr'>adhoc</span> <span class='ocrx_word' id='word_1_76' title='bbox 397 1207 497 1273; x_wconf 88' lang='lat' dir='ltr'>eciam</span> <span class='ocrx_word' id='word_1_77' title='bbox 522 1208 684 1273; x_wconf 79' lang='lat' dir='ltr'>diocesani</span> <span class='ocrx_word' id='word_1_78' title='bbox 708 1208 841 1273; x_wconf 79' lang='lat' dir='ltr'>accedat</span> <span class='ocrx_word' id='word_1_79' title='bbox 870 1226 1030 1286; x_wconf 81' lang='lat' dir='ltr'>assensus,</span> <span class='ocrx_word' id='word_1_80' title='bbox 1061 1208 1234 1291; x_wconf 85' lang='lat' dir='ltr'>dignemini</span> <span class='ocrx_word' id='word_1_81' title='bbox 1264 1208 1367 1272; x_wconf 85' lang='lat' dir='ltr'>eidem</span> <span class='ocrx_word' id='word_1_82' title='bbox 1398 1207 1496 1272; x_wconf 90' lang='lat' dir='ltr'>nobili</span> <span class='ocrx_word' id='word_1_83' title='bbox 1525 1206 1662 1271; x_wconf 85' lang='lat' dir='ltr'>faciendi</span> <span class='ocrx_word' id='word_1_84' title='bbox 1685 1224 1756 1288; x_wconf 89' lang='lat' dir='ltr'>pre·</span> 
     </span>
     <span class='ocr_line' id='line_1_9' title="bbox 250 1311 1758 1396; baseline -0.001 -20"><span class='ocrx_word' id='word_1_85' title='bbox 250 1311 348 1376; x_wconf 89' lang='lat' dir='ltr'>missa</span> <span class='ocrx_word' id='word_1_86' title='bbox 378 1312 536 1393; x_wconf 89' lang='lat' dir='ltr'>dictisque</span> <span class='ocrx_word' id='word_1_87' title='bbox 568 1311 720 1378; x_wconf 85' lang='lat' dir='ltr'>fratribus</span> <span class='ocrx_word' id='word_1_88' title='bbox 751 1313 926 1396; x_wconf 89' lang='lat' dir='ltr'>recipiendi</span> <span class='ocrx_word' id='word_1_89' title='bbox 956 1313 1060 1378; x_wconf 90' lang='lat' dir='ltr'>locum</span> <span class='ocrx_word' id='word_1_90' title='bbox 1091 1312 1268 1394; x_wconf 89' lang='lat' dir='ltr'>predictum</span> <span class='ocrx_word' id='word_1_91' title='bbox 1299 1318 1333 1377; x_wconf 90' lang='lat' dir='ltr'>et</span> <span class='ocrx_word' id='word_1_92' title='bbox 1362 1312 1394 1375; x_wconf 93' lang='lat' dir='ltr'>in</span> <span class='ocrx_word' id='word_1_93' title='bbox 1424 1329 1463 1376; x_wconf 90' lang='lat' dir='ltr'>eo</span> <span class='ocrx_word' id='word_1_94' title='bbox 1494 1311 1593 1375; x_wconf 88' lang='lat' dir='ltr'>eciam</span> <span class='ocrx_word' id='word_1_95' title='bbox 1617 1311 1758 1376; x_wconf 91' lang='lat' dir='ltr'>construi</span> 
     </span>
     <span class='ocr_line' id='line_1_10' title="bbox 251 1413 1755 1499; baseline -0.001 -20"><span class='ocrx_word' id='word_1_96' title='bbox 251 1414 388 1481; x_wconf 82' lang='lat' dir='ltr'>faciendi</span> <span class='ocrx_word' id='word_1_97' title='bbox 411 1416 517 1480; x_wconf 88' lang='lat' dir='ltr'>omnia</span> <span class='ocrx_word' id='word_1_98' title='bbox 540 1416 732 1499; x_wconf 88' lang='lat' dir='ltr'>supradicta,</span> <span class='ocrx_word' id='word_1_99' title='bbox 761 1417 995 1481; x_wconf 89' lang='lat' dir='ltr'>nonobstante</span> <span class='ocrx_word' id='word_1_100' title='bbox 1018 1416 1249 1482; x_wconf 88' lang='lat' dir='ltr'>constitucione</span> <span class='ocrx_word' id='word_1_101' title='bbox 1279 1414 1383 1480; x_wconf 84' lang='lat' dir='ltr'>felicis</span> <span class='ocrx_word' id='word_1_102' title='bbox 1405 1414 1638 1480; x_wconf 90' lang='lat' dir='ltr'>recordacionis</span> <span class='ocrx_word' id='word_1_103' title='bbox 1662 1413 1755 1480; x_wconf 92' lang='lat' dir='ltr'>Boni·</span> 
     </span>
     <span class='ocr_line' id='line_1_11' title="bbox 249 1518 1756 1602; baseline -0.001 -19"><span class='ocrx_word' id='word_1_104' title='bbox 249 1518 323 1585; x_wconf 82' lang='lat' dir='ltr'>fecii</span> <span class='ocrx_word' id='word_1_105' title='bbox 356 1538 438 1602; x_wconf 89' lang='lat' dir='ltr'>pape</span> <span class='ocrx_word' id='word_1_106' title='bbox 473 1519 560 1602; x_wconf 83' lang='lat' dir='ltr'>VIII,</span> <span class='ocrx_word' id='word_1_107' title='bbox 595 1539 665 1584; x_wconf 93' lang='lat' dir='ltr'>cum</span> <span class='ocrx_word' id='word_1_108' title='bbox 700 1520 772 1585; x_wconf 90' lang='lat' dir='ltr'>aliis</span> <span class='ocrx_word' id='word_1_109' title='bbox 806 1539 869 1586; x_wconf 94' lang='lat' dir='ltr'>non</span> <span class='ocrx_word' id='word_1_110' title='bbox 903 1520 1104 1586; x_wconf 89' lang='lat' dir='ltr'>obstantibus</span> <span class='ocrx_word' id='word_1_111' title='bbox 1138 1526 1172 1584; x_wconf 90' lang='lat' dir='ltr'>et</span> <span class='ocrx_word' id='word_1_112' title='bbox 1206 1520 1357 1584; x_wconf 86' lang='lat' dir='ltr'>clausulis</span> <span class='ocrx_word' id='word_1_113' title='bbox 1392 1519 1556 1600; x_wconf 92' lang='lat' dir='ltr'>oportunis</span> <span class='ocrx_word' id='word_1_114' title='bbox 1590 1518 1756 1583; x_wconf 90' lang='lat' dir='ltr'>licenciam</span> 
     </span>
     <span class='ocr_line' id='line_1_12' title="bbox 247 1622 385 1705; baseline 0.014 -19"><span class='ocrx_word' id='word_1_115' title='bbox 247 1622 385 1705; x_wconf 88' lang='lat' dir='ltr'>elargiri.</span> 
     </span>
    </p>

    <p class='ocr_par' dir='ltr' id='par_1_3' title="bbox 248 1725 1757 1913">
     <span class='ocr_line' id='line_1_13' title="bbox 377 1725 1757 1813; baseline 0.001 -23"><span class='ocrx_word' id='word_1_116' title='bbox 377 1726 458 1808; x_wconf 87' lang='lat' dir='ltr'>Fiat,</span> <span class='ocrx_word' id='word_1_117' title='bbox 486 1727 575 1809; x_wconf 90' lang='lat' dir='ltr'>prius</span> <span class='ocrx_word' id='word_1_118' title='bbox 599 1728 718 1793; x_wconf 92' lang='lat' dir='ltr'>dotatis</span> <span class='ocrx_word' id='word_1_119' title='bbox 743 1734 961 1813; x_wconf 89' lang='lat' dir='ltr'>competenter</span> <span class='ocrx_word' id='word_1_120' title='bbox 991 1735 1026 1792; x_wconf 93' lang='lat' dir='ltr'>et</span> <span class='ocrx_word' id='word_1_121' title='bbox 1048 1729 1132 1808; x_wconf 94' lang='lat' dir='ltr'>quod</span> <span class='ocrx_word' id='word_1_122' title='bbox 1156 1729 1243 1792; x_wconf 88' lang='lat' dir='ltr'>locus</span> <span class='ocrx_word' id='word_1_123' title='bbox 1267 1728 1310 1792; x_wconf 87' lang='lat' dir='ltr'>sit</span> <span class='ocrx_word' id='word_1_124' title='bbox 1332 1729 1416 1802; x_wconf 84' lang='lat' dir='ltr'>talis,</span> <span class='ocrx_word' id='word_1_125' title='bbox 1454 1728 1537 1809; x_wconf 93' lang='lat' dir='ltr'>quod</span> <span class='ocrx_word' id='word_1_126' title='bbox 1561 1726 1689 1792; x_wconf 89' lang='lat' dir='ltr'>valeant</span> <span class='ocrx_word' id='word_1_127' title='bbox 1711 1725 1757 1791; x_wconf 92' lang='lat' dir='ltr'>ibi</span> 
     </span>
     <span class='ocr_line' id='line_1_14' title="bbox 248 1828 1563 1913; baseline 0.001 -19"><span class='ocrx_word' id='word_1_128' title='bbox 248 1828 355 1894; x_wconf 84' lang='lat' dir='ltr'>rivere</span> <span class='ocrx_word' id='word_1_129' title='bbox 378 1838 440 1896; x_wconf 88' lang='lat' dir='ltr'>etc.</span> <span class='ocrx_word' id='word_1_130' title='bbox 464 1835 498 1895; x_wconf 90' lang='lat' dir='ltr'>et</span> <span class='ocrx_word' id='word_1_131' title='bbox 521 1831 590 1895; x_wconf 91' lang='lat' dir='ltr'>sine</span> <span class='ocrx_word' id='word_1_132' title='bbox 613 1831 790 1913; x_wconf 91' lang='lat' dir='ltr'>preiudicio</span> <span class='ocrx_word' id='word_1_133' title='bbox 814 1833 1039 1912; x_wconf 90' lang='lat' dir='ltr'>cuiuscunque.</span> <span class='ocrx_word' id='word_1_134' title='bbox 1062 1832 1135 1897; x_wconf 89' lang='lat' dir='ltr'>Fiat</span> <span class='ocrx_word' id='word_1_135' title='bbox 1158 1839 1192 1896; x_wconf 90' lang='lat' dir='ltr'>et</span> <span class='ocrx_word' id='word_1_136' title='bbox 1215 1832 1294 1896; x_wconf 91' lang='lat' dir='ltr'>alias</span> <span class='ocrx_word' id='word_1_137' title='bbox 1317 1832 1350 1896; x_wconf 93' lang='lat' dir='ltr'>in</span> <span class='ocrx_word' id='word_1_138' title='bbox 1372 1832 1473 1897; x_wconf 80' lang='lat' dir='ltr'>tonna</span> <span class='ocrx_word' id='word_1_139' title='bbox 1497 1831 1563 1911; x_wconf 83' lang='lat' dir='ltr'>G.¹)</span> 
     </span>
    </p>
   </div>
   <div class='ocr_carea' id='block_1_3' title="bbox 243 1951 1824 4096">
    <p class='ocr_par' dir='ltr' id='par_1_4' title="bbox 246 1951 1756 2763">
     <span class='ocr_line' id='line_1_15' title="bbox 377 1951 1756 2036; baseline 0 -20"><span class='ocrx_word' id='word_1_140' title='bbox 377 1951 457 2017; x_wconf 88' lang='lat' dir='ltr'>Item</span> <span class='ocrx_word' id='word_1_141' title='bbox 474 1952 643 2035; x_wconf 80' lang='lat' dir='ltr'>supplicat,</span> <span class='ocrx_word' id='word_1_142' title='bbox 667 1959 834 2036; x_wconf 86' lang='lat' dir='ltr'>quatenus,</span> <span class='ocrx_word' id='word_1_143' title='bbox 858 1972 928 2017; x_wconf 92' lang='lat' dir='ltr'>cum</span> <span class='ocrx_word' id='word_1_144' title='bbox 944 1953 1013 2035; x_wconf 91' lang='lat' dir='ltr'>ipse</span> <span class='ocrx_word' id='word_1_145' title='bbox 1030 1972 1085 2017; x_wconf 82' lang='lat' dir='ltr'>rex</span> <span class='ocrx_word' id='word_1_146' title='bbox 1101 1953 1255 2036; x_wconf 90' lang='lat' dir='ltr'>predictis</span> <span class='ocrx_word' id='word_1_147' title='bbox 1270 1953 1422 2018; x_wconf 85' lang='lat' dir='ltr'>fratribus</span> <span class='ocrx_word' id='word_1_148' title='bbox 1447 1960 1568 2017; x_wconf 92' lang='lat' dir='ltr'>certum</span> <span class='ocrx_word' id='word_1_149' title='bbox 1595 1953 1699 2017; x_wconf 92' lang='lat' dir='ltr'>locum</span> <span class='ocrx_word' id='word_1_150' title='bbox 1722 1957 1756 2016; x_wconf 88' lang='lat' dir='ltr'>et</span> 
     </span>
     <span class='ocr_line' id='line_1_16' title="bbox 248 2055 1755 2140; baseline 0 -20"><span class='ocrx_word' id='word_1_151' title='bbox 248 2055 444 2121; x_wconf 84' lang='lat' dir='ltr'>territorium</span> <span class='ocrx_word' id='word_1_152' title='bbox 467 2056 679 2138; x_wconf 80' lang='lat' dir='ltr'>assignaverit</span> <span class='ocrx_word' id='word_1_153' title='bbox 701 2057 734 2121; x_wconf 91' lang='lat' dir='ltr'>in</span> <span class='ocrx_word' id='word_1_154' title='bbox 757 2058 887 2123; x_wconf 81' lang='lat' dir='ltr'>civitate</span> <span class='ocrx_word' id='word_1_155' title='bbox 911 2058 1001 2122; x_wconf 88' lang='lat' dir='ltr'>Nora</span> <span class='ocrx_word' id='word_1_156' title='bbox 1023 2058 1177 2140; x_wconf 90' lang='lat' dir='ltr'>Pragensi</span> <span class='ocrx_word' id='word_1_157' title='bbox 1200 2077 1256 2139; x_wconf 90' lang='lat' dir='ltr'>pro</span> <span class='ocrx_word' id='word_1_158' title='bbox 1278 2078 1338 2123; x_wconf 92' lang='lat' dir='ltr'>uno</span> <span class='ocrx_word' id='word_1_159' title='bbox 1355 2058 1547 2123; x_wconf 88' lang='lat' dir='ltr'>monasterio</span> <span class='ocrx_word' id='word_1_160' title='bbox 1571 2056 1755 2122; x_wconf 88' lang='lat' dir='ltr'>monialium</span> 
     </span>
     <span class='ocr_line' id='line_1_17' title="bbox 250 2158 1756 2246; baseline 0.001 -23"><span class='ocrx_word' id='word_1_161' title='bbox 250 2160 369 2224; x_wconf 91' lang='lat' dir='ltr'>ordinis</span> <span class='ocrx_word' id='word_1_162' title='bbox 392 2159 620 2225; x_wconf 87' lang='lat' dir='ltr'>heremitarum</span> <span class='ocrx_word' id='word_1_163' title='bbox 642 2164 677 2224; x_wconf 89' lang='lat' dir='ltr'>et</span> <span class='ocrx_word' id='word_1_164' title='bbox 698 2162 809 2244; x_wconf 82' lang='lat' dir='ltr'>regrde</span> <span class='ocrx_word' id='word_1_165' title='bbox 832 2180 858 2226; x_wconf 91' lang='lat' dir='ltr'>s.</span> <span class='ocrx_word' id='word_1_166' title='bbox 882 2162 1062 2244; x_wconf 81' lang='lat' dir='ltr'>Augustini,</span> <span class='ocrx_word' id='word_1_167' title='bbox 1086 2180 1147 2243; x_wconf 89' lang='lat' dir='ltr'>que</span> <span class='ocrx_word' id='word_1_168' title='bbox 1171 2163 1228 2228; x_wconf 90' lang='lat' dir='ltr'>sub</span> <span class='ocrx_word' id='word_1_169' title='bbox 1245 2181 1320 2227; x_wconf 90' lang='lat' dir='ltr'>cura</span> <span class='ocrx_word' id='word_1_170' title='bbox 1335 2168 1369 2227; x_wconf 92' lang='lat' dir='ltr'>et</span> <span class='ocrx_word' id='word_1_171' title='bbox 1385 2158 1582 2246; x_wconf 78' lang='lat' dir='ltr'>[secundum]</span> <span class='ocrx_word' id='word_1_172' title='bbox 1607 2161 1756 2225; x_wconf 88' lang='lat' dir='ltr'>instituta</span> 
     </span>
     <span class='ocr_line' id='line_1_18' title="bbox 247 2263 1754 2349; baseline 0.001 -22"><span class='ocrx_word' id='word_1_173' title='bbox 247 2263 404 2329; x_wconf 90' lang='lat' dir='ltr'>dictorum</span> <span class='ocrx_word' id='word_1_174' title='bbox 426 2263 560 2328; x_wconf 89' lang='lat' dir='ltr'>fratrum</span> <span class='ocrx_word' id='word_1_175' title='bbox 576 2265 684 2329; x_wconf 91' lang='lat' dir='ltr'>vivere</span> <span class='ocrx_word' id='word_1_176' title='bbox 700 2272 735 2330; x_wconf 89' lang='lat' dir='ltr'>et</span> <span class='ocrx_word' id='word_1_177' title='bbox 749 2266 829 2349; x_wconf 90' lang='lat' dir='ltr'>ipsis</span> <span class='ocrx_word' id='word_1_178' title='bbox 844 2264 996 2331; x_wconf 87' lang='lat' dir='ltr'>iratribus</span> <span class='ocrx_word' id='word_1_179' title='bbox 1013 2284 1085 2332; x_wconf 90' lang='lat' dir='ltr'>esse</span> <span class='ocrx_word' id='word_1_180' title='bbox 1100 2266 1283 2332; x_wconf 90' lang='lat' dir='ltr'>immediate</span> <span class='ocrx_word' id='word_1_181' title='bbox 1301 2267 1443 2331; x_wconf 91' lang='lat' dir='ltr'>subiecte</span> <span class='ocrx_word' id='word_1_182' title='bbox 1464 2267 1611 2341; x_wconf 82' lang='lat' dir='ltr'>debeant,</span> <span class='ocrx_word' id='word_1_183' title='bbox 1636 2265 1754 2329; x_wconf 90' lang='lat' dir='ltr'>ibidem</span> 
     </span>
     <span class='ocr_line' id='line_1_19' title="bbox 248 2367 1754 2453; baseline 0.001 -21"><span class='ocrx_word' id='word_1_184' title='bbox 248 2367 288 2432; x_wconf 90' lang='lat' dir='ltr'>de</span> <span class='ocrx_word' id='word_1_185' title='bbox 311 2385 391 2433; x_wconf 87' lang='lat' dir='ltr'>novo</span> <span class='ocrx_word' id='word_1_186' title='bbox 415 2369 637 2448; x_wconf 90' lang='lat' dir='ltr'>construendo,</span> <span class='ocrx_word' id='word_1_187' title='bbox 661 2370 835 2452; x_wconf 90' lang='lat' dir='ltr'>dignemini</span> <span class='ocrx_word' id='word_1_188' title='bbox 856 2370 937 2452; x_wconf 90' lang='lat' dir='ltr'>ipsis</span> <span class='ocrx_word' id='word_1_189' title='bbox 959 2369 1111 2435; x_wconf 88' lang='lat' dir='ltr'>fratribus</span> <span class='ocrx_word' id='word_1_190' title='bbox 1134 2370 1310 2453; x_wconf 90' lang='lat' dir='ltr'>recipiendi</span> <span class='ocrx_word' id='word_1_191' title='bbox 1325 2371 1445 2434; x_wconf 90' lang='lat' dir='ltr'>dictum</span> <span class='ocrx_word' id='word_1_192' title='bbox 1460 2369 1564 2434; x_wconf 92' lang='lat' dir='ltr'>locum</span> <span class='ocrx_word' id='word_1_193' title='bbox 1587 2369 1754 2451; x_wconf 89' lang='lat' dir='ltr'>ipsumque</span> 
     </span>
     <span class='ocr_line' id='line_1_20' title="bbox 247 2471 1753 2557; baseline 0.002 -22"><span class='ocrx_word' id='word_1_194' title='bbox 247 2489 317 2535; x_wconf 92' lang='lat' dir='ltr'>cum</span> <span class='ocrx_word' id='word_1_195' title='bbox 340 2471 478 2537; x_wconf 90' lang='lat' dir='ltr'>ecclesia</span> <span class='ocrx_word' id='word_1_196' title='bbox 500 2490 557 2537; x_wconf 92' lang='lat' dir='ltr'>seu</span> <span class='ocrx_word' id='word_1_197' title='bbox 586 2474 725 2538; x_wconf 89' lang='lat' dir='ltr'>oratorio</span> <span class='ocrx_word' id='word_1_198' title='bbox 756 2493 792 2538; x_wconf 90' lang='lat' dir='ltr'>ac</span> <span class='ocrx_word' id='word_1_199' title='bbox 816 2475 980 2556; x_wconf 86' lang='lat' dir='ltr'>cimiterio,</span> <span class='ocrx_word' id='word_1_200' title='bbox 1010 2475 1189 2557; x_wconf 83' lang='lat' dir='ltr'>campanili,</span> <span class='ocrx_word' id='word_1_201' title='bbox 1219 2474 1380 2556; x_wconf 88' lang='lat' dir='ltr'>campanis</span> <span class='ocrx_word' id='word_1_202' title='bbox 1410 2480 1444 2539; x_wconf 90' lang='lat' dir='ltr'>et</span> <span class='ocrx_word' id='word_1_203' title='bbox 1468 2474 1540 2538; x_wconf 89' lang='lat' dir='ltr'>aliis</span> <span class='ocrx_word' id='word_1_204' title='bbox 1562 2473 1753 2538; x_wconf 89' lang='lat' dir='ltr'>necessariis</span> 
     </span>
     <span class='ocr_line' id='line_1_21' title="bbox 246 2574 1753 2660; baseline 0.002 -22"><span class='ocrx_word' id='word_1_205' title='bbox 246 2574 417 2640; x_wconf 86' lang='lat' dir='ltr'>edificandi</span> <span class='ocrx_word' id='word_1_206' title='bbox 450 2582 485 2642; x_wconf 91' lang='lat' dir='ltr'>et</span> <span class='ocrx_word' id='word_1_207' title='bbox 514 2578 728 2658; x_wconf 88' lang='lat' dir='ltr'>construendi,</span> <span class='ocrx_word' id='word_1_208' title='bbox 763 2579 933 2660; x_wconf 87' lang='lat' dir='ltr'>presertim</span> <span class='ocrx_word' id='word_1_209' title='bbox 963 2598 1033 2643; x_wconf 93' lang='lat' dir='ltr'>cnm</span> <span class='ocrx_word' id='word_1_210' title='bbox 1067 2580 1107 2643; x_wconf 94' lang='lat' dir='ltr'>ad</span> <span class='ocrx_word' id='word_1_211' title='bbox 1136 2578 1196 2643; x_wconf 87' lang='lat' dir='ltr'>hoc</span> <span class='ocrx_word' id='word_1_212' title='bbox 1231 2578 1392 2643; x_wconf 89' lang='lat' dir='ltr'>diocesani</span> <span class='ocrx_word' id='word_1_213' title='bbox 1426 2577 1559 2642; x_wconf 90' lang='lat' dir='ltr'>accedat</span> <span class='ocrx_word' id='word_1_214' title='bbox 1593 2595 1753 2658; x_wconf 87' lang='lat' dir='ltr'>assensus,</span> 
     </span>
     <span class='ocr_line' id='line_1_22' title="bbox 249 2678 1295 2763; baseline 0.003 -20"><span class='ocrx_word' id='word_1_215' title='bbox 249 2678 413 2744; x_wconf 86' lang='lat' dir='ltr'>licenciam</span> <span class='ocrx_word' id='word_1_216' title='bbox 437 2681 577 2763; x_wconf 86' lang='lat' dir='ltr'>elargiri,</span> <span class='ocrx_word' id='word_1_217' title='bbox 601 2699 671 2744; x_wconf 88' lang='lat' dir='ltr'>cum</span> <span class='ocrx_word' id='word_1_218' title='bbox 694 2700 756 2745; x_wconf 93' lang='lat' dir='ltr'>non</span> <span class='ocrx_word' id='word_1_219' title='bbox 780 2683 980 2748; x_wconf 89' lang='lat' dir='ltr'>obstantibus</span> <span class='ocrx_word' id='word_1_220' title='bbox 1003 2687 1037 2746; x_wconf 91' lang='lat' dir='ltr'>et</span> <span class='ocrx_word' id='word_1_221' title='bbox 1060 2682 1212 2746; x_wconf 91' lang='lat' dir='ltr'>clausulis</span> <span class='ocrx_word' id='word_1_222' title='bbox 1235 2688 1295 2747; x_wconf 87' lang='lat' dir='ltr'>etc.</span> 
     </span>
    </p>

    <p class='ocr_par' dir='ltr' id='par_1_5' title="bbox 377 2784 689 2866">
     <span class='ocr_line' id='line_1_23' title="bbox 377 2784 689 2866; baseline 0.01 -18"><span class='ocrx_word' id='word_1_223' title='bbox 377 2784 450 2849; x_wconf 89' lang='lat' dir='ltr'>Fiat</span> <span class='ocrx_word' id='word_1_224' title='bbox 472 2792 509 2848; x_wconf 88' lang='lat' dir='ltr'>ut</span> <span class='ocrx_word' id='word_1_225' title='bbox 532 2802 629 2866; x_wconf 89' lang='lat' dir='ltr'>supra</span> <span class='ocrx_word' id='word_1_226' title='bbox 653 2786 689 2852; x_wconf 85' lang='lat' dir='ltr'>G.</span> 
     </span>
    </p>

    <p class='ocr_par' dir='ltr' id='par_1_6' title="bbox 243 2887 1824 3904">
     <span class='ocr_line' id='line_1_24' title="bbox 377 2887 1753 2971; baseline 0.001 -20"><span class='ocrx_word' id='word_1_227' title='bbox 377 2887 459 2953; x_wconf 91' lang='lat' dir='ltr'>ltem</span> <span class='ocrx_word' id='word_1_228' title='bbox 482 2889 648 2971; x_wconf 86' lang='lat' dir='ltr'>supplicat,</span> <span class='ocrx_word' id='word_1_229' title='bbox 679 2896 845 2970; x_wconf 87' lang='lat' dir='ltr'>quatenus,</span> <span class='ocrx_word' id='word_1_230' title='bbox 877 2909 946 2954; x_wconf 94' lang='lat' dir='ltr'>cum</span> <span class='ocrx_word' id='word_1_231' title='bbox 969 2890 1086 2954; x_wconf 83' lang='lat' dir='ltr'>fratres</span> <span class='ocrx_word' id='word_1_232' title='bbox 1117 2891 1195 2955; x_wconf 93' lang='lat' dir='ltr'>dicti</span> <span class='ocrx_word' id='word_1_233' title='bbox 1229 2890 1349 2955; x_wconf 89' lang='lat' dir='ltr'>ordinis</span> <span class='ocrx_word' id='word_1_234' title='bbox 1373 2889 1564 2954; x_wconf 90' lang='lat' dir='ltr'>auctoritate</span> <span class='ocrx_word' id='word_1_235' title='bbox 1587 2889 1753 2953; x_wconf 88' lang='lat' dir='ltr'>literarum</span> 
     </span>
     <span class='ocr_line' id='line_1_25' title="bbox 247 2988 1824 3075; baseline 0.002 -22"><span class='ocrx_word' id='word_1_236' title='bbox 247 2988 349 3055; x_wconf 84' lang='lat' dir='ltr'>felicis</span> <span class='ocrx_word' id='word_1_237' title='bbox 372 2991 605 3056; x_wconf 88' lang='lat' dir='ltr'>recordacionis</span> <span class='ocrx_word' id='word_1_238' title='bbox 635 2992 792 3057; x_wconf 87' lang='lat' dir='ltr'>Johannis</span> <span class='ocrx_word' id='word_1_239' title='bbox 814 2992 907 3058; x_wconf 87' lang='lat' dir='ltr'>Xllll</span> <span class='ocrx_word' id='word_1_240' title='bbox 929 2994 1086 3073; x_wconf 83' lang='lat' dir='ltr'>quendam</span> <span class='ocrx_word' id='word_1_241' title='bbox 1118 2993 1221 3058; x_wconf 92' lang='lat' dir='ltr'>locum</span> <span class='ocrx_word' id='word_1_242' title='bbox 1251 2993 1432 3075; x_wconf 89' lang='lat' dir='ltr'>receperint</span> <span class='ocrx_word' id='word_1_243' title='bbox 1462 2993 1502 3057; x_wconf 90' lang='lat' dir='ltr'>ad</span> <span class='ocrx_word' id='word_1_244' title='bbox 1530 3010 1621 3056; x_wconf 92' lang='lat' dir='ltr'>usum</span> <span class='ocrx_word' id='word_1_245' title='bbox 1643 3011 1753 3056; x_wconf 93' lang='lat' dir='ltr'>eorum</span> <span class='ocrx_word' id='word_1_246' title='bbox 1821 3012 1824 3017; x_wconf 91' lang='lat'><strong>·</strong></span> 
     </span>
     <span class='ocr_line' id='line_1_26' title="bbox 248 3094 1753 3179; baseline 0.002 -21"><span class='ocrx_word' id='word_1_247' title='bbox 248 3094 280 3158; x_wconf 93' lang='lat' dir='ltr'>in</span> <span class='ocrx_word' id='word_1_248' title='bbox 303 3095 433 3160; x_wconf 82' lang='lat' dir='ltr'>civitate</span> <span class='ocrx_word' id='word_1_249' title='bbox 456 3095 725 3173; x_wconf 74' lang='lat' dir='ltr'>Wratislauiensi</span> <span class='ocrx_word' id='word_1_250' title='bbox 748 3098 915 3179; x_wconf 92' lang='lat' dir='ltr'>ipsumque</span> <span class='ocrx_word' id='word_1_251' title='bbox 937 3098 1040 3162; x_wconf 92' lang='lat' dir='ltr'>locum</span> <span class='ocrx_word' id='word_1_252' title='bbox 1063 3115 1134 3161; x_wconf 93' lang='lat' dir='ltr'>cum</span> <span class='ocrx_word' id='word_1_253' title='bbox 1157 3096 1302 3168; x_wconf 80' lang='lat' dir='ltr'>ecclesia.</span> <span class='ocrx_word' id='word_1_254' title='bbox 1336 3097 1502 3178; x_wconf 89' lang='lat' dir='ltr'>cimiterio,</span> <span class='ocrx_word' id='word_1_255' title='bbox 1526 3096 1695 3179; x_wconf 88' lang='lat' dir='ltr'>campanili</span> <span class='ocrx_word' id='word_1_256' title='bbox 1718 3103 1753 3161; x_wconf 90' lang='lat' dir='ltr'>et</span> 
     </span>
     <span class='ocr_line' id='line_1_27' title="bbox 247 3199 1752 3283; baseline 0.002 -21"><span class='ocrx_word' id='word_1_257' title='bbox 247 3199 408 3281; x_wconf 91' lang='lat' dir='ltr'>campanis</span> <span class='ocrx_word' id='word_1_258' title='bbox 441 3204 475 3263; x_wconf 90' lang='lat' dir='ltr'>et</span> <span class='ocrx_word' id='word_1_259' title='bbox 508 3199 698 3264; x_wconf 88' lang='lat' dir='ltr'>necessariis</span> <span class='ocrx_word' id='word_1_260' title='bbox 732 3199 866 3265; x_wconf 88' lang='lat' dir='ltr'>officinis</span> <span class='ocrx_word' id='word_1_261' title='bbox 900 3201 1016 3265; x_wconf 90' lang='lat' dir='ltr'>ibidem</span> <span class='ocrx_word' id='word_1_262' title='bbox 1052 3219 1109 3281; x_wconf 92' lang='lat' dir='ltr'>per</span> <span class='ocrx_word' id='word_1_263' title='bbox 1141 3200 1245 3282; x_wconf 90' lang='lat' dir='ltr'>ipsum</span> <span class='ocrx_word' id='word_1_264' title='bbox 1279 3219 1387 3283; x_wconf 90' lang='lat' dir='ltr'>regem</span> <span class='ocrx_word' id='word_1_265' title='bbox 1421 3206 1455 3265; x_wconf 90' lang='lat' dir='ltr'>et</span> <span class='ocrx_word' id='word_1_266' title='bbox 1486 3200 1569 3264; x_wconf 88' lang='lat' dir='ltr'>clare</span> <span class='ocrx_word' id='word_1_267' title='bbox 1601 3200 1752 3265; x_wconf 89' lang='lat' dir='ltr'>memorie</span> 
     </span>
     <span class='ocr_line' id='line_1_28' title="bbox 249 3302 1752 3386; baseline 0.001 -20"><span class='ocrx_word' id='word_1_268' title='bbox 249 3302 371 3367; x_wconf 85' lang='lat' dir='ltr'>Annam</span> <span class='ocrx_word' id='word_1_269' title='bbox 390 3303 535 3386; x_wconf 88' lang='lat' dir='ltr'>reginam</span> <span class='ocrx_word' id='word_1_270' title='bbox 559 3304 780 3380; x_wconf 79' lang='lat' dir='ltr'>Romanorum,</span> <span class='ocrx_word' id='word_1_271' title='bbox 815 3305 885 3369; x_wconf 92' lang='lat' dir='ltr'>eius</span> <span class='ocrx_word' id='word_1_272' title='bbox 908 3311 1094 3386; x_wconf 83' lang='lat' dir='ltr'>consortem,</span> <span class='ocrx_word' id='word_1_273' title='bbox 1123 3303 1297 3386; x_wconf 83' lang='lat' dir='ltr'>fundatum,</span> <span class='ocrx_word' id='word_1_274' title='bbox 1321 3305 1361 3368; x_wconf 92' lang='lat' dir='ltr'>ad</span> <span class='ocrx_word' id='word_1_275' title='bbox 1384 3305 1443 3369; x_wconf 94' lang='lat' dir='ltr'>hoc</span> <span class='ocrx_word' id='word_1_276' title='bbox 1466 3304 1567 3368; x_wconf 89' lang='lat' dir='ltr'>eciam</span> <span class='ocrx_word' id='word_1_277' title='bbox 1591 3304 1752 3369; x_wconf 88' lang='lat' dir='ltr'>diocesani</span> 
     </span>
     <span class='ocr_line' id='line_1_29' title="bbox 245 3406 1750 3490; baseline 0.001 -21"><span class='ocrx_word' id='word_1_278' title='bbox 245 3410 281 3469; x_wconf 86' lang='lat' dir='ltr'>et</span> <span class='ocrx_word' id='word_1_279' title='bbox 313 3406 444 3488; x_wconf 89' lang='lat' dir='ltr'>capituli</span> <span class='ocrx_word' id='word_1_280' title='bbox 479 3407 652 3472; x_wconf 89' lang='lat' dir='ltr'>accedente</span> <span class='ocrx_word' id='word_1_281' title='bbox 683 3426 847 3489; x_wconf 88' lang='lat' dir='ltr'>consensu,</span> <span class='ocrx_word' id='word_1_282' title='bbox 882 3409 936 3490; x_wconf 93' lang='lat' dir='ltr'>qui</span> <span class='ocrx_word' id='word_1_283' title='bbox 970 3408 1058 3473; x_wconf 91' lang='lat' dir='ltr'>locus</span> <span class='ocrx_word' id='word_1_284' title='bbox 1092 3414 1272 3473; x_wconf 91' lang='lat' dir='ltr'>sanctorum</span> <span class='ocrx_word' id='word_1_285' title='bbox 1302 3408 1493 3489; x_wconf 88' lang='lat' dir='ltr'>Wenceslai‚</span> <span class='ocrx_word' id='word_1_286' title='bbox 1529 3407 1681 3472; x_wconf 86' lang='lat' dir='ltr'>Stanizlai</span> <span class='ocrx_word' id='word_1_287' title='bbox 1715 3413 1750 3471; x_wconf 91' lang='lat' dir='ltr'>et</span> 
     </span>
     <span class='ocr_line' id='line_1_30' title="bbox 248 3508 1750 3595; baseline 0.001 -23"><span class='ocrx_word' id='word_1_288' title='bbox 248 3508 408 3574; x_wconf 86' lang='lat' dir='ltr'>Dorothee</span> <span class='ocrx_word' id='word_1_289' title='bbox 443 3516 651 3593; x_wconf 89' lang='lat' dir='ltr'>nuncupatur,</span> <span class='ocrx_word' id='word_1_290' title='bbox 686 3511 879 3593; x_wconf 90' lang='lat' dir='ltr'>aliquamdiu</span> <span class='ocrx_word' id='word_1_291' title='bbox 913 3512 1126 3594; x_wconf 88' lang='lat' dir='ltr'>possederint,</span> <span class='ocrx_word' id='word_1_292' title='bbox 1160 3519 1255 3594; x_wconf 86' lang='lat' dir='ltr'>prout</span> <span class='ocrx_word' id='word_1_293' title='bbox 1287 3512 1462 3595; x_wconf 86' lang='lat' dir='ltr'>possident,</span> <span class='ocrx_word' id='word_1_294' title='bbox 1494 3511 1666 3593; x_wconf 90' lang='lat' dir='ltr'>dignemini</span> <span class='ocrx_word' id='word_1_295' title='bbox 1701 3529 1750 3575; x_wconf 90' lang='lat' dir='ltr'>re-</span> 
     </span>
     <span class='ocr_line' id='line_1_31' title="bbox 248 3613 1750 3695; baseline 0.003 -20"><span class='ocrx_word' id='word_1_296' title='bbox 248 3613 438 3695; x_wconf 86' lang='lat' dir='ltr'>cepoionem,</span> <span class='ocrx_word' id='word_1_297' title='bbox 461 3614 682 3679; x_wconf 82' lang='lat' dir='ltr'>fundacionem</span> <span class='ocrx_word' id='word_1_298' title='bbox 705 3621 739 3680; x_wconf 90' lang='lat' dir='ltr'>et</span> <span class='ocrx_word' id='word_1_299' title='bbox 761 3616 1031 3681; x_wconf 88' lang='lat' dir='ltr'>construccionem</span> <span class='ocrx_word' id='word_1_300' title='bbox 1055 3617 1213 3681; x_wconf 90' lang='lat' dir='ltr'>buismodi</span> <span class='ocrx_word' id='word_1_301' title='bbox 1235 3634 1275 3680; x_wconf 83' lang='lat' dir='ltr'>ex</span> <span class='ocrx_word' id='word_1_302' title='bbox 1299 3623 1387 3680; x_wconf 90' lang='lat' dir='ltr'>certa</span> <span class='ocrx_word' id='word_1_303' title='bbox 1410 3616 1547 3681; x_wconf 87' lang='lat' dir='ltr'>sciencia</span> <span class='ocrx_word' id='word_1_304' title='bbox 1566 3615 1750 3680; x_wconf 88' lang='lat' dir='ltr'>confirmare</span> 
     </span>
     <span class='ocr_line' id='line_1_32' title="bbox 243 3719 1750 3802; baseline 0.003 -24"><span class='ocrx_word' id='word_1_305' title='bbox 243 3722 280 3779; x_wconf 87' lang='lat' dir='ltr'>et</span> <span class='ocrx_word' id='word_1_306' title='bbox 308 3735 432 3782; x_wconf 93' lang='lat' dir='ltr'>omnem</span> <span class='ocrx_word' id='word_1_307' title='bbox 462 3720 610 3802; x_wconf 92' lang='lat' dir='ltr'>supplere</span> <span class='ocrx_word' id='word_1_308' title='bbox 630 3719 800 3801; x_wconf 83' lang='lat' dir='ltr'>defectum,</span> <span class='ocrx_word' id='word_1_309' title='bbox 833 3738 901 3783; x_wconf 93' lang='lat' dir='ltr'>cum</span> <span class='ocrx_word' id='word_1_310' title='bbox 922 3773 929 3788; x_wconf 92' lang='lat'><strong>.</strong></span> <span class='ocrx_word' id='word_1_311' title='bbox 948 3769 954 3782; x_wconf 93' lang='lat'>.</span> <span class='ocrx_word' id='word_1_312' title='bbox 974 3768 1008 3783; x_wconf 92' lang='lat'>..</span> <span class='ocrx_word' id='word_1_313' title='bbox 1041 3721 1184 3784; x_wconf 91' lang='lat' dir='ltr'>omnibus</span> <span class='ocrx_word' id='word_1_314' title='bbox 1214 3738 1276 3783; x_wconf 94' lang='lat' dir='ltr'>non</span> <span class='ocrx_word' id='word_1_315' title='bbox 1307 3719 1509 3784; x_wconf 89' lang='lat' dir='ltr'>obstantibus</span> <span class='ocrx_word' id='word_1_316' title='bbox 1540 3725 1574 3782; x_wconf 90' lang='lat' dir='ltr'>et</span> <span class='ocrx_word' id='word_1_317' title='bbox 1599 3719 1750 3783; x_wconf 89' lang='lat' dir='ltr'>clausulis</span> 
     </span>
     <span class='ocr_line' id='line_1_33' title="bbox 246 3826 408 3904; baseline 0 -20"><span class='ocrx_word' id='word_1_318' title='bbox 246 3826 282 3885; x_wconf 89' lang='lat' dir='ltr'>nt</span> <span class='ocrx_word' id='word_1_319' title='bbox 304 3838 408 3904; x_wconf 91' lang='lat' dir='ltr'>supra.</span> 
     </span>
    </p>

    <p class='ocr_par' dir='ltr' id='par_1_7' title="bbox 375 3925 1629 4010">
     <span class='ocr_line' id='line_1_34' title="bbox 375 3925 1629 4010; baseline 0.002 -21"><span class='ocrx_word' id='word_1_320' title='bbox 375 3925 456 4009; x_wconf 84' lang='lat' dir='ltr'>Fiat,</span> <span class='ocrx_word' id='word_1_321' title='bbox 479 3927 553 3991; x_wconf 86' lang='lat' dir='ltr'>durn</span> <span class='ocrx_word' id='word_1_322' title='bbox 577 3932 684 3990; x_wconf 90' lang='lat' dir='ltr'>tamen</span> <span class='ocrx_word' id='word_1_323' title='bbox 708 3927 777 3991; x_wconf 92' lang='lat' dir='ltr'>sine</span> <span class='ocrx_word' id='word_1_324' title='bbox 801 3927 978 4010; x_wconf 90' lang='lat' dir='ltr'>preiudicio</span> <span class='ocrx_word' id='word_1_325' title='bbox 1002 3929 1216 4009; x_wconf 88' lang='lat' dir='ltr'>cuiuscunque</span> <span class='ocrx_word' id='word_1_326' title='bbox 1240 3927 1298 3993; x_wconf 90' lang='lat' dir='ltr'>boc</span> <span class='ocrx_word' id='word_1_327' title='bbox 1321 3926 1419 3992; x_wconf 86' lang='lat' dir='ltr'>fuerit</span> <span class='ocrx_word' id='word_1_328' title='bbox 1441 3926 1560 3992; x_wconf 87' lang='lat' dir='ltr'>facturn</span> <span class='ocrx_word' id='word_1_329' title='bbox 1592 3926 1629 3991; x_wconf 92' lang='lat' dir='ltr'>G.</span> 
     </span>
    </p>

    <p class='ocr_par' dir='ltr' id='par_1_8' title="bbox 375 4030 927 4096">
     <span class='ocr_line' id='line_1_35' title="bbox 375 4030 927 4096; baseline 0.004 -2"><span class='ocrx_word' id='word_1_330' title='bbox 375 4030 419 4094; x_wconf 86' lang='lat' dir='ltr'>Et</span> <span class='ocrx_word' id='word_1_331' title='bbox 441 4031 510 4096; x_wconf 88' lang='lat' dir='ltr'>sine</span> <span class='ocrx_word' id='word_1_332' title='bbox 533 4030 597 4094; x_wconf 88' lang='lat' dir='ltr'>alia</span> <span class='ocrx_word' id='word_1_333' title='bbox 618 4030 769 4095; x_wconf 90' lang='lat' dir='ltr'>leccione.</span> <span class='ocrx_word' id='word_1_334' title='bbox 794 4030 867 4096; x_wconf 84' lang='lat' dir='ltr'>Fiat</span> <span class='ocrx_word' id='word_1_335' title='bbox 891 4031 927 4096; x_wconf 84' lang='lat' dir='ltr'>G.</span> 
     </span>
    </p>
   </div>
   <div class='ocr_carea' id='block_1_4' title="bbox 374 4150 1197 4218">
    <p class='ocr_par' dir='ltr' id='par_1_9' title="bbox 374 4150 1197 4218">
     <span class='ocr_line' id='line_1_36' title="bbox 374 4150 1197 4218; baseline -0.001 -2"><span class='ocrx_word' id='word_1_336' title='bbox 374 4153 403 4216; x_wconf 90' lang='lat' dir='ltr'>D</span> <span class='ocrx_word' id='word_1_337' title='bbox 438 4152 594 4217; x_wconf 79' lang='lat' dir='ltr'>Aninione</span> <span class='ocrx_word' id='word_1_338' title='bbox 618 4150 696 4216; x_wconf 85' lang='lat' dir='ltr'>Vlll</span> <span class='ocrx_word' id='word_1_339' title='bbox 718 4152 873 4217; x_wconf 87' lang='lat' dir='ltr'>kalendas</span> <span class='ocrx_word' id='word_1_340' title='bbox 896 4154 974 4218; x_wconf 88' lang='lat' dir='ltr'>Maii</span> <span class='ocrx_word' id='word_1_341' title='bbox 997 4173 1024 4218; x_wconf 90' lang='lat' dir='ltr'>a.</span> <span class='ocrx_word' id='word_1_342' title='bbox 1048 4154 1197 4218; x_wconf 92' lang='lat' dir='ltr'>secundo.</span> 
     </span>
    </p>
   </div>
   <div class='ocr_carea' id='block_1_5' title="bbox 245 4338 1747 4496">
    <p class='ocr_par' dir='ltr' id='par_1_10' title="bbox 245 4338 1747 4496">
     <span class='ocr_line' id='line_1_37' title="bbox 372 4338 1747 4410; baseline 0.001 -16"><span class='ocrx_word' id='word_1_343' title='bbox 372 4339 511 4409; x_wconf 74' lang='lat' dir='ltr'>RSuppl.</span> <span class='ocrx_word' id='word_1_344' title='bbox 530 4344 563 4394; x_wconf 77' lang='lat'>26</span> <span class='ocrx_word' id='word_1_345' title='bbox 582 4338 629 4394; x_wconf 82' lang='lat' dir='ltr'>iol.</span> <span class='ocrx_word' id='word_1_346' title='bbox 648 4346 690 4394; x_wconf 83' lang='grc'>96.</span> <span class='ocrx_word' id='word_1_347' title='bbox 707 4371 733 4380; x_wconf 98' lang='grc'>-</span> <span class='ocrx_word' id='word_1_348' title='bbox 751 4342 770 4404; x_wconf 82' lang='lat'>¹)</span> <span class='ocrx_word' id='word_1_349' title='bbox 789 4340 866 4394; x_wconf 83' lang='lat' dir='ltr'>Haec</span> <span class='ocrx_word' id='word_1_350' title='bbox 885 4341 1050 4410; x_wconf 88' lang='lat' dir='ltr'>supplicatio</span> <span class='ocrx_word' id='word_1_351' title='bbox 1064 4341 1145 4396; x_wconf 78' lang='lat' dir='ltr'>etiam</span> <span class='ocrx_word' id='word_1_352' title='bbox 1158 4343 1186 4395; x_wconf 94' lang='lat' dir='ltr'>in</span> <span class='ocrx_word' id='word_1_353' title='bbox 1203 4341 1251 4396; x_wconf 87' lang='lat' dir='ltr'>fol.</span> <span class='ocrx_word' id='word_1_354' title='bbox 1265 4347 1307 4396; x_wconf 78' lang='lat'>93‘</span> <span class='ocrx_word' id='word_1_355' title='bbox 1319 4341 1459 4410; x_wconf 86' lang='lat' dir='ltr'>descripta</span> <span class='ocrx_word' id='word_1_356' title='bbox 1472 4348 1515 4395; x_wconf 80' lang='lat' dir='ltr'>est</span> <span class='ocrx_word' id='word_1_357' title='bbox 1532 4357 1593 4395; x_wconf 90' lang='lat' dir='ltr'>cum</span> <span class='ocrx_word' id='word_1_358' title='bbox 1615 4347 1747 4409; x_wconf 82' lang='lat' dir='ltr'>sequente</span> 
     </span>
     <span class='ocr_line' id='line_1_38' title="bbox 245 4426 1117 4496; baseline 0.002 -17"><span class='ocrx_word' id='word_1_359' title='bbox 245 4432 310 4480; x_wconf 79' lang='lat' dir='ltr'>nota</span> <span class='ocrx_word' id='word_1_360' title='bbox 326 4426 354 4479; x_wconf 91' lang='lat' dir='ltr'>in</span> <span class='ocrx_word' id='word_1_361' title='bbox 374 4426 508 4496; x_wconf 76' lang='lat' dir='ltr'>margine:</span> <span class='ocrx_word' id='word_1_362' title='bbox 530 4426 675 4495; x_wconf 72' lang='lat' dir='ltr'>„Attenda</span> <span class='ocrx_word' id='word_1_363' title='bbox 694 4427 766 4495; x_wconf 90' lang='lat' dir='ltr'>quod</span> <span class='ocrx_word' id='word_1_364' title='bbox 784 4427 902 4482; x_wconf 91' lang='lat' dir='ltr'>hicnon</span> <span class='ocrx_word' id='word_1_365' title='bbox 920 4436 979 4482; x_wconf 84' lang='lat' dir='ltr'>erat</span> <span class='ocrx_word' id='word_1_366' title='bbox 997 4427 1117 4482; x_wconf 76' lang='lat' dir='ltr'>datum.“</span> 
     </span>
    </p>
   </div>
   <div class='ocr_carea' id='block_1_6' title="bbox 892 4640 1099 4649">
    <p class='ocr_par' dir='ltr' id='par_1_11' title="bbox 892 4640 1099 4649">
     <span class='ocr_line' id='line_1_39' title="bbox 892 4640 1099 4649; baseline 0.005 -1"><span class='ocrx_word' id='word_1_367' title='bbox 892 4640 1099 4649; x_wconf 76' lang='lat'><strong>——-—-</strong></span> 
     </span>
    </p>
   </div>
   <div class='ocr_carea' id='block_1_7' title="bbox 243 4809 1746 4998">
    <p class='ocr_par' dir='ltr' id='par_1_12' title="bbox 243 4809 1746 4998">
     <span class='ocr_line' id='line_1_40' title="bbox 246 4809 1746 4894; baseline -0.001 -19"><span class='ocrx_word' id='word_1_368' title='bbox 246 4809 331 4875; x_wconf 78' lang='lat'><em>240.</em></span> <span class='ocrx_word' id='word_1_369' title='bbox 363 4809 473 4873; x_wconf 83' lang='lat' dir='ltr'>Priori</span> <span class='ocrx_word' id='word_1_370' title='bbox 498 4809 640 4894; x_wconf 77' lang='lat' dir='ltr'>pancrati</span> <span class='ocrx_word' id='word_1_371' title='bbox 662 4816 693 4874; x_wconf 89' lang='lat' dir='ltr'>et</span> <span class='ocrx_word' id='word_1_372' title='bbox 716 4809 881 4889; x_wconf 78' lang='lat' dir='ltr'>fratribus</span> <span class='ocrx_word' id='word_1_373' title='bbox 902 4810 1024 4874; x_wconf 78' lang='lat' dir='ltr'>ordinis</span> <span class='ocrx_word' id='word_1_374' title='bbox 1060 4809 1283 4875; x_wconf 76' lang='lat' dir='ltr'>heremitarum</span> <span class='ocrx_word' id='word_1_375' title='bbox 1306 4829 1331 4876; x_wconf 89' lang='lat' dir='ltr'>s.</span> <span class='ocrx_word' id='word_1_376' title='bbox 1354 4809 1527 4894; x_wconf 68' lang='lat' dir='ltr'>Augustini</span> <span class='ocrx_word' id='word_1_377' title='bbox 1547 4809 1676 4874; x_wconf 79' lang='lat' dir='ltr'>licentia</span> <span class='ocrx_word' id='word_1_378' title='bbox 1698 4830 1746 4874; x_wconf 79' lang='lat' dir='ltr'>re·</span> 
     </span>
     <span class='ocr_line' id='line_1_41' title="bbox 243 4894 1746 4998; baseline 0.002 -23"><span class='ocrx_word' id='word_1_379' title='bbox 243 4911 388 4994; x_wconf 53' lang='lat' dir='ltr'>aanor,</span> <span class='ocrx_word' id='word_1_380' title='bbox 413 4894 549 4980; x_wconf 60' lang='lat' dir='ltr'>mmai</span> <span class='ocrx_word' id='word_1_381' title='bbox 570 4913 609 4978; x_wconf 75' lang='lat' dir='ltr'>ue</span> <span class='ocrx_word' id='word_1_382' title='bbox 630 4915 748 4998; x_wconf 66' lang='lat' dir='ltr'>repa-J</span> <span class='ocrx_word' id='word_1_383' title='bbox 772 4912 899 4979; x_wconf 57' lang='lat' dir='ltr'>aaran</span> <span class='ocrx_word' id='word_1_384' title='bbox 915 4913 1084 4993; x_wconf 66' lang='lat' dir='ltr'>sauceia·</span> <span class='ocrx_word' id='word_1_385' title='bbox 1098 4918 1128 4979; x_wconf 77' lang='lat' dir='ltr'>a</span> <span class='ocrx_word' id='word_1_386' title='bbox 1143 4914 1342 4979; x_wconf 59' lang='lat' dir='ltr'>muraenas·</span> <span class='ocrx_word' id='word_1_387' title='bbox 1359 4915 1585 4979; x_wconf 65' lang='lat' dir='ltr'>manaucate</span> <span class='ocrx_word' id='word_1_388' title='bbox 1608 4914 1746 4978; x_wconf 67' lang='lat' dir='ltr'>erasum</span> 
     </span>
    </p>
   </div>
   <div class='ocr_carea' id='block_1_8' title="bbox 242 5015 1742 5102">
    <p class='ocr_par' dir='ltr' id='par_1_13' title="bbox 242 5015 1742 5102">
     <span class='ocr_line' id='line_1_42' title="bbox 242 5015 1742 5102; baseline 0.003 -24"><span class='ocrx_word' id='word_1_389' title='bbox 242 5015 361 5080; x_wconf 77' lang='lat' dir='ltr'>ordinis</span> <span class='ocrx_word' id='word_1_390' title='bbox 375 5019 410 5081; x_wconf 82' lang='lat' dir='ltr'>iu</span> <span class='ocrx_word' id='word_1_391' title='bbox 427 5015 629 5100; x_wconf 66' lang='lat' dir='ltr'>Orummaob)</span> <span class='ocrx_word' id='word_1_392' title='bbox 653 5019 767 5102; x_wconf 82' lang='lat' dir='ltr'>oppido</span> <span class='ocrx_word' id='word_1_393' title='bbox 781 5017 994 5083; x_wconf 82' lang='lat' dir='ltr'>Olomuceusis</span> <span class='ocrx_word' id='word_1_394' title='bbox 1017 5018 1094 5082; x_wconf 85' lang='lat' dir='ltr'>dioc.</span> <span class='ocrx_word' id='word_1_395' title='bbox 1111 5018 1274 5102; x_wconf 69' lang='lat' dir='ltr'>elargitur.</span> <span class='ocrx_word' id='word_1_396' title='bbox 1301 5017 1419 5096; x_wconf 80' lang='lat' dir='ltr'>„Sacra</span> <span class='ocrx_word' id='word_1_397' title='bbox 1441 5021 1541 5082; x_wconf 76' lang='lat' dir='ltr'>uestra</span> <span class='ocrx_word' id='word_1_398' title='bbox 1563 5020 1742 5099; x_wconf 70' lang='lat' dir='ltr'>recipiunta‘*</span> 
     </span>
    </p>
   </div>
   <div class='ocr_carea' id='block_1_9' title="bbox 308 5120 1387 5240">
    <p class='ocr_par' dir='ltr' id='par_1_14' title="bbox 308 5120 1387 5240">
     <span class='ocr_line' id='line_1_43' title="bbox 308 5120 1387 5240; baseline 0.006 -60"><span class='ocrx_word' id='word_1_399' title='bbox 308 5158 342 5240; x_wconf 58' lang='grc' dir='ltr'><em>Ξ</em></span> <span class='ocrx_word' id='word_1_400' title='bbox 600 5121 773 5204; x_wconf 76' lang='lat' dir='ltr'>„Aninionc</span> <span class='ocrx_word' id='word_1_401' title='bbox 802 5120 889 5185; x_wconf 88' lang='lat' dir='ltr'><em>VIII</em></span> <span class='ocrx_word' id='word_1_402' title='bbox 902 5120 966 5186; x_wconf 74' lang='lat' dir='ltr'>itui.</span> <span class='ocrx_word' id='word_1_403' title='bbox 992 5123 1112 5187; x_wconf 86' lang='lat' dir='ltr'>Marcii</span> <span class='ocrx_word' id='word_1_404' title='bbox 1121 5120 1146 5204; x_wconf 81' lang='lat'>¹)</span> <span class='ocrx_word' id='word_1_405' title='bbox 1171 5145 1201 5188; x_wconf 90' lang='lat' dir='ltr'>u.</span> <span class='ocrx_word' id='word_1_406' title='bbox 1225 5121 1387 5187; x_wconf 66' lang='lat' dir='ltr'>semado‘t</span> 
     </span>
    </p>
   </div>
   <div class='ocr_carea' id='block_1_10' title="bbox 289 5258 1700 5342">
    <p class='ocr_par' dir='ltr' id='par_1_15' title="bbox 289 5258 1700 5342">
     <span class='ocr_line' id='line_1_44' title="bbox 289 5258 1700 5342; baseline -0.004 -15"><span class='ocrx_word' id='word_1_407' title='bbox 289 5276 338 5327; x_wconf 73' lang='grc' dir='ltr'>,Χ</span> <span class='ocrx_word' id='word_1_408' title='bbox 350 5315 357 5329; x_wconf 93' lang='grc'><strong>.</strong></span> <span class='ocrx_word' id='word_1_409' title='bbox 695 5303 697 5306; x_wconf 92' lang='grc'>-</span> <span class='ocrx_word' id='word_1_410' title='bbox 1210 5259 1369 5340; x_wconf 65' lang='lat' dir='ltr'>Aeaeum,</span> <span class='ocrx_word' id='word_1_411' title='bbox 1391 5263 1478 5325; x_wconf 76' lang='lat'><strong><em>1354</em></strong></span> <span class='ocrx_word' id='word_1_412' title='bbox 1500 5258 1624 5342; x_wconf 82' lang='lat' dir='ltr'>Aprilis</span> <span class='ocrx_word' id='word_1_413' title='bbox 1647 5264 1700 5324; x_wconf 78' lang='lat'>24.</span> 
     </span>
    </p>
   </div>
   <div class='ocr_carea' id='block_1_11' title="bbox 0 0 2000 6052">
    <p class='ocr_par' dir='ltr' id='par_1_16' title="bbox 0 0 2000 6052">
     <span class='ocr_line' id='line_1_45' title="bbox 0 0 2000 6052; baseline 0 4"><span class='ocrx_word' id='word_1_414' title='bbox 0 0 2000 6052; x_wconf 95' lang='lat' dir='ltr'> </span> 
     </span>
    </p>
   </div>
  </div>
 </body>
</html>
