3944 6060
825 436 897 494 Acte
919 434 1071 493 iunocentii
1090 433 1138 490 Vl.

358 648 437 714 Item
460 647 597 712 ι1111111111
622 648 708 712 dicto
739 647 777 711 de
803 646 933 713 Stendal
965 648 1004 710 de
1028 647 1215 711 canonicatu
1243 654 1277 709 et
1300 645 1470 727 prebendis
1492 643 1681 709 vacantibus
1702 643 1737 708 in

207 743 208 746 '
231 755 368 819 ecclesia
389 753 540 837 Pragensi
564 771 622 834 per
643 754 875 834 promocionem
890 752 1044 817 Johannis
1064 751 1205 834 episcopi
1233 750 1453 816 Olomucensis
1476 755 1511 814 et
1528 767 1643 814 munus
1665 767 1737 815 con·

231 859 421 924 secrecionis
444 859 620 941 impensum
636 856 740 920 cidem
756 857 929 940 dignemini
945 856 1123 939 providere,
1147 858 1382 936 nonobstante,
1405 854 1489 935 quod
1504 852 1735 937 parrochialem

230 963 397 1027 ecclesiam
428 963 460 1025 in
491 960 664 1026 Schesanta
697 960 782 1025 dicte
811 961 891 1026 dioc.
925 960 1059 1040 obtinet,
1094 978 1186 1040 quam
1215 965 1345 1042 paratus
1376 964 1429 1023 est
1462 957 1635 1039 dimittere,
1667 976 1737 1023 cum

229 1068 384 1131 dictarum
414 1066 645 1149 prebendarum
676 1063 773 1128 luerit
802 1066 1036 1147 possessionem
1067 1063 1229 1144 pacificam
1259 1068 1435 1143 assecutus,
1470 1078 1541 1128 cum
1572 1060 1645 1127 aliis
1673 1078 1735 1127 non

230 1171 432 1237 obstantibus
454 1174 489 1234 et
511 1170 662 1235 clausulis
685 1170 769 1234 sicut
791 1187 895 1252 supra.

359 1293 441 1367 Fiat,
465 1292 527 1359 nisi
551 1297 611 1357 etc.
636 1293 673 1356 G.

360 1414 441 1477 Item
466 1413 636 1478 Gnillelmo
651 1413 805 1478 ι1111111111
821 1413 911 1477 l'euli
935 1413 1065 1493 antiquo
1088 1411 1212 1476 notario
1236 1416 1270 1475 et
1292 1412 1441 1477 familiari
1465 1431 1523 1476 sno
1546 1411 1586 1476 de
1610 1411 1736 1476 canoni·

230 1523 302 1580 catn
326 1518 462 1582 ecclesie
480 1518 648 1600 Pragensis
664 1537 734 1582 cum
750 1517 969 1583 reservatione
986 1515 1148 1599 prebende
1166 1515 1307 1581 vacantis
1328 1516 1379 1580 vel
1396 1520 1545 1581 vacuature
1569 1515 1601 1579 in
1624 1514 1735 1579 eadem

230 1628 263 1685 et
286 1641 354 1685 curn
372 1623 594 1704 acceptacione
611 1628 683 1702 etc,
707 1641 769 1686 non
786 1624 943 1702 obstante,
967 1621 1050 1701 qnod
1067 1621 1106 1684 de
1123 1621 1308 1684 canonicatu
1326 1626 1360 1684 et
1375 1619 1537 1702 prebenda
1552 1619 1584 1682 in
1601 1618 1738 1684 ecclesia

230 1725 464 1790 Placentinensi
488 1731 522 1789 et
545 1725 628 1806 quod
652 1726 768 1789 dudum
792 1725 852 1791 sibi
876 1724 915 1789 de
939 1725 1074 1804 quodam
1097 1722 1251 1806 perpetuo
1275 1724 1429 1789 beneficio
1453 1731 1527 1787 tunc
1548 1727 1681 1787 vacante
1704 1723 1735 1786 in

230 1830 323 1912 plebe
347 1831 386 1894 de
410 1829 543 1893 Tassulo
567 1829 754 1894 Tridentino
778 1830 857 1894 dioc.
884 1829 1075 1925 auctoritate,
1098 1830 1258 1894 ordinaria
1281 1830 1439 1912 provisum
1464 1829 1583 1910 extitit,
1611 1829 1651 1894 de
1675 1847 1736 1909 quo

229 1951 388 2013 nunqnam
419 1933 538 2015 aliquid
569 1935 713 2016 percepit
743 1952 802 1998 nec
827 1933 1060 2015 possessionem
1090 1932 1211 2016 habuit,
1244 1933 1306 1997 nisi
1337 1953 1394 2015 per
1416 1938 1639 2016 procuratores
1663 1949 1736 1997 suos

230 2038 355 2102 noviter
377 2037 484 2103 forsan
507 2037 617 2103 habita
639 2037 747 2116 fuerit,
778 2038 861 2119 quod
883 2038 1018 2121 ignorat,
1045 2042 1079 2101 et
1101 2038 1184 2117 quod
1207 2055 1246 2100 ex
1269 2039 1376 2118 gracia
1399 2037 1460 2102 sibi
1483 2036 1601 2101 dudum
1625 2055 1644 2100 a
1665 2054 1736 2120 pre·

230 2141 397 2206 decessore
421 2147 528 2206 vestro
551 2141 636 2206 facta
659 2142 697 2206 de
721 2161 794 2223 uno,
818 2142 941 2207 duobus
957 2141 1007 2205 vel
1023 2141 1125 2206 tribus
1141 2140 1302 2205 beneficiis
1319 2140 1546 2206 ecclesiasticis
1569 2141 1638 2205 sine
1663 2160 1737 2205 cura

232 2264 331 2327 usqne
355 2245 395 2310 ad
418 2248 558 2311 rariorem
581 2247 786 2330 septuaginta
808 2244 996 2311 florenorum
1020 2245 1089 2308 ann'
1112 2245 1284 2308 secundum
1313 2246 1510 2310 taxacionern
1534 2244 1666 2328 decime,
1696 2245 1737 2309 ad

231 2349 437 2415 collacionem
461 2351 603 2433 episcopi
634 2356 668 2415 et
691 2350 822 2433 capituli
845 2350 963 2414 lncani
995 2350 1205 2414 communiter
1234 2351 1284 2413 vel
1317 2350 1441 2414 divisim
1474 2348 1736 2432 [pertinentibus]

230 2454 372 2519 noscitur
394 2463 574 2537 expectare,
610 2457 724 2536 quibus
754 2453 906 2520 berrehoio
929 2460 963 2519 et
986 2453 1091 2535 gracie
1115 2461 1166 2517 est
1194 2454 1381 2520 renunciare
1408 2460 1547 2536 paratus,
1571 2472 1642 2518 cunr
1664 2453 1737 2518 aliis

230 2577 293 2623 non
317 2559 517 2624 obstantibus
541 2566 575 2624 et
598 2560 748 2624 clausulis
772 2559 936 2640 oportunis
959 2563 993 2622 et
1016 2557 1238 2622 executoribus
1262 2565 1356 2639 prout
1379 2577 1484 2640 supra.

360 2664 432 2728 Fiat
448 2667 484 2725 tt.
517 2710 1735 2732 .............................................

364 2785 401 2848 b.
421 2784 576 2850 Aninione
600 2784 643 2848 Vl
666 2804 738 2851 11111.
763 2785 876 2849 blaseii
899 2803 981 2847 1111111
1004 2783 1113 2864 primo.

363 2987 393 3041 a.
412 2987 507 3057 Suppl.
527 2987 622 3042 23lol.
642 2994 691 3042 ὅθ’.
712 3018 744 3026 -
765 2992 790 3053 a)
810 2987 935 3056 Corriga:
960 2986 1003 3053 ,de
1023 2987 1180 3056 L'gezdcca‘.
1224 2989 1248 3045 br
1268 2989 1393 3058 Corrige:
1420 2990 1540 3056 ,illatori
1567 2998 1590 3056 c)
1610 2989 1735 3059 Corrige:

233 3073 382 3138 ,llalouart
404 3104 428 3112 -
443 3073 475 3127 In
493 3089 576 3142 rrrsrg.
596 3073 648 3127 sin.
668 3073 821 3142 superiore:
843 3073 910 3141 ,l’ro
929 3089 992 3143 rego
1011 3074 1220 3130 Romanorulm.
1240 3077 1271 3131 ln
1289 3093 1372 3145 marg.
1392 3075 1479 3130 dext:
1511 3077 1579 3144 ,Pro
1598 3082 1730 3132 camerani

881 3287 1084 3295 ——-

232 3456 297 3521 34.
325 3455 470 3537 Officiali
494 3457 649 3538 Processi
670 3456 851 3538 mandabo,
874 3463 1029 3539 quotenus
1060 3460 1210 3525 Habardo
1234 3461 1422 3524 Homicida
1453 3460 1624 3543 biolooarp
1645 3479 1736 3526 cuno·

409 3561 550 3626 11111111
580 3564 610 3623 et
628 3560 844 3642 praebendam
866 3563 1013 3628 ecclesiae
1035 3565 1209 3647 I'ropcasa's
1232 3568 1381 3629 cocantes
1403 3570 1557 3644 conparat

1228 3720 1389 3800 Asiaticae,
1413 3722 1498 3784 1353
1524 3719 1639 3785 Marta
1660 3725 1692 3785 2.

311 3682 337 3731 X

290 3752 340 3802 .X

305 3961 308 3964 ⁴
364 3908 400 3971 1).
437 3906 456 3970 f.
479 3959 485 3971 .
505 3957 512 3969 .
535 3905 662 3971 officiali
699 3909 849 3989 l'ragensi
874 3911 1008 3974 salutem
1043 3919 1103 3975 etc.
1141 3913 1275 3993 lligrinnr
1318 3912 1559 3975 arbitramur..
1581 3961 1613 3976 ..
1649 3910 1734 3977 Olim

234 4012 391 4093 siquidem
409 4062 414 4073 .
435 4060 440 4071 .
459 4011 651 4075 ..Clemens
674 4031 757 4094 papa
779 4013 821 4076 Vl
840 4064 846 4077 .
866 4065 871 4077 .
891 4065 896 4076 .
916 4066 921 4077 .
940 4016 1108 4079 intendens
1123 4016 1161 4079 de
1175 4016 1361 4080 canonicatu
1378 4022 1412 4080 ot
1427 4017 1589 4098 prebenda
1600 4016 1737 4082 ecclesie

233 4117 402 4200 Pragensis
426 4135 462 4180 ac
486 4116 744 4180 archidiaconatu
769 4119 946 4182 Curirnensi
969 4119 1001 4182 111
1025 4121 1134 4183 eadem
1159 4120 1304 4196 ecclesia,
1328 4138 1406 4199 (piros
1430 4121 1586 4200 quondam
1609 4119 1738 4186 Bohuta

233 4222 272 4285 de
308 4221 429 4285 Cladna
463 4220 630 4284 canonicus
669 4221 811 4284 eiusdem
850 4224 994 4296 ecclesie,
1033 4225 1273 4289 archidiaconns
1312 4226 1516 4306 (briocensis,
1555 4225 1586 4288 in
1623 4224 1737 4289 eadem

234 4326 380 4402 ecclesia,
404 4326 476 4389 darn
501 4325 633 4407 viveret,
666 4326 838 4392 obtinebat.
877 4348 945 4391 curn
980 4328 1052 4393 illos
1086 4348 1197 4392 vacare
1233 4331 1440 4411 contingeret,
1475 4349 1532 4412 per
1562 4329 1736 4410 apostolice

234 4429 319 4493 sedis
343 4429 577 4511 providenciam
601 4430 751 4507 ordinari,
775 4433 991 4495 canonicatum
1016 4440 1047 4497 et
1072 4434 1263 4514 prebendam
1296 4440 1330 4496 ct
1353 4433 1640 4496 archidiaconatum
1665 4450 1737 4514 pre·

234 4534 345 4610 dictos,
381 4534 453 4597 darn
488 4533 589 4596 adhuc
625 4533 708 4597 idern
746 4535 871 4598 llolnrta
905 4545 1019 4615 ageret
1051 4537 1081 4598 in
1111 4537 1265 4615 lrnnranis,
1298 4536 1448 4600 videlicet
1483 4536 1509 4599 ll
1546 4554 1617 4599 rron.
1648 4535 1736 4601 Junii

233 4636 434 4719 pontificatus
447 4638 495 4701 sni
509 4656 589 4701 anno
603 4638 776 4714 arrdocinro,
795 4639 817 4705 ¹t
842 4640 914 4702 dum
932 4649 1037 4703 tarnen
1054 4640 1327 4703 archidiaconatus
1344 4641 1414 4722 ipse
1431 4640 1579 4721 dignitas
1596 4637 1735 4704 officium

235 4742 283 4805 vol
308 4750 497 4822 personatus
521 4742 683 4822 existeret,
707 4742 872 4806 collacioni
896 4751 929 4805 et.
953 4744 1157 4825 disposicioni
1186 4763 1241 4808 sae
1277 4746 1366 4807 duxit
1397 4763 1435 4807 oa
1459 4745 1527 4808 rice
1551 4743 1737 4825 specialiter

235 4847 453 4911 reservandos.
479 4897 485 4908 .
507 4900 511 4909 .
534 4898 540 4910 .
565 4899 569 4908 .
598 4849 675 4910 (tun
699 4848 817 4927 itaque,
832 4849 1028 4929 postmodum
1043 4850 1118 4913 dicti
1133 4850 1335 4912 1111111111
1352 4849 1562 4930 ctprebenda
1578 4848 1733 4913 11111111-

235 4949 429 5032 (liaconatrm,
452 4951 504 5030 qui
530 4951 667 5031 dignitas
692 4952 722 5013 111
748 4953 858 5014 11111111
882 4952 1018 5015 ecclesia
1041 4954 1160 5031 existit,
1192 4974 1248 5034 per
1272 4953 1390 5018 obitnrn
1415 4953 1492 5016 dicti
1517 4951 1651 5023 llolrute‚
1681 4953 1735 5033 qui

235 5059 327 5118 extra
360 5054 532 5120 Romanam
569 5055 686 5117 coriam
723 5055 807 5118 dicto
843 5057 1069 5136 predecessore
1109 5057 1235 5119 vivente
1275 5057 1357 5120 diem
1398 5057 1513 5120 clausit
1549 5062 1735 5139 extremum,

235 5159 417 5222 vacaverint
440 5165 483 5230 et,
514 5159 597 5221 sicut
631 5159 793 5224 asseritur.
831 5166 942 5222 vcrcont
966 5161 1003 5222 ad
1029 5179 1169 5241 presens.
1204 5179 1260 5224 nos
1296 5161 1438 5225 volentos
1468 5177 1635 5241 personam
1658 5160 1688 5224 d.
1713 5159 1734 5225 f.

238 5261 379 5327 Habardi
404 5262 532 5326 Henrici
557 5263 596 5324 111
622 5263 811 5344 blachorum,
835 5264 967 5327 rectoris
984 5264 1189 5345 parrochialis
1209 5264 1343 5328 11111111
1364 5266 1395 5328 111
1412 5264 1549 5328 liesdetz
1567 5264 1735 5347 Pragensis
