3944 6060
231 437 295 504 366
335 393 339 403 =
835 436 904 487 heta
922 433 1073 487 iunocentii
1091 433 1136 486 Vl.

229 644 320 709 sterii
361 642 593 727 Trebeccnsisl)
624 644 746 707 ordinis
779 664 804 706 s.
844 640 1009 706 Benedicti
1045 643 1147 708 dictae
1177 642 1256 707 dioc.
1294 644 1464 725 pertinens,
1500 645 1529 708 si
1558 648 1655 709 vacat
1695 643 1742 708 ccl

230 768 300 813 cnrn
323 748 488 827 amaverit,
511 753 652 813 reservet.
680 749 841 832 „Dipnnm
864 747 1078 812 arbitramur“
1099 745 1275 830 „Aninione
1305 768 1376 814 non.
1400 748 1486 814 Maii
1509 768 1539 812 a.
1564 749 1733 832 septimo.“

301 891 332 1012 l}
1257 888 1418 968 Aninione,
1443 889 1530 953 1359
1554 888 1641 954 Maii
1664 890 1696 952 7.

362 1076 393 1132 R.
412 1080 461 1132 Ar.
482 1082 528 1130 141
549 1077 595 1131 iol.
615 1080 682 1131 428¹.
708 1108 732 1117 -
755 1082 780 1143 ι)
799 1076 917 1146 ,Andree
936 1078 970 1131 de
989 1077 1174 1132 Othaslauicu‘
1193 1080 1243 1131 Av.
1263 1078 1288 1146 b)
1308 1078 1344 1146 ,in
1361 1077 1468 1133 Trebie‘
1493 1079 1543 1132 hv.

234 1466 324 1530 920.
347 1463 491 1530 iohanni
513 1463 659 1528 ‚leihonis
680 1463 718 1527 de
740 1462 882 1544 Sniicc·)
913 1465 1093 1526 reservatur·
1115 1460 1296 1545 beneficiam
1327 1462 1575 1528 ecclesiasticum
1599 1484 1670 1528 curn
1695 1463 1743 1528 ccl

233 1569 301 1631 Sine
323 1587 409 1646 caro,
429 1568 517 1632 arins
529 1570 662 1646 fructas¹
671 1571 714 1631 25
726 1587 806 1650 resp.
824 1570 866 1632 18
879 1587 1063 1631 marcarum
1077 1567 1201 1647 arpenti
1212 1567 1381 1631 secundnm
1394 1569 1588 1633 taxationem
1602 1567 1743 1634 decimae

233 1673 371 1737 ''alorrrn
383 1694 522 1736 annnnrn
535 1691 595 1735 non
606 1671 767 1753 excedant,
778 1675 923 1752 spectans
940 1671 982 1734 ad
996 1669 1193 1736 collationem
1205 1672 1342 1755 episcopi
1360 1671 1586 1749 Olomucensis,
1601 1673 1632 1737 si
1645 1676 1743 1737 uacat

233 1777 280 1843 cel
302 1798 372 1842 carn
403 1778 568 1841 sanserit.
619 1774 796 1854 „Nobilitas
824 1776 966 1859 pener·is“
1004 1773 1180 1856 „Aninione
1210 1797 1278 1840 non.
1325 1779 1409 1843 binii
1439 1799 1469 1841 a.
1501 1778 1662 1861 septirno.“
1700 1813 1742 1824 -

237 1885 275 1949 ln
296 1905 321 1947 e.
352 1903 392 1945 rn.
428 1881 661 1964 archiepiscopo
693 1881 847 1962 Propensi
879 1884 908 1944 et
947 1880 1197 1963 Vissepradensis
1231 1902 1268 1946 ac
1301 1902 1326 1947 s.
1350 1880 1490 1962 Apricoli
1518 1880 1743 1947 Acinionensis

805 1985 932 2050 decanis
955 1984 1168 2051 ecclesiarum.

284 2048 397 2195 hh.
1259 2127 1420 2211 Acinione,
1443 2124 1531 2192 1359
1554 2124 1640 2190 Maii
1663 2128 1695 2191 ⁷.

365 2314 396 2369 R.
417 2317 468 2369 Av.
488 2322 534 2371 141
555 2314 603 2371 fol
622 2319 688 2370 433¹.
709 2344 741 2356 -
761 2321 787 2382 ε)
808 2315 943 2384 ,lescouis
962 2316 996 2371 de
1014 2316 1128 2372 Sassits‘
1147 2318 1195 2369 hv.

236 2700 327 2767 921.
350 2698 506 2765 Arnestns
529 2701 782 2784 archiepiscopus
805 2702 978 2782 Propensis
1001 2703 1170 2784 supplicat,
1201 2707 1356 2785 quatenns
1378 2703 1530 2776 omnibns,
1554 2703 1610 2786 qni
1632 2702 1742 2768 missis

238 2804 275 2870 de
297 2804 388 2870 beata
410 2804 531 2885 cirpine
552 2806 588 2870 in
609 2804 747 2870 ecclesiis
771 2803 1012 2888 parochialibus
1033 2807 1067 2871 in
1092 2804 1191 2871 Glaca
1214 2811 1243 2870 et
1264 2808 1299 2870 in
1323 2806 1496 2872 Pardnbice
1524 2805 1742 2891 interficerint,

766 2910 980 2995 indnlpentiae
1001 2911 1221 2976 concedantar.

1266 3049 1427 3135 Aninione,
1450 3052 1536 3117 1359
1558 3051 1645 3116 hlaii
1669 3054 1698 3116 7.

368 3238 531 3321 Significat
554 3240 594 3306 gu
628 3243 680 3304 Va
703 3243 836 3306 clocutus
860 3248 966 3306 vester
989 3244 1143 3306 Amestus
1174 3242 1430 3324 archiepiscopus
1453 3243 1633 3324 Pragensis,
1658 3242 1743 3323 quod

251 3362 307 3426 pse
332 3345 448 3409 dudum
483 3346 523 3409 ad
547 3346 645 3411 divini
669 3347 772 3411 cultus
796 3353 829 3410 et
852 3347 1032 3411 devocionis
1056 3345 1196 3410 bdelium
1231 3354 1432 3429 angmentum
1457 3347 1625 3429 ordinavit,
1650 3346 1743 3412 utin

243 3449 378 3514 ecclesia
402 3450 592 3532 parrochiali
625 3452 658 3515 in
682 3452 773 3516 Glatz
805 3470 860 3515 sue
900 3453 978 3516 dioc.
1004 3453 1100 3514 missa
1134 3452 1173 3514 de
1197 3452 1292 3515 beata
1315 3451 1435 3533 virgine
1471 3450 1605 3533 singulis
1629 3451 1744 3516 diebus

240 3556 272 3619 in
297 3574 410 3619 aurora
433 3555 498 3618 diei
522 3556 638 3620 debeat
660 3557 824 3621 celebrari.
860 3557 902 3620 Et
925 3556 998 3636 quia
1022 3557 1062 3619 ad
1085 3556 1260 3638 predictam
1290 3555 1417 3620 missam
1440 3554 1610 3620 multitudo
1633 3556 1746 3638 populi

239 3660 322 3726 olet
347 3659 481 3741 siugulis
506 3660 618 3724 diebus
642 3661 756 3725 devote
780 3661 958 3741 convenire,
982 3660 1140 3742 supplicat
1164 3660 1267 3725 eidem
1292 3657 1331 3724 Sl
1355 3660 1459 3725 dictus
1475 3660 1747 3743 archiepiscopus,

240 3769 276 3827 ut
299 3763 442 3828 omnibus
465 3764 497 3826 in
522 3770 608 3828 statu
631 3764 745 3829 salutis
768 3766 959 3847 constitutis
994 3764 1143 3845 quociens
1167 3765 1376 3830 celebracioui
1411 3765 1495 3830 dicte
1524 3765 1621 3830 misse
1643 3766 1746 3830 inter·

240 3868 368 3948 luerint,
404 3868 540 3948 aliquam
564 3875 795 3950 competentem
825 3869 1058 3951 indulgenciam
1094 3870 1268 3933 concedere
1298 3869 1547 3934 misericorditer
1570 3870 1747 3952 dignemini

241 3973 279 4035 de
303 3972 409 4052 gracia
433 3972 574 4054 speciali,
598 3992 668 4036 cunr
691 3973 842 4038 clausulis
866 3975 1042 4055 oportunis.

370 4094 451 4158 Item
476 4095 642 4175 supplicat,
680 4101 837 4175 quatenus
871 4096 1136 4160 interessentibus
1172 4096 1320 4159 similiter
1354 4096 1450 4160 misse
1484 4097 1512 4159 b.
1548 4095 1684 4178 virginis
1707 4096 1748 4161 de

242 4215 322 4262 novo
345 4216 403 4279 per
425 4198 527 4279 ipsum
551 4198 822 4282 archiepiscopum
853 4206 887 4264 et
909 4199 1025 4264 fratres
1049 4219 1123 4266 suos
1147 4219 1322 4283 gemenas,
1346 4206 1383 4264 ut
1405 4200 1630 4282 celebraretur,
1652 4200 1746 4266 insti·

242 4306 311 4364 tute
334 4302 367 4364 in
391 4302 527 4366 ecclesia
549 4303 722 4384 parochiali
747 4305 779 4368 in
803 4305 986 4386 aaronitae,
1002 4304 1134 4368 fundata
1149 4306 1182 4369 in
1199 4306 1289 4370 bonis
1306 4304 1580 4386 patrimonialibus
1603 4305 1747 4386 ipsorum

242 4404 507 4470 Luthomislensis
531 4408 620 4489 dioc,
655 4408 789 4473 similem
812 4408 1046 4490 indulgenciam
1070 4409 1203 4491 singulis
1236 4410 1349 4475 diebus
1372 4409 1546 4474 concedere
1570 4409 1748 4492 dignemini

242 4513 404 4591 utsupra

372 4615 444 4679 Fiat
477 4636 533 4697 pro
565 4618 715 4682 ambobus
740 4619 779 4682 de
803 4624 928 4684 centum
952 4618 1065 4682 diebus
1088 4618 1125 4684 G.
1172 4619 1214 4683 Et
1237 4618 1305 4682 sine
1330 4618 1393 4682 alia
1414 4616 1565 4683 leccione.
1611 4618 1686 4685 Fiat
1709 4620 1747 4686 G.

244 4717 281 4780 l).
307 4718 461 4784 Aninione
485 4740 557 4786 non.
583 4721 659 4786 Maii
684 4742 709 4786 a.
735 4724 880 4804 septimo.

374 4909 405 4961 R.
424 4910 519 4978 Suppl.
538 4917 572 4965 30
591 4911 637 4966 iol.
656 4918 698 4965 bl.

896 5074 1093 5085 ------.-

246 5241 334 5306 922.
362 5240 522 5314 Ornnibns‚
553 5243 608 5323 qni
630 5242 831 5308 celebrationi
866 5247 983 5310 missae
1005 5246 1156 5311 debeata
1179 5245 1308 5324 nirpr'ne,
1343 5264 1439 5327 qnam
1461 5242 1618 5309 Amaras
1640 5243 1748 5310 archi·

246 5344 408 5428 episcopas
431 5346 603 5427 Propensis
625 5347 659 5411 in
679 5348 861 5430 parochiali
882 5349 1015 5414 ecclesia
1029 5350 1063 5415 in
1081 5349 1179 5416 Glacr
1194 5351 1365 5430 Propensis
1388 5347 1467 5414 dioc.
1483 5347 1622 5432 sinpulis
1637 5347 1748 5414 asebia
