3944 6060
707 407 774 458 reso
792 401 936 456 Februarii
954 408 987 457 rs
1009 433 1035 443 -
1056 403 1152 457 Martii
1171 409 1194 456 s.
1645 408 1704 472 lii

196 611 285 676 431.
310 612 513 677 Innocentius
529 632 623 695 popo
653 611 699 676 VI
717 611 828 677 scribit
851 610 962 678 Corolo
984 612 1171 692 imperatori
1195 613 1419 692 Romanorum,
1442 633 1475 677 sc
1495 614 1621 678 litteras
1637 613 1719 677 eins

537 715 666 796 benique
687 717 840 799 recepisse
861 720 891 780 at
907 716 1077 799 petitiones
1100 717 1168 780 eins
1191 718 1370 782 ceondissc.

1118 844 1282 956 svenne,
1311 874 1394 937 ress
1417 872 1585 938 rennos·
1607 876 1659 936 21.

327 1076 498 1143 Carissimo
533 1077 566 1141 in
589 1077 716 1142 Christo
750 1077 816 1142 filio
839 1076 953 1142 Cereio
976 1077 1160 1161 imperatori
1183 1080 1396 1145 Romanorum
1420 1098 1545 1162 semper
1568 1085 1704 1162 augusto

197 1183 332 1247 salutem
356 1187 417 1246 etc.
452 1181 580 1246 Literss
599 1181 827 1263 magnitudinis
846 1187 910 1262 tue,
929 1199 1007 1262 quas
1022 1183 1114 1247 uobis
1137 1183 1167 1247 d.
1191 1182 1211 1246 i.
1225 1186 1250 1262 ¹)
1270 1233 1277 1247 .
1297 1235 1304 1248 .
1324 1233 1331 1247 .
1351 1234 1359 1247 .
1383 1185 1517 1248 nuncius
1534 1190 1617 1268 tuus,
1634 1202 1706 1266 pre-

196 1285 337 1350 sencium
359 1285 453 1368 lator,
476 1285 561 1367 tulit,
586 1290 619 1350 et
642 1285 746 1367 ipsum
769 1302 893 1366 quoque
916 1285 1065 1350 nuncium
1096 1286 1354 1352 consideracione
1379 1292 1435 1350 tua
1457 1289 1593 1370 benigne
1616 1305 1705 1352 rece-

194 1389 299 1469 pimus
322 1395 365 1471 et,
387 1407 451 1469 que
472 1388 558 1454 idem
581 1388 714 1452 nuncius
736 1406 794 1470 pro
816 1393 908 1469 parte
931 1394 988 1452 tus
1008 1389 1100 1454 nobis
1124 1391 1273 1470 exposuit
1294 1391 1367 1455 viva
1381 1408 1467 1471 voce,
1489 1391 1707 1456 intelleximus

192 1492 378 1574 diligenter.
403 1490 506 1574 Super
529 1492 653 1573 quibus,
677 1492 752 1573 quia
773 1491 944 1556 iocundum
967 1493 1059 1557 nobis
1082 1499 1143 1571 est,
1167 1511 1307 1558 annuere
1331 1494 1414 1559 votis
1437 1495 1510 1576 tuis,
1534 1513 1595 1576 que
1619 1495 1708 1559 velut

191 1597 345 1678 princeps
368 1595 543 1660 catholicus
567 1596 682 1660 divinis
704 1595 914 1677 beneplacitis
937 1597 1057 1678 satagis
1073 1596 1277 1674 conformare,
1301 1598 1478 1679 peticiones
1501 1604 1583 1676 tuas,
1608 1617 1705 1680 quan·

190 1706 261 1764 tum
294 1719 365 1764 cum
395 1700 455 1764 deo
477 1700 646 1782 potuimus,
678 1701 718 1765 ad
746 1699 883 1783 graciam
914 1701 1130 1766 exauditionis
1161 1702 1354 1779 admisimus
1380 1701 1462 1765 sieut
1488 1705 1527 1766 ab
1551 1703 1663 1767 eodem
1678 1704 1706 1784 ⁸)

187 1853 196 1866 .
224 1855 231 1867 .
257 1853 264 1867 .
290 1852 309 1885 .,
332 1804 386 1884 qui
402 1804 443 1867 ad
454 1808 487 1867 te
501 1804 683 1886 revertitur,
706 1805 817 1868 audies
840 1803 965 1886 plenius
981 1805 1053 1868 viva
1068 1823 1154 1871 voce.
1179 1805 1216 1870 D.
1233 1806 1389 1870 Auinione
1406 1806 1498 1870 VIIII
1514 1807 1577 1871 kal.
1594 1805 1707 1871 Marcii

186 1927 219 1970 a.
247 1913 372 1988 quarto.

326 2113 358 2166 R.
377 2114 440 2168 Vnt.
458 2118 509 2168 238
533 2114 581 2166 iol.
599 2109 642 2166 21¹
656 2119 684 2167 et
695 2114 823 2166 metrum.
841 2112 958 2166 Miscell.
977 2127 1002 2166 e.
1023 2117 1089 2167 1356
1108 2113 1187 2167 Febr.
1205 2120 1237 2166 21
1252 2125 1291 2166 nr.
1303 2119 1327 2166 6.
1349 2143 1376 2153 -
1399 2118 1424 2181 α)
1444 2112 1572 2181 Sequitur
1585 2111 1705 2180 spatium

184 2216 244 2268 pro
263 2201 376 2254 nomine
394 2200 549 2271 supplendo
567 2200 703 2255 relictum.

850 2435 1057 2448 ..-

186 2654 287 2719 432.
312 2647 448 2714 Carolus
472 2651 686 2713 Romanorum
709 2649 883 2730 imperator
904 2653 1045 2729 ropotnr,
1070 2654 1224 2730 quotenus
1250 2649 1441 2714 Thcrwordo
1465 2648 1573 2714 abban
1595 2669 1705 2713 mono·

186 2755 285 2820 sterit
311 2751 520 2817 Grcdicensis
545 2751 758 2816 Olomncensis
780 2751 858 2818 dioc.
888 2753 923 2815 in
953 2752 1117 2836 adeptione
1151 2754 1229 2817 dicti
1256 2754 1440 2817 monosterii
1468 2757 1578 2817 contro
1602 2752 1705 2817 Pr'iin'·

189 2858 304 2923 etcum
334 2857 374 2921 de
405 2854 643 2936 Odlochcoicc·)
687 2855 872 2920 monachum
903 2857 1089 2921 monosterii
1129 2856 1280 2923 &nensis
1295 2855 1321 2934 1’)
1360 2855 1516 2921 onndirnn
1548 2860 1704 2940 praestet.

488 2958 585 3041 „oum
607 2960 759 3024 ditectns“
788 2960 964 3041 „Aninione
985 2958 1049 3025 tat
1074 2963 1193 3026 Marcii
1217 2985 1246 3026 o.
1270 2964 1414 3044 qnorto“.

1194 3117 1356 3195 Asinium,
1380 3117 1466 3182 1356
1489 3118 1606 3182 Martii
1627 3121 1661 3181 1.

327 3323 359 3375 R.
378 3322 440 3376 Vat.
459 3328 510 3375 244
528 3322 551 3375 F
568 3321 702 3389 (Archet.)
721 3338 761 3375 nr.
781 3329 840 3376 257.
860 3353 892 3361 -
911 3322 962 3376 Ed.
980 3321 1054 3391 apud
1073 3323 1185 3384 Brandl,
1212 3322 1277 3377 (iod.
1296 3323 1363 3392 dipl.
1381 3324 1451 3377 Mor.
1471 3322 1509 3376 IX
1527 3339 1588 3391 pag.
1609 3330 1633 3388 8,
1651 3338 1706 3392 reg.

185 3410 269 3479 apud
288 3407 391 3475 Dudik,
416 3408 472 3462 Iter
489 3408 567 3462 Rom.
592 3409 619 3462 11
638 3424 699 3478 pag.
720 3416 777 3463 122.
798 3440 831 3448 -
852 3410 876 3475 a)
895 3409 1083 3475 ,Prsibislaum
1109 3408 1143 3462 de
1167 3409 1364 3463 Odlochowicz‘
1389 3409 1499 3463 Archet.
1519 3440 1552 3448 —
1576 3412 1601 3474 b)
1621 3409 1707 3478 ,Sylo-

183 3495 279 3550 eusis‘
298 3495 410 3549 Archet.
428 3525 461 3533 —
480 3495 512 3548 In
530 3495 641 3548 Archet.
667 3495 788 3548 litteram
812 3503 984 3565 praesentem
1009 3496 1190 3563 sequebatur:
1216 3496 1328 3564 ,Eodem
1355 3496 1434 3550 modo
1455 3496 1480 3549 d.
1499 3496 1517 3548 l.
1542 3496 1627 3550 nobili
1646 3496 1705 3549 viro

183 3582 318 3637 Johanni
331 3582 483 3651 [sequitum
503 3580 545 3649 ,de
559 3582 680 3636 Boemia‘
696 3582 889 3652 cancellatum]
908 3582 1058 3636 marchioni
1074 3583 1199 3636 Morenie
1221 3584 1338 3636 salutem
1356 3593 1405 3635 etc.
1426 3582 1529 3636 Eodem
1551 3582 1630 3636 modo
1650 3581 1675 3634 d.
1686 3582 1705 3635 s.

184 3669 281 3724 nobili
302 3667 394 3723 Vlrico
412 3667 446 3722 de
463 3668 622 3724 Boskouicz
640 3669 803 3738 [comestum
822 3685 869 3723 ex:
887 3669 1076 3735 ,Bosliouiczq
1095 3668 1174 3722 militi
1201 3669 1390 3723 Olomuceusis
1409 3668 1497 3735 dioc‘,
1516 3669 1564 3723 sed
1590 3677 1707 3736 utraque

181 3754 339 3824 inscriptio
357 3755 412 3809 ista
429 3755 495 3823 alio,
513 3763 544 3809 ut
562 3754 678 3823 videtur,
697 3762 849 3810 atramento
868 3757 1021 3810 cancellata
1040 3756 1140 3809 existit.

178 4211 287 4275 433.
312 4208 470 4291 Episcopo
501 4207 744 4272 Vrate‘slooicnss'
764 4208 949 4286 mundatur,
973 4211 1128 4289 quotenus
1150 4208 1279 4271 tertione
1289 4211 1416 4287 portem
1432 4208 1581 4285 decinroe,
1605 4227 1705 4270 consc-

356 4331 413 4374 roe
436 4310 625 4394 apostolicae
647 4316 851 4386 reservatum,
874 4311 1016 4378 Johonni
1038 4311 1194 4376 Podncno
1216 4312 1328 4375 truslot
1350 4317 1379 4374 ct
1403 4313 1551 4391 ossipnet.

1195 4466 1356 4545 Adiciens,
1384 4467 1468 4531 1356
1490 4465 1607 4530 Martii
1630 4468 1658 4531 7.

327 4674 536 4739 innocencius
558 4680 617 4739 etc.
640 4693 711 4739 ven.
734 4674 772 4739 fr.
792 4726 799 4739 .
820 4725 826 4738 .
851 4675 998 4756 episcopo
1022 4676 1279 4739 Wretisluuiensi
1303 4675 1436 4738 salutern
1453 4678 1486 4736 et
1499 4671 1705 4754 apostolicam

179 4775 465 4845 benediccionem.
488 4779 697 4844 Frateruitsti
713 4785 767 4843 tue
783 4798 841 4860 per
856 4779 1030 4859 apostolica
1046 4782 1164 4861 scripta
1179 4779 1373 4858 mandamur,
1397 4778 1548 4858 quatinus
1571 4777 1705 4841 terciam

181 4889 322 4964 partem
353 4881 474 4946 decime
504 4883 685 4947 reddituum
720 4890 754 4946 et
783 4889 990 4965 proventuum
1014 4884 1302 4947 ecclesiasticorum
1337 4889 1462 4946 tuarum
1497 4881 1637 4946 civitatis
1671 4886 1707 4944 et

183 4988 276 5052 (linc
290 4992 317 5066 ¹)
352 4986 470 5050 dudmu
503 5005 561 5068 per
593 4986 697 5052 felicis
719 4987 951 5050 recordacionis
987 4985 1182 5051 Clementem
1218 5005 1331 5068 papam
1367 4987 1408 5050 VI
1443 4987 1703 5073 predecessorem

182 5096 339 5155 nostrum
371 5089 533 5154 carissimo
556 5091 589 5154 in
612 5090 739 5155 Christo
760 5088 826 5154 filio
849 5096 958 5154 nostro
982 5089 1094 5154 Cerolo
1118 5091 1301 5172 imperatori
1318 5108 1444 5171 semper
1460 5095 1604 5172 augusto,
1629 5092 1705 5151 tunc

186 5195 265 5276 regi
288 5194 500 5258 Romanorum
535 5191 701 5277 illustrib)
736 5212 835 5274 usque
871 5195 910 5257 sd
942 5200 1062 5258 certum
1086 5201 1211 5275 ternpus
1246 5195 1307 5258 iarn
1339 5195 1482 5274 elapsum
1506 5209 1666 5264 concesse,
1682 5189 1706 5270 ¹)

193 5296 331 5362 collecte
365 5296 428 5362 ism
468 5303 503 5362 et
540 5298 716 5381 colligende
751 5299 965 5380 imposterum,
1001 5316 1094 5377 quam
1130 5298 1256 5378 quidem
1299 5297 1430 5361 terciam
1464 5303 1587 5377 partem
1622 5294 1706 5359 idem

1551 5438 1582 5485 12
