3944 6060
232 442 295 510 255
828 436 899 491 Acta
919 432 1072 490 muscentii
1092 434 1140 489 VI.

230 649 361 731 Thobie,
384 653 420 713 ut
443 664 477 712 se
494 647 534 712 de
550 645 635 712 dicto
659 645 769 711 ordine
793 645 833 710 ad
857 644 998 710 ordinem
1015 662 1040 710 s.
1064 643 1232 710 Benedicti
1255 643 1429 709 transferre
1451 649 1486 710 et
1502 663 1574 710 cum
1598 644 1678 711 dicti
1689 662 1739 711 or·

230 753 314 820 diuis
336 770 361 817 s.
385 750 551 816 Benedicti
576 750 737 817 monachis
760 749 886 816 domino
909 748 1055 815 famulari
1078 748 1193 827 valeat,
1216 749 1383 832 indulgere
1407 747 1583 832 dignemini
1608 749 1733 833 superi·

231 876 321 923 orum
351 874 478 920 suorum
502 860 536 920 et
567 854 701 921 alterius
732 854 946 935 cuiuscunque
976 853 1110 919 licencia
1141 852 1269 918 minima
1299 852 1463 936 requisita,
1493 852 1683 937 apostolicis
1705 859 1740 919 et

231 960 312 1042 aliis,
335 959 435 1025 eciam
460 959 616 1024 dictorum
651 958 797 1024 ordinum
819 955 1102 1023 constitucionibus
1137 973 1194 1021 scu
1225 957 1356 1023 statutis
1390 957 1558 1023 contrariis
1593 975 1657 1025 non
1680 958 1735 1024 eb·

231 1064 391 1132 stantibus
414 1063 661 1145 quibuscunque.
686 1062 766 1128 Cum
789 1062 862 1127 aliis
885 1081 947 1127 non
970 1061 1170 1127 obstantibus
1194 1066 1228 1126 et
1250 1061 1402 1128 clausulis
1424 1062 1601 1145 oportunis.

367 1167 440 1232 Fiat
463 1166 499 1232 G.

361 1288 444 1354 Item
467 1307 537 1354 cum
560 1288 640 1353 alias
663 1286 723 1352 82⁸⁸
746 1286 802 1352 Vm
823 1286 961 1353 Johauui
992 1285 1105 1351 Zufraz
1129 1292 1204 1352 tunc
1226 1287 1431 1373 custodialm]
1461 1289 1669 1372 Eystetensis
1691 1307 1742 1356 sc-

235 1393 334 1461 clesie
356 1392 514 1459 obtinenti
538 1392 577 1457 de
601 1390 792 1475 parrochiali
815 1391 953 1457 ecclesia
975 1409 1000 1457 s.
1024 1391 1127 1456 Maris
1150 1390 1378 1475 Bambergensi
1407 1392 1609 1460 mandauerit
1638 1394 1743 1478 pruri-

231 1497 379 1582 derisio
402 1497 486 1579 quod
510 1496 628 1579 adepta
662 1496 746 1561 dicte
770 1494 980 1578 parrochialis
1011 1494 1147 1560 ecclesie
1181 1495 1384 1578 possessione
1418 1494 1550 1580 pacifica
1582 1496 1742 1581 prefatam

232 1602 409 1668 custodiam
432 1600 595 1667 dimittere
617 1605 793 1683 teneretur,
810 1599 969 1683 supplicat
991 1600 1075 1665 idem
1091 1599 1273 1683 imperator,
1297 1605 1455 1681 quatenus
1470 1600 1588 1668 dilecto
1611 1601 1738 1669 notario

232 1725 289 1773 suo
311 1704 449 1772 iohanni
478 1707 519 1770 de
550 1703 750 1770 Hohanheim
773 1704 813 1769 de
836 1703 961 1787 prefata
991 1704 1136 1770 custodia
1164 1704 1220 1783 sic,
1244 1709 1280 1769 ut
1309 1703 1480 1788 prefertur,
1510 1711 1646 1772 vacante
1670 1725 1741 1773 cum

235 1811 380 1878 omnibus
403 1810 524 1876 iuribus
548 1815 582 1875 et
604 1808 812 1893 pertinenciis
835 1808 902 1873 suis
932 1808 1105 1891 dignemini
1121 1807 1299 1891 providere,
1329 1809 1573 1894 nonobstante,
1596 1811 1681 1892 quod
1706 1810 1741 1876 in

235 1915 321 1981 dicta
343 1913 531 1996 Eystetensi
561 1913 698 1978 ecclesia
720 1911 938 1977 canonicatum
968 1917 1003 1977 et
1028 1913 1223 1995 prebendam
1253 1916 1287 1979 et
1309 1913 1477 1978 ecclesiam
1508 1913 1742 1996 parrochialem

232 2020 266 2085 iu
289 2016 681 2103 Friolczheimsspirensis
704 2016 785 2082 dioc.
809 2015 941 2097 obtinet,
973 2034 1065 2097 quam
1087 2015 1317 2099 parrochialem
1340 2017 1506 2083 ecclesiam
1530 2023 1665 2101 paratus
1687 2024 1740 2086 est

240 2122 412 2207 dimittere,
436 2126 604 2205 postquam
626 2120 783 2205 prefatam
807 2119 982 2186 custodiam
1010 2119 1108 2185 fuerit
1129 2119 1260 2203 pacifice
1282 2125 1456 2187 assecutus.
1481 2120 1559 2187 Cum
1583 2120 1658 2188 aliis
1679 2141 1743 2190 non

235 2224 435 2292 obstantibus
458 2231 493 2291 et
515 2223 666 2290 clausulis
690 2223 855 2307 oportunis
879 2230 913 2289 et
935 2223 1168 2291 executoribus.

366 2348 439 2413 Fiat
461 2348 498 2413 G.
534 2392 1742 2415 ............................................

364 2468 439 2534 Sina
463 2469 527 2533 alia
549 2467 698 2533 leccione.
724 2465 796 2531 liat
819 2466 856 2531 G.
880 2467 919 2530 l).
944 2467 1101 2532 Auinione
1125 2467 1152 2532 V
1174 2465 1238 2531 kal.
1262 2467 1451 2534 Nouembris
1473 2489 1502 2536 a.
1526 2471 1648 2552 quinto.

368 2658 400 2712 n
418 2657 514 2726 Suppl.
534 2664 567 2712 st
586 2654 633 2711 iol.
652 2658 721 2712 2⁶8¹.

887 2831 1092 2840 ——n——-

233 2991 324 3057 664.
358 2984 496 3053 Tbobr'ae
525 2988 600 3050 nato
629 2982 740 3049 nobilis
770 2982 832 3049 ur'rr'
859 2983 996 3049 Tbobr'ae
1026 2984 1063 3049 de
1086 2985 1256 3052 Kamenr'cn
1286 2989 1316 3050 et
1339 2985 1519 3073 Bompae-r
1550 2988 1744 3072 indulgetur,

237 3098 272 3158 ut
294 3092 333 3158 de
355 3091 465 3156 ordine
489 3093 639 3170 fratrum
663 3087 924 3172 praedicatorum
954 3087 1046 3153 certis
1068 3108 1107 3153 en
1137 3089 1243 3155 causis
1272 3090 1462 3174 apostolicae
1490 3093 1560 3159 sedi
1590 3096 1745 3178 expandis

238 3196 281 3262 ad
303 3194 445 3260 ordinem
466 3212 493 3258 s.
515 3191 688 3275 Benedicti,
718 3189 916 3273 superiorum
944 3211 1073 3257 suorum
1104 3191 1235 3258 licentra
1255 3195 1384 3260 minime
1414 3196 1579 3280 requisita,
1601 3200 1746 3266 transire

321 3298 438 3366 ualent.
467 3293 576 3379 „Cum
600 3297 681 3362 sicut
702 3294 876 3362 waddo&
904 3295 1079 3375 ,Aninioue
1109 3296 1216 3362 Vtar.
1242 3296 1426 3364 Novembris
1449 3318 1478 3365 a.
1501 3303 1645 3385 quinto.“

284 3441 354 3527 j
1179 3433 1341 3512 Aninione,
1363 3436 1451 3502 1357
1474 3437 1621 3506 Octobris
1643 3441 1699 3508 28.

367 3644 399 3699 R.
418 3645 468 3700 Ar.
498 3648 547 3698 136
566 3641 613 3698 iol.
632 3647 691 3708 tls,
716 3642 748 3696 s.
773 3642 835 3697 Vat.
859 3646 910 3697 232
936 3641 984 3696 iol.
1003 3647 1071 3697 ⁸92¹.
1090 3672 1123 3681 —
1149 3646 1172 3710 ι)
1192 3641 1304 3704 ‚Thobie
1328 3642 1395 3698 dicti
1410 3643 1541 3700 Kemnicz
1565 3645 1601 3703 de
1624 3646 1748 3704 Bechin·

239 3736 300 3803 gen‘
319 3731 369 3786 Aa.

887 3906 1092 3916 ————

238 4062 329 4128 665.
351 4057 488 4125 Carolus
504 4061 718 4124 Buritanorum
741 4061 912 4143 inoperatur
927 4064 956 4125 et
972 4059 1144 4128 Bobernr'ae
1166 4084 1223 4129 rer
1244 4063 1413 4149 supplicat,
1435 4069 1589 4149 quotenus
1608 4064 1749 4134 Nicotao

240 4165 278 4231 de
303 4164 440 4231 tlensir
469 4164 688 4245 protonotario
717 4183 773 4229 suo
795 4169 824 4230 et
848 4166 940 4229 Petro
964 4165 1132 4230 Laurentii
1155 4167 1325 4249 familiari
1354 4172 1383 4232 et
1412 4167 1577 4252 capellano
1606 4188 1665 4234 suo
1696 4170 1747 4241 di·

729 4288 836 4332 versae
857 4269 984 4349 prat-iae
1005 4270 1246 4336 contendantur.

1158 4409 1323 4489 Arinione,
1346 4410 1433 4475 1357
1455 4410 1644 4475 Nouembris
1667 4414 1700 4477 4.

370 4598 535 4682 Supplicat
558 4599 598 4665 Sl
629 4601 682 4665 Vre
707 4601 840 4666 devotus
872 4602 955 4666 filius
979 4608 1086 4667 vester
1110 4601 1247 4666 llarolus
1277 4601 1489 4666 Romanorum
1511 4601 1688 4683 imperator·
1711 4608 1748 4671 et

241 4703 370 4767 Boemie
393 4720 460 4783 ren,
484 4709 642 4785 quatenus
665 4704 726 4769 sibi
748 4704 780 4768 in
796 4722 963 4787 personam
987 4707 1097 4772 dilecti
1120 4706 1169 4770 sui
1192 4705 1423 4787 prothonotarii
1446 4711 1481 4770 et
1502 4706 1671 4772 secretarii
1694 4708 1746 4776 sui

240 4805 384 4889 magistri
406 4806 529 4872 Nicolai
554 4808 632 4873 iuris
662 4809 757 4890 periti
782 4810 821 4873 de
845 4809 993 4893 Cremsyr
1023 4809 1193 4894 specialem
1217 4810 1353 4891 graciam
1377 4808 1540 4894 iacientes,
1563 4810 1604 4876 de
1627 4829 1745 4896 prepo-

241 4910 342 4975 situra
364 4910 533 4993 collegiate
557 4912 692 4978 ecclesie
716 4931 740 4976 s.
763 4913 850 4978 l‘etri
872 4914 905 4979 in
929 4915 1058 4980 Bruuna
1088 4913 1308 4979 Olomucensis
1332 4913 1421 4996 dioc,
1444 4931 1505 4995 que
1528 4913 1623 4979 unica
1646 4920 1697 4981 est
1712 4917 1746 4982 in

239 5013 352 5079 eadem
374 5014 511 5080 ecclesia
533 5016 683 5098 dignitas,
706 5025 840 5083 vacante
864 5020 904 5084 ad
927 5038 1060 5101 presens
1082 5036 1140 5103 per
1163 5018 1283 5083 obituru
1299 5017 1455 5099 quondam
1478 5017 1655 5084 Hermanni
1678 5038 1743 5085 mc·

241 5117 314 5199 dici,
337 5118 441 5183 ultimi
463 5119 618 5202 prepositi
649 5120 758 5204 ipsius,
781 5123 835 5203 qui
858 5122 891 5187 in
913 5124 1058 5207 partibus
1080 5124 1145 5189 illis
1169 5123 1316 5206 decessit,
1347 5139 1405 5187 seu
1428 5122 1456 5188 si
1478 5142 1536 5206 per
1558 5123 1744 5190 constituci-

240 5240 332 5288 onem
354 5222 574 5306 ,llxecrabilis‘
597 5225 767 5309 vacaverit,
791 5244 848 5292 seu
871 5244 929 5309 per
951 5229 1084 5294 eandem
1108 5227 1178 5293 Sam
1208 5227 1287 5293 pram
1310 5224 1494 5311 specialiter
1515 5224 1615 5293 tuerit
1637 5244 1742 5294 reser-

240 5331 325 5410 vata,
346 5325 449 5391 eidem
472 5326 603 5395 Nicolao
626 5327 799 5411 dignemini
820 5332 988 5413 providere
1010 5351 1142 5416 eamque
1166 5333 1226 5399 sihi
1249 5332 1393 5399 conferre
1416 5348 1488 5397 cum
1509 5331 1657 5398 omnibus
1677 5350 1743 5401 non
