3990 6052
732 430 799 484 tiles
818 429 945 486 Octobris
966 435 998 485 lb
1020 462 1047 470 —
1069 429 1196 486 Octobris
1215 439 1256 487 28.
1706 435 1747 500 63

243 641 333 708 149.
356 640 523 709 Juds'cs'bus
537 642 721 723 mandatur,
743 645 897 726 quotenus
912 642 1051 707 Boucom'
1066 641 1224 707 Leoumdi
1238 640 1276 706 dc
1292 639 1435 708 Bruslcoo
1452 641 1747 707 archidiaconatum

794 745 1008 812 mammam
1029 750 1206 826 conserunt.

1192 883 1353 969 Aoinionc,
1376 886 1462 949 1353
1488 885 1631 951 Octobris
1654 886 1704 950 10.

374 1059 434 1122 Dd.
465 1058 498 1123 ll.
530 1059 752 1124 archidiacono
783 1059 953 1140 Progensis
983 1065 1018 1122 et
1047 1059 1181 1123 sacriste
1215 1059 1440 1124 Auinionensis
1471 1058 1678 1123 ecclesiarum
1711 1076 1748 1123 ac

244 1162 370 1229 officiali
408 1162 560 1245 Pragensi
606 1163 742 1228 salutem
780 1168 841 1228 etc.
896 1162 1106 1245 Exigentibus
1147 1162 1316 1244 probitatis
1353 1169 1387 1228 et
1424 1163 1576 1227 virtutum
1613 1162 1746 1244 meritis,

243 1286 340 1349 super
361 1266 475 1348 quibus
494 1319 501 1333 .
521 1319 527 1330 .
548 1319 581 1332 ..
613 1268 717 1332 Busco
739 1267 897 1332 leonardi
929 1267 969 1331 de
1001 1268 1146 1332 Brascow
1176 1269 1344 1333 canonicus
1378 1267 1548 1350 Pragensis
1578 1267 1663 1348 apud
1690 1286 1747 1333 nos

244 1422 332 1435 ....
373 1372 620 1453 commendatur,
644 1371 830 1453 inducimur,
862 1377 897 1435 ut
919 1371 980 1436 sibi
1004 1371 1173 1435 reddamur
1196 1372 1233 1435 ad
1258 1373 1395 1454 graciam
1418 1372 1576 1436 liberales.
1621 1371 1747 1435 Dudum

244 1476 400 1556 siquidem
419 1526 424 1537 .
446 1527 453 1540 .
474 1525 506 1539 ..
554 1475 701 1541 Clemens
723 1495 807 1558 papa
834 1475 885 1556 Vl,
918 1476 1127 1559 predecessor
1149 1482 1268 1557 noster,
1291 1477 1462 1542 intendens
1488 1477 1528 1541 de
1555 1474 1747 1540 archidiaco-

243 1586 321 1644 natu
344 1579 521 1644 Curimensi
551 1579 584 1643 in
614 1580 751 1644 ecclesia
784 1580 946 1663 Pragensi,
981 1598 1074 1660 quem
1105 1581 1261 1661 quondam
1292 1581 1420 1645 Bohuta
1442 1581 1482 1645 de
1506 1580 1627 1645 Oladna
1649 1580 1748 1645 archi·

244 1683 395 1748 diaconus
430 1682 623 1748 Ourimensis
657 1683 691 1747 in
724 1684 836 1747 cadem
871 1684 1008 1748 ecclesia
1041 1693 1117 1748 tunc
1154 1685 1307 1766 temporis
1342 1685 1514 1766 obtinebat,
1555 1704 1624 1749 cum
1660 1685 1748 1749 illum

243 1805 356 1852 vacare
386 1788 594 1870 contingeret,
624 1805 683 1869 per
705 1788 880 1869 apostolice
904 1788 990 1853 sedis
1013 1788 1250 1870 providenciam
1275 1789 1423 1871 ordinari,
1457 1789 1748 1855 archidiaconatum

243 1893 357 1976 ipsum,
392 1893 465 1957 dum
500 1892 602 1956 adhuc
635 1892 720 1956 idem
761 1892 888 1957 Bobuta
917 1898 1028 1975 ageret
1062 1892 1094 1955 in
1124 1892 1279 1972 humanis,
1315 1893 1466 1962 videlicet
1496 1894 1526 1957 ll
1559 1913 1630 1961 non.
1661 1895 1748 1960 lunii

243 1995 446 2080 pontificatus
462 1997 511 2061 sui
527 2016 609 2061 anno
625 1997 830 2078 undecimo¹),
843 1997 916 2061 dum
933 2001 1039 2061 tamen
1055 1996 1328 2062 archidiaconatus
1344 1998 1413 2080 ipse
1429 1999 1568 2081 dignitas
1584 2000 1747 2082 existeret,

244 2101 408 2167 collacioni
438 2108 472 2166 et
495 2102 700 2183 disposicioni
730 2119 787 2166 sue
819 2120 858 2166 ea
888 2102 956 2166 vice
988 2103 1171 2185 specialiter
1200 2102 1387 2186 reservavit,
1409 2103 1608 2168 decernendo
1632 2110 1749 2168 extunc

243 2206 366 2270 irritum
386 2212 420 2270 et
435 2206 560 2289 innane,
576 2208 603 2271 si
620 2225 712 2272 secus
746 2259 752 2272 .
773 2260 780 2272 .
800 2258 807 2269 .
827 2258 833 2270 .
850 2207 1050 2290 contingeret
1066 2208 1259 2290 attemptari.
1276 2207 1479 2273 Postmodum
1496 2226 1579 2289 vero,
1595 2207 1678 2272 sicut
1693 2226 1747 2272 ex-

243 2309 345 2375 hibita
371 2311 461 2376 nobis
484 2331 540 2394 pro
564 2316 656 2394 parte
679 2312 780 2395 ipsius
798 2311 953 2376 Busconis
975 2312 1093 2394 peticio
1109 2313 1302 2395 continebat,
1320 2312 1578 2378 archidiaconatu
1593 2311 1748 2394 predicto,

244 2416 296 2496 qui
320 2415 459 2497 dignitas
483 2416 602 2496 existit,
625 2434 683 2497 per
705 2417 806 2498 ipsius
830 2415 955 2481 Bohute
979 2416 1108 2498 obitum,
1133 2417 1186 2498 qui
1213 2422 1305 2481 extra
1327 2417 1501 2482 Romanam
1523 2417 1642 2481 curiam
1665 2416 1749 2480 diem

244 2518 358 2583 clausit
381 2525 566 2602 extremum,
590 2528 733 2603 vacante,
756 2521 861 2585 dictus
885 2521 998 2603 busco,
1022 2520 1170 2602 ignorans
1186 2521 1323 2601 aliquam
1339 2523 1592 2585 reservacionem
1615 2521 1654 2584 de
1678 2540 1749 2603 pre·

244 2623 327 2688 dicto
351 2623 607 2690 archidiaconatu
623 2625 690 2691 iore
707 2625 831 2709 factam,
854 2625 962 2707 vigore
986 2625 1191 2705 quarumdam
1207 2624 1387 2691 litterarum
1407 2626 1485 2690 dicti
1501 2626 1747 2709 predecessoris,

244 2746 300 2809 per
322 2745 400 2808 quas
431 2728 570 2794 indicta
595 2730 731 2794 ecclesia
753 2730 906 2812 Pragensi
929 2729 1128 2811 dignitatem,
1160 2734 1365 2813 personatum
1397 2731 1447 2795 vel
1475 2729 1611 2795 officium
1634 2748 1746 2812 expec-

244 2833 341 2909 tabat,
372 2831 530 2914 prelatum
553 2833 844 2898 archidiaconatum
867 2834 913 2898 sic
936 2840 1109 2915 vacantem,
1140 2834 1263 2915 sibique
1288 2833 1367 2898 alias
1390 2834 1541 2917 debitum,
1572 2835 1750 2917 acceptavit

244 2935 339 3000 etde
363 2935 418 3000 illo
449 2936 509 3001 sibi
533 2937 644 3003 eodem
668 2938 896 3021 predecessore
925 2937 1127 3003 inhumanis
1158 2943 1273 3020 agente
1296 2938 1457 3020 provideri
1488 2938 1565 3003 fecit
1591 2939 1749 3021 canonice,

244 3040 304 3104 nisi
336 3041 479 3122 predicta
509 3043 688 3108 reservacio
718 3044 907 3117 obstitisset,
939 3050 973 3109 et
1002 3050 1118 3109 extunc
1148 3043 1436 3108 archidiaconatum
1467 3043 1571 3125 ipsum
1601 3043 1669 3108 fere
1693 3062 1750 3127 per

245 3162 359 3208 annum
382 3146 488 3210 tenuit
510 3152 544 3211 et
565 3148 718 3229 possedit,
743 3154 837 3230 prout
852 3147 955 3213 adhuc
970 3153 1060 3213 tenet
1079 3153 1112 3212 et
1127 3148 1272 3230 possidet
1286 3146 1416 3230 pacifice
1433 3153 1467 3212 et
1487 3147 1605 3230 quiete,
1627 3148 1749 3213 fructus

244 3248 423 3331 percipiens
445 3268 485 3315 ex
507 3252 628 3317 eodem.
654 3252 719 3318 Nos
735 3253 833 3335 igitur
852 3253 1067 3334 attendentes
1091 3253 1174 3334 quod
1198 3251 1378 3333 acceptacio
1394 3257 1429 3315 et
1443 3253 1582 3333 provisio
1605 3253 1749 3335 predicte

244 3360 277 3418 et
299 3356 362 3419 alia
384 3355 458 3419 inde
482 3355 647 3440 seq[u]uta
662 3357 781 3422 viribus
798 3376 859 3422 non
876 3357 1063 3439 subsistunt,
1087 3356 1307 3421 reservacione
1322 3361 1355 3420 et
1371 3356 1500 3421 decreto
1521 3357 1750 3422 obsistentibus

244 3459 444 3540 supradictis
475 3479 511 3524 ac
541 3461 686 3527 volentes
717 3464 820 3544 ipsum
852 3463 1029 3526 Busconem
1049 3513 1054 3524 .
1075 3513 1081 3524 .
1102 3513 1108 3524 .
1130 3512 1136 3523 .
1165 3459 1449 3525 consideracione.
1471 3512 1475 3522 .
1497 3510 1531 3524 ..
1557 3461 1666 3525 Karoli
1689 3462 1750 3526 Ro·

244 3582 403 3628 manorum
428 3571 462 3628 et
484 3565 613 3630 Boemie
637 3566 722 3647 regis
745 3566 890 3646 illustris,
910 3619 915 3629 .
937 3618 942 3629 .
964 3617 969 3629 .
991 3585 1068 3647 .pro
1093 3566 1178 3629 dicto
1195 3566 1349 3646 Buscone,
1372 3564 1536 3645 capellano
1553 3571 1587 3628 et
1602 3564 1749 3630 familiari

244 3684 309 3746 suo,
350 3667 513 3732 humiliter
543 3668 760 3750 supplicantis,
800 3668 959 3734 favoribus
990 3668 1139 3750 prosequi
1174 3668 1336 3750 graciosis,
1370 3668 1536 3749 ipsumque
1571 3669 1603 3733 in
1638 3670 1749 3734 eadem

244 3770 379 3835 ecclesia
395 3771 531 3852 amplius
547 3771 711 3855 honorare,
737 3772 924 3837 discrecioni
948 3778 1055 3837 vestre
1075 3823 1081 3835 .
1103 3821 1108 3832 .
1129 3825 1135 3836 .
1156 3823 1162 3835 .
1186 3771 1380 3853 mandamus,
1404 3778 1561 3852 quatenus
1584 3791 1641 3836 vos
1661 3823 1667 3836 .
1688 3822 1695 3836 .
1716 3825 1721 3837 .
1743 3825 1749 3837 .

244 3875 361 3940 dictum
375 3875 663 3941 archidiaconatum
682 3931 689 3943 .
709 3929 714 3940 .
736 3930 743 3943 .
762 3928 768 3941 .
792 3877 896 3941 cidem
909 3877 1046 3941 Busconi
1060 3877 1250 3942 auctoritate
1263 3882 1372 3941 nostra
1384 3876 1527 3941 conferre
1540 3883 1574 3941 et
1586 3877 1750 3960 assignare

245 3980 361 4044 curetis
382 4032 388 4043 .
408 4029 413 4040 .
436 4032 442 4044 .
463 4030 479 4056 .,
503 3981 831 4045 nonobstantibus..
852 4032 857 4042 .
889 4031 896 4060 ,
920 3981 1004 4062 quod
1019 3982 1051 4045 in
1068 3981 1179 4045 eadem
1197 3999 1232 4043 ac
1249 3980 1282 4045 in
1299 3998 1323 4044 s.
1348 3980 1477 4062 Georgii
1492 3980 1525 4044 in
1549 3988 1652 4046 castro
1675 3982 1749 4045 Pra-

245 4085 333 4165 gensi
355 4091 390 4149 et
412 4086 444 4149 in
468 4103 492 4148 s.
518 4086 624 4167 Egidii
650 4085 799 4167 Pragensi
822 4086 969 4150 ecclesiis
993 4086 1197 4151 canonicatus
1229 4091 1262 4149 ct
1289 4085 1468 4166 prebendas
1499 4084 1640 4150 noscitur
1670 4087 1748 4151 obti-

245 4205 320 4253 nere
367 4239 427 4256 ...
451 4190 487 4253 D.
514 4190 670 4256 huinione
696 4191 734 4255 Vl
758 4190 801 4254 id.
827 4189 984 4270 Octobris,
1008 4189 1212 4273 pontificatus
1235 4189 1336 4254 nostri
1360 4208 1386 4252 a.
1411 4189 1522 4271 primo.

373 4377 403 4431 R
423 4376 483 4430 Vat.
507 4383 559 4432 244
583 4377 629 4433 fol.
652 4384 713 4433 232.
743 4408 775 4419 -
801 4381 820 4446 ¹)
842 4383 907 4432 raba
926 4379 1002 4433 Junii
1022 4386 1046 4433 4.
1074 4408 1105 4418 -
1129 4379 1161 4432 ln
1180 4394 1263 4448 marg.
1283 4378 1369 4432 dext:
1398 4387 1472 4446 ,nota
1490 4381 1598 4432 reserv.‘
1618 4376 1661 4431 Ad
1680 4378 1751 4433 hanc

244 4461 361 4516 litteram
389 4465 512 4533 praelato
535 4465 651 4520 Busconi
680 4464 844 4520 destinatam
872 4482 993 4535 sequens
1016 4465 1158 4521 adnotatio
1182 4466 1210 4520 in
1236 4465 1347 4520 Collect.
1376 4470 1426 4518 287
1452 4465 1499 4519 fol.
1521 4468 1578 4518 140·
1604 4464 1657 4529 (cd.
1676 4464 1750 4534 apud

245 4548 350 4614 llirsch,
373 4553 499 4606 Annaten
518 4553 530 4605 l
548 4568 610 4621 pag.
630 4558 673 4616 27)
694 4553 825 4622 pertinet:
847 4553 950 4619 ,Missa
968 4553 1080 4607 fuerunt
1098 4542 1239 4607 collectori
1259 4568 1308 4623 per
1327 4551 1519 4622 Raymundum
1546 4552 1587 4605 Ln
1605 4551 1749 4622 Obansyne

253 4637 410 4691 scutilcrum
431 4638 534 4692 domini
552 4639 758 4709 Magalonensis
777 4640 821 4694 die
842 4641 891 4694 xv
909 4640 1052 4695 Februarii
1071 4657 1095 4694 a.
1114 4641 1209 4694 Lllll‘.

408 4937 495 5002 160.
522 4935 682 5018 obligatio
704 4935 864 5004 Johanm's
887 4934 941 5023 [de
965 4936 1052 5001 Novo
1076 4933 1172 5022 Foro]
1195 4935 1282 5001 electi
1305 4936 1584 5002 Luthomoslensr's.

1377 5075 1459 5139 1353
1485 5074 1629 5142 Octobris
1652 5078 1703 5140 15.

374 5229 467 5294 Dicta
497 5230 548 5294 die
572 5230 641 5314 [xv
659 5232 777 5295 mensis
801 5230 948 5296 Octobris
972 5252 998 5295 a.
1025 5232 1053 5338 d.
1079 5231 1276 5312 MOOOLlll,
1299 5232 1476 5297 indiccione
1495 5238 1595 5313 sexta,
1620 5228 1747 5312 pontifi-

248 5337 334 5396 catus
356 5333 385 5398 d.
403 5333 585 5399 Innocencii
607 5352 688 5417 pape
705 5335 748 5398 Vl
772 5354 799 5398 a.
817 5335 932 5419 primo]
940 5337 966 5407 'l
990 5337 1135 5403 dominus
1149 5337 1312 5402 lohannes
1335 5337 1457 5402 electus
1474 5335 1749 5401 Luthomuslensis
