3944 6060
232 423 297 487 35?
838 422 908 474 Acta
926 420 1078 475 hnooentii
1095 421 1141 474 VI.

231 629 320 695 884.
350 629 467 696 Jodoco
481 631 508 709 a)
544 634 619 692 nato
652 627 810 712 quondam
834 630 923 693 Petri
944 630 982 694 de
1013 630 1188 713 Itosenberp
1224 631 1250 709 b)
1283 631 1381 695 militi
1402 637 1432 695 et
1454 632 1597 713 Apnetae
1611 641 1639 709 ⁰)
1676 636 1747 698 eius

231 733 326 796 uvori
349 733 520 815 Propensis
542 732 619 796 dioc.
655 731 846 812 indulpetur,
869 737 905 796 ut
926 736 1086 812 confessor
1118 755 1224 799 eorum
1247 735 1281 799 in
1303 737 1413 799 mortis
1448 735 1585 802 orticello
1610 736 1747 818 pieriam

230 838 371 899 omnium
388 841 592 919 peccatorum
625 836 840 900 remissionem
863 836 908 900 eis
931 838 1095 901 concedere
1123 841 1238 921 possit.
1268 840 1450 913 „Provenit“
1489 840 1671 922 „Aninione
1699 843 1744 905 11.

758 940 802 1004 n.
827 940 996 1004 renuam
1022 963 1051 1005 a.
1076 942 1216 1024 septimo.
1567 925 1570 931 '

1151 1080 1314 1159 Avinionc,
1338 1082 1425 1146 1359
1448 1082 1619 1146 Februarii
1642 1087 1700 1148 12.

366 1283 396 1336 R.
416 1288 466 1336 As.
488 1291 533 1335 141
566 1283 690 1336 101544.
720 1313 751 1322 -
784 1288 809 1349 ⁸)
829 1285 952 1343 ,ludoco‘
970 1288 1022 1337 Av.
1053 1287 1077 1350 b)
1098 1285 1282 1355 ,Rosemberg‘
1301 1290 1351 1339 Av.
1368 1294 1391 1352 0)
1410 1289 1533 1356 ‚Agnete‘
1552 1289 1602 1340 As.

888 1483 1089 1492 *—

238 1684 327 1749 885.
351 1684 495 1750 Johonni
509 1688 584 1747 nato
599 1684 757 1767 quondam
777 1683 865 1747 Petri
879 1685 917 1747 de
933 1684 1107 1766 Rosenberp
1114 1687 1140 1765 Ι1)
1156 1686 1252 1749 militi
1266 1687 1440 1765 Praemisis
1456 1686 1534 1750 dioc.
1550 1685 1751 1767 indulpetur,

234 1791 271 1849 ut
292 1790 453 1866 confessor
475 1789 542 1851 eius
563 1788 597 1851 in
625 1788 737 1851 neortis
766 1786 899 1852 orticello
931 1787 1059 1870 plenam
1081 1789 1220 1852 omnium
1245 1792 1446 1872 peccatorum
1476 1789 1696 1853 remissionem
1720 1791 1752 1853 ei

352 1892 515 1956 concedere
531 1892 644 1974 possit.
670 1891 858 1971 „Provenit“
886 1891 1060 1972 „Aninionc
1083 1894 1120 1954 II
1138 1892 1183 1956 id.
1207 1892 1374 1956 Februarii
1396 1914 1427 1956 a.
1449 1894 1613 1975 septimo.“

1159 2047 1323 2119 Avinionc,
1346 2047 1433 2110 1359
1456 2046 1625 2112 Februarii
1650 2050 1703 2112 12.

370 2233 401 2286 R.
421 2235 470 2286 Av.
493 2241 538 2287 141
569 2234 694 2287 101544.
714 2265 746 2272 -
779 2240 803 2295 4)
823 2233 1004 2301 ,Rosemberg‘
1022 2236 1072 2285 As.

239 2667 338 2733 886:
354 2665 463 2729 Nobili
496 2666 562 2728 viro
600 2667 735 2730 Henrico
768 2667 806 2730 de
843 2667 929 2746 Lipa
968 2666 1065 2730 militi
1093 2671 1123 2730 et
1154 2667 1267 2731 Annae
1299 2669 1367 2733 eius
1397 2669 1493 2733 uxori
1528 2667 1750 2735 Olomucensis

239 2771 318 2834 dioc.
342 2770 532 2850 indulcetur,
567 2776 601 2832 ut
624 2771 784 2854 conjessor
806 2790 913 2833 eorum
935 2771 970 2833 in
990 2773 1100 2834 mortis
1135 2771 1270 2835 articulo
1298 2773 1430 2854 plenam
1463 2774 1602 2836 omnium
1635 2794 1751 2855 pecca·

241 2893 329 2937 orum
365 2874 580 2937 remissionem
603 2874 648 2937 eis
670 2874 832 2938 concedere
861 2875 975 2956 possit.
1012 2876 1196 2956 ,Provenit“
1238 2876 1412 2956 ,Ammiano
1436 2877 1478 2940 II
1501 2876 1544 2938 id.
1578 2876 1754 2942 Februarii

885 2999 915 3041 a.
938 2979 1098 3059 septimo.“

1175 3116 1336 3196 Aviuione,
1361 3117 1446 3180 1359
1461 3118 1632 3182 Februarii
1654 3122 1708 3184 12.

375 3271 406 3323 R.
426 3273 476 3322 Av.
500 3278 542 3323 141
574 3271 620 3323 fol.
641 3277 700 3322 544.

244 3637 333 3702 887.
360 3636 512 3699 Omnibus
545 3657 615 3699 vere
632 3635 874 3718 poenitentibus,
909 3638 963 3718 qui
980 3634 1197 3717 parochialem
1231 3636 1392 3700 ecclesiam
1414 3658 1438 3701 s.
1462 3636 1624 3703 Johannis
1656 3639 1755 3722 Bap-

240 3742 335 3805 tistae
356 3741 391 3804 in
413 3739 539 3804 Militia
552 3741 579 3819 ⁸)
613 3740 787 3821 Propensis
810 3739 887 3802 dioc.
910 3741 944 3803 in
967 3739 1158 3817 nativitatis,
1191 3740 1446 3823 circurncisionis,
1469 3740 1670 3824 epiphaniae,
1705 3766 1756 3807 re·

241 3842 454 3920 surrectionis,
479 3843 670 3907 ascensionis
701 3843 820 3906 domini
842 3846 872 3904 et
894 3846 1029 3925 quatuor
1056 3841 1290 3924 principalibus
1313 3844 1341 3906 b.
1367 3844 1473 3908 Morie
1494 3845 1638 3927 circinis,
1670 3846 1756 3911 dicti

242 3970 268 4012 s.
292 3947 451 4014 Johannis
473 3949 504 4008 et
525 3945 677 4010 dictorum
700 3946 912 4028 apostolorum
933 3946 1161 4023 festivitatibus
1193 3947 1286 4009 acin
1308 3949 1649 4012 omniumsonctorum
1671 3950 1755 4016 cele·

241 4051 358 4113 britate
380 4070 417 4113 ac
438 4050 474 4113 in
495 4048 702 4121 dedicationis
732 4051 835 4132 ipsius
857 4049 1004 4114 ecclesiae
1026 4050 1077 4113 die
1100 4050 1206 4114 devote
1234 4049 1436 4115 visitaverint
1466 4054 1644 4126 annuatim,
1666 4075 1758 4121 unus

244 4175 347 4218 annus
369 4158 399 4217 et
421 4152 637 4232 quadropinta
661 4153 726 4216 dies
750 4154 788 4217 de
803 4154 956 4217 iniunctis
978 4155 1023 4217 cis
1041 4155 1245 4234 poenitentiis
1268 4153 1466 4217 relaxantur.
1495 4155 1669 4236 ,Splendor
1688 4181 1756 4239 pa·

503 4259 589 4320 terne
609 4258 725 4337 alorie¹⁸
756 4256 930 4339 ,Aninione
953 4259 990 4321 11
1010 4258 1053 4320 id.
1079 4257 1247 4321 Februarii
1271 4278 1299 4320 a.
1323 4257 1484 4339 septimo.“

294 4382 359 4464 ,ἱ
1168 4393 1332 4471 Aethione,
1356 4397 1441 4460 1359
1464 4396 1633 4460 renunt
1659 4401 1713 4464 12.

374 4584 405 4637 R.
425 4587 474 4638 As.
496 4591 543 4636 141
573 4584 700 4637 101111.
726 4615 750 4622 -
786 4587 809 4646 a)
830 4583 969 4649 ,1111141111ι
988 4587 1037 4636 Av.

893 4812 1100 4820 ----

244 4982 334 5048 888.
362 4981 513 5046 Omnibus
535 5004 605 5046 oere
620 4984 862 5065 poenitentibus,
886 4985 940 5067 qui
955 4984 1113 5066 capellam
1137 4985 1276 5066 corporis
1301 4983 1422 5053 Christi
1438 4985 1472 5047 in
1487 4982 1647 5063 Boiilce¹)
1674 4988 1759 5052 Pra-

243 5087 350 5165 pensis
380 5085 456 5150 dioc.
480 5086 513 5150 in
536 5086 726 5168 nativitatis,
761 5088 1017 5164 circumcisionis,
1052 5087 1253 5169 epiphaniae,
1275 5087 1526 5164 resurrectionis,
1557 5091 1759 5156 ascensionis

244 5187 365 5252 domini
397 5209 435 5252 ac
471 5189 608 5253 eiusdem
629 5191 769 5270 corporis
805 5189 925 5255 Christi
946 5196 976 5253 et
998 5195 1133 5274 quatuor
1163 5190 1396 5273 principalibus
1418 5189 1445 5255 b.
1479 5191 1586 5256 Mario
1619 5194 1760 5274 virpinis

243 5297 274 5354 et
307 5292 460 5357 dictorum
492 5292 704 5375 apostolorum
721 5294 958 5371 festivitatibus
979 5300 1008 5359 et
1031 5294 1065 5359 in
1087 5295 1225 5358 omnium
1247 5299 1426 5359 sanctonim
1449 5293 1631 5359 mlebritate
1660 5316 1701 5362 ae
1723 5298 1760 5362 in
