<?xml version="1.0" encoding="UTF-8"?>
<!DOCTYPE html PUBLIC "-//W3C//DTD XHTML 1.0 Transitional//EN"
    "http://www.w3.org/TR/xhtml1/DTD/xhtml1-transitional.dtd">
<html xmlns="http://www.w3.org/1999/xhtml" xml:lang="en" lang="en">
 <head>
  <title>
</title>
<meta http-equiv="Content-Type" content="text/html;charset=utf-8" />
  <meta name='ocr-system' content='tesseract 3.04.00' />
  <meta name='ocr-capabilities' content='ocr_page ocr_carea ocr_par ocr_line ocrx_word'/>
</head>
<body>
  <div class='ocr_page' id='page_1' title='image "./monumentavatica00vatigoog_0404.png"; bbox 0 0 3944 6060; ppageno 0'>
   <div class='ocr_carea' id='block_1_1' title="bbox 803 441 1700 511">
    <p class='ocr_par' dir='ltr' id='par_1_1' title="bbox 803 441 1700 511">
     <span class='ocr_line' id='line_1_1' title="bbox 803 441 1700 511; baseline 0.019 -17"><span class='ocrx_word' id='word_1_1' title='bbox 803 447 870 496; x_wconf 82' lang='lat' dir='ltr'><strong>raso</strong></span> <span class='ocrx_word' id='word_1_2' title='bbox 888 441 1031 495; x_wconf 72' lang='lat' dir='ltr'><strong>Februarii</strong></span> <span class='ocrx_word' id='word_1_3' title='bbox 1051 447 1090 495; x_wconf 68' lang='grc' dir='ltr'><strong>ιε’.</strong></span> <span class='ocrx_word' id='word_1_4' title='bbox 1639 447 1700 511; x_wconf 78' lang='grc'><strong>351</strong></span> 
     </span>
    </p>
   </div>
   <div class='ocr_carea' id='block_1_2' title="bbox 196 649 1699 1874">
    <p class='ocr_par' dir='ltr' id='par_1_2' title="bbox 198 649 1699 1040">
     <span class='ocr_line' id='line_1_2' title="bbox 324 649 1698 734; baseline 0.002 -21"><span class='ocrx_word' id='word_1_5' title='bbox 324 649 405 713; x_wconf 83' lang='lat' dir='ltr'>Item</span> <span class='ocrx_word' id='word_1_6' title='bbox 429 649 597 731; x_wconf 83' lang='lat' dir='ltr'><strong>supplicat,</strong></span> <span class='ocrx_word' id='word_1_7' title='bbox 628 655 785 730; x_wconf 87' lang='lat' dir='ltr'><strong>quatenus</strong></span> <span class='ocrx_word' id='word_1_8' title='bbox 809 649 869 716; x_wconf 91' lang='lat' dir='ltr'><strong>sibi</strong></span> <span class='ocrx_word' id='word_1_9' title='bbox 892 649 1082 733; x_wconf 81' lang='lat' dir='ltr'>[concedere</span> <span class='ocrx_word' id='word_1_10' title='bbox 1105 651 1302 734; x_wconf 75' lang='lat' dir='ltr'><strong>digneminil,</strong></span> <span class='ocrx_word' id='word_1_11' title='bbox 1327 657 1364 715; x_wconf 94' lang='lat' dir='ltr'><strong>ut</strong></span> <span class='ocrx_word' id='word_1_12' title='bbox 1385 652 1489 734; x_wconf 85' lang='lat' dir='ltr'>possit</span> <span class='ocrx_word' id='word_1_13' title='bbox 1511 652 1629 717; x_wconf 90' lang='lat' dir='ltr'><strong>habere</strong></span> <span class='ocrx_word' id='word_1_14' title='bbox 1654 653 1698 717; x_wconf 85' lang='lat' dir='ltr'><strong>al</strong></span> 
     </span>
     <span class='ocr_line' id='line_1_3' title="bbox 199 753 1699 837; baseline 0.003 -21"><span class='ocrx_word' id='word_1_15' title='bbox 199 758 263 816; x_wconf 89' lang='lat' dir='ltr'><strong>tare</strong></span> <span class='ocrx_word' id='word_1_16' title='bbox 286 753 447 834; x_wconf 77' lang='lat' dir='ltr'><strong>portatile,</strong></span> <span class='ocrx_word' id='word_1_17' title='bbox 480 753 597 834; x_wconf 89' lang='lat' dir='ltr'><strong>inquo</strong></span> <span class='ocrx_word' id='word_1_18' title='bbox 620 753 727 818; x_wconf 84' lang='lat' dir='ltr'><strong>ualeat</strong></span> <span class='ocrx_word' id='word_1_19' title='bbox 760 772 865 818; x_wconf 88' lang='lat' dir='ltr'><strong>coram</strong></span> <span class='ocrx_word' id='word_1_20' title='bbox 888 772 922 819; x_wconf 86' lang='lat' dir='ltr'><strong>se</strong></span> <span class='ocrx_word' id='word_1_21' title='bbox 946 760 981 818; x_wconf 89' lang='lat' dir='ltr'><strong>et</strong></span> <span class='ocrx_word' id='word_1_22' title='bbox 1003 753 1123 819; x_wconf 85' lang='lat' dir='ltr'><strong>familia</strong></span> <span class='ocrx_word' id='word_1_23' title='bbox 1157 773 1295 837; x_wconf 89' lang='lat' dir='ltr'><strong>suaper</strong></span> <span class='ocrx_word' id='word_1_24' title='bbox 1326 756 1489 837; x_wconf 91' lang='lat' dir='ltr'><strong>proprium</strong></span> <span class='ocrx_word' id='word_1_25' title='bbox 1519 757 1570 820; x_wconf 86' lang='lat' dir='ltr'><strong>vel</strong></span> <span class='ocrx_word' id='word_1_26' title='bbox 1602 757 1699 821; x_wconf 80' lang='lat' dir='ltr'><strong>adum</strong></span> 
     </span>
     <span class='ocr_line' id='line_1_4' title="bbox 198 845 1697 940; baseline 0.004 -22"><span class='ocrx_word' id='word_1_27' title='bbox 198 845 565 927; x_wconf 87' lang='lat' dir='ltr'><strong>idoneumsacerdotem</strong></span> <span class='ocrx_word' id='word_1_28' title='bbox 589 858 755 921; x_wconf 88' lang='lat' dir='ltr'><strong>missarum</strong></span> <span class='ocrx_word' id='word_1_29' title='bbox 790 857 978 940; x_wconf 80' lang='lat' dir='ltr'><strong>sollempnia</strong></span> <span class='ocrx_word' id='word_1_30' title='bbox 1012 865 1047 923; x_wconf 89' lang='lat' dir='ltr'><strong>et</strong></span> <span class='ocrx_word' id='word_1_31' title='bbox 1070 859 1133 923; x_wconf 87' lang='lat' dir='ltr'><strong>alia</strong></span> <span class='ocrx_word' id='word_1_32' title='bbox 1156 859 1264 924; x_wconf 87' lang='lat' dir='ltr'><strong>divina</strong></span> <span class='ocrx_word' id='word_1_33' title='bbox 1285 858 1389 923; x_wconf 86' lang='lat' dir='ltr'><strong>officia</strong></span> <span class='ocrx_word' id='word_1_34' title='bbox 1411 858 1515 924; x_wconf 86' lang='lat' dir='ltr'><strong>iacere</strong></span> <span class='ocrx_word' id='word_1_35' title='bbox 1540 860 1697 925; x_wconf 91' lang='lat' dir='ltr'><strong>celebrari</strong></span> 
     </span>
     <span class='ocr_line' id='line_1_5' title="bbox 198 959 780 1040; baseline 0.005 -18"><span class='ocrx_word' id='word_1_36' title='bbox 198 959 293 1023; x_wconf 88' lang='lat' dir='ltr'><strong>eciam</strong></span> <span class='ocrx_word' id='word_1_37' title='bbox 317 967 488 1040; x_wconf 87' lang='lat' dir='ltr'><strong>antequam</strong></span> <span class='ocrx_word' id='word_1_38' title='bbox 511 960 678 1025; x_wconf 79' lang='lat' dir='ltr'><strong>illucescat</strong></span> <span class='ocrx_word' id='word_1_39' title='bbox 701 962 780 1025; x_wconf 88' lang='lat' dir='ltr'><strong>dies.</strong></span> 
     </span>
    </p>

    <p class='ocr_par' dir='ltr' id='par_1_3' title="bbox 323 1063 454 1128">
     <span class='ocr_line' id='line_1_6' title="bbox 323 1063 454 1128; baseline -0.023 0"><span class='ocrx_word' id='word_1_40' title='bbox 323 1064 396 1128; x_wconf 87' lang='lat' dir='ltr'><strong>Fiat</strong></span> <span class='ocrx_word' id='word_1_41' title='bbox 419 1063 454 1128; x_wconf 90' lang='lat' dir='ltr'><strong>G.</strong></span> 
     </span>
    </p>

    <p class='ocr_par' dir='ltr' id='par_1_4' title="bbox 196 1167 1696 1558">
     <span class='ocr_line' id='line_1_7' title="bbox 324 1167 1696 1250; baseline 0.002 -19"><span class='ocrx_word' id='word_1_42' title='bbox 324 1167 405 1232; x_wconf 89' lang='lat' dir='ltr'><strong>Item</strong></span> <span class='ocrx_word' id='word_1_43' title='bbox 435 1169 602 1250; x_wconf 80' lang='lat' dir='ltr'><strong>supplicat,</strong></span> <span class='ocrx_word' id='word_1_44' title='bbox 627 1175 784 1249; x_wconf 87' lang='lat' dir='ltr'><strong>quatenus</strong></span> <span class='ocrx_word' id='word_1_45' title='bbox 808 1169 898 1235; x_wconf 84' lang='lat' dir='ltr'><strong>fratri</strong></span> <span class='ocrx_word' id='word_1_46' title='bbox 929 1170 1104 1235; x_wconf 85' lang='lat' dir='ltr'><strong>Tbeodrico</strong></span> <span class='ocrx_word' id='word_1_47' title='bbox 1129 1171 1167 1233; x_wconf 93' lang='lat' dir='ltr'><strong>de</strong></span> <span class='ocrx_word' id='word_1_48' title='bbox 1198 1170 1382 1234; x_wconf 92' lang='lat' dir='ltr'><strong>Nouadomo</strong></span> <span class='ocrx_word' id='word_1_49' title='bbox 1412 1170 1532 1235; x_wconf 86' lang='lat' dir='ltr'><strong>ordinis</strong></span> <span class='ocrx_word' id='word_1_50' title='bbox 1563 1170 1696 1234; x_wconf 88' lang='lat' dir='ltr'><strong>fratrum</strong></span> 
     </span>
     <span class='ocr_line' id='line_1_8' title="bbox 198 1269 1696 1356; baseline 0.003 -24"><span class='ocrx_word' id='word_1_51' title='bbox 198 1269 347 1334; x_wconf 89' lang='lat' dir='ltr'><strong>minorum</strong></span> <span class='ocrx_word' id='word_1_52' title='bbox 378 1272 552 1337; x_wconf 86' lang='lat' dir='ltr'><strong>concedere</strong></span> <span class='ocrx_word' id='word_1_53' title='bbox 576 1272 746 1354; x_wconf 82' lang='lat' dir='ltr'><strong>dignemini</strong></span> <span class='ocrx_word' id='word_1_54' title='bbox 771 1280 805 1338; x_wconf 87' lang='lat' dir='ltr'><strong>et</strong></span> <span class='ocrx_word' id='word_1_55' title='bbox 827 1274 1003 1356; x_wconf 85' lang='lat' dir='ltr'><strong>indulgere,</strong></span> <span class='ocrx_word' id='word_1_56' title='bbox 1035 1273 1212 1355; x_wconf 87' lang='lat' dir='ltr'><strong>quodcum</strong></span> <span class='ocrx_word' id='word_1_57' title='bbox 1236 1273 1308 1338; x_wconf 88' lang='lat' dir='ltr'><strong>aliis</strong></span> <span class='ocrx_word' id='word_1_58' title='bbox 1341 1291 1397 1337; x_wconf 85' lang='lat' dir='ltr'><strong>sex</strong></span> <span class='ocrx_word' id='word_1_59' title='bbox 1420 1273 1565 1355; x_wconf 90' lang='lat' dir='ltr'><strong>personis</strong></span> <span class='ocrx_word' id='word_1_60' title='bbox 1588 1273 1696 1355; x_wconf 81' lang='lat' dir='ltr'><strong>religi-</strong></span> 
     </span>
     <span class='ocr_line' id='line_1_9' title="bbox 197 1373 1696 1459; baseline 0.003 -24"><span class='ocrx_word' id='word_1_61' title='bbox 197 1373 256 1437; x_wconf 86' lang='lat' dir='ltr'><strong>osis</strong></span> <span class='ocrx_word' id='word_1_62' title='bbox 279 1381 336 1439; x_wconf 86' lang='lat' dir='ltr'><strong>aut</strong></span> <span class='ocrx_word' id='word_1_63' title='bbox 369 1376 567 1440; x_wconf 87' lang='lat' dir='ltr'><strong>secularibus</strong></span> <span class='ocrx_word' id='word_1_64' title='bbox 598 1395 693 1440; x_wconf 82' lang='lat' dir='ltr'><strong>eausa</strong></span> <span class='ocrx_word' id='word_1_65' title='bbox 727 1377 997 1459; x_wconf 84' lang='lat' dir='ltr'><strong>peregrinacionis</strong></span> <span class='ocrx_word' id='word_1_66' title='bbox 1032 1379 1212 1459; x_wconf 89' lang='lat' dir='ltr'><strong>sepulcrum</strong></span> <span class='ocrx_word' id='word_1_67' title='bbox 1246 1378 1435 1441; x_wconf 89' lang='lat' dir='ltr'><strong>dominicum</strong></span> <span class='ocrx_word' id='word_1_68' title='bbox 1469 1382 1504 1441; x_wconf 89' lang='lat' dir='ltr'><strong>et</strong></span> <span class='ocrx_word' id='word_1_69' title='bbox 1534 1377 1597 1440; x_wconf 87' lang='lat' dir='ltr'><strong>alia</strong></span> <span class='ocrx_word' id='word_1_70' title='bbox 1626 1377 1696 1441; x_wconf 87' lang='lat' dir='ltr'><strong>loca</strong></span> 
     </span>
     <span class='ocr_line' id='line_1_10' title="bbox 196 1476 942 1558; baseline 0.005 -19"><span class='ocrx_word' id='word_1_71' title='bbox 196 1476 396 1543; x_wconf 86' lang='lat' dir='ltr'><strong>ultramarina</strong></span> <span class='ocrx_word' id='word_1_72' title='bbox 420 1479 552 1543; x_wconf 75' lang='lat' dir='ltr'><strong>visitare</strong></span> <span class='ocrx_word' id='word_1_73' title='bbox 575 1480 696 1558; x_wconf 85' lang='lat' dir='ltr'><strong>ualeat;</strong></span> <span class='ocrx_word' id='word_1_74' title='bbox 721 1481 811 1544; x_wconf 92' lang='lat' dir='ltr'><strong>utin</strong></span> <span class='ocrx_word' id='word_1_75' title='bbox 834 1480 942 1545; x_wconf 80' lang='lat' dir='ltr'><strong>forma.</strong></span> 
     </span>
    </p>

    <p class='ocr_par' dir='ltr' id='par_1_5' title="bbox 320 1581 631 1647">
     <span class='ocr_line' id='line_1_11' title="bbox 320 1581 631 1647; baseline 0.003 -2"><span class='ocrx_word' id='word_1_76' title='bbox 320 1581 393 1646; x_wconf 84' lang='lat' dir='ltr'><strong>Fiat</strong></span> <span class='ocrx_word' id='word_1_77' title='bbox 415 1583 448 1646; x_wconf 94' lang='lat' dir='ltr'><strong>in</strong></span> <span class='ocrx_word' id='word_1_78' title='bbox 471 1582 572 1646; x_wconf 73' lang='lat' dir='ltr'><strong>fruma</strong></span> <span class='ocrx_word' id='word_1_79' title='bbox 595 1583 631 1647; x_wconf 90' lang='lat' dir='ltr'><strong>G.</strong></span> 
     </span>
    </p>

    <p class='ocr_par' dir='ltr' id='par_1_6' title="bbox 196 1686 1696 1874">
     <span class='ocr_line' id='line_1_12' title="bbox 319 1686 1696 1766; baseline 0.001 -16"><span class='ocrx_word' id='word_1_80' title='bbox 319 1686 362 1750; x_wconf 85' lang='lat' dir='ltr'><strong>Et</strong></span> <span class='ocrx_word' id='word_1_81' title='bbox 385 1686 468 1766; x_wconf 87' lang='lat' dir='ltr'><strong>quod</strong></span> <span class='ocrx_word' id='word_1_82' title='bbox 492 1693 636 1751; x_wconf 88' lang='lat' dir='ltr'><strong>transeat</strong></span> <span class='ocrx_word' id='word_1_83' title='bbox 659 1688 727 1752; x_wconf 88' lang='lat' dir='ltr'><strong>sine</strong></span> <span class='ocrx_word' id='word_1_84' title='bbox 751 1688 815 1752; x_wconf 86' lang='lat' dir='ltr'><strong>alia</strong></span> <span class='ocrx_word' id='word_1_85' title='bbox 838 1689 987 1752; x_wconf 86' lang='lat' dir='ltr'><strong>lecciona.</strong></span> <span class='ocrx_word' id='word_1_86' title='bbox 1013 1688 1085 1751; x_wconf 84' lang='lat' dir='ltr'><strong>Fiat</strong></span> <span class='ocrx_word' id='word_1_87' title='bbox 1107 1688 1144 1752; x_wconf 86' lang='lat' dir='ltr'><strong>G.</strong></span> <span class='ocrx_word' id='word_1_88' title='bbox 1166 1688 1203 1752; x_wconf 89' lang='lat' dir='ltr'><strong>D.</strong></span> <span class='ocrx_word' id='word_1_89' title='bbox 1228 1688 1385 1752; x_wconf 81' lang='lat' dir='ltr'><strong>Auiuione</strong></span> <span class='ocrx_word' id='word_1_90' title='bbox 1408 1688 1440 1752; x_wconf 91' lang='lat'><strong>11</strong></span> <span class='ocrx_word' id='word_1_91' title='bbox 1462 1688 1504 1752; x_wconf 93' lang='lat' dir='ltr'><strong>id.</strong></span> <span class='ocrx_word' id='word_1_92' title='bbox 1530 1687 1696 1752; x_wconf 86' lang='lat' dir='ltr'><strong>Februarii</strong></span> 
     </span>
     <span class='ocr_line' id='line_1_13' title="bbox 196 1786 450 1874; baseline 0.004 -24"><span class='ocrx_word' id='word_1_93' title='bbox 196 1786 231 1870; x_wconf 87' lang='lat' dir='ltr'><strong>[a.</strong></span> <span class='ocrx_word' id='word_1_94' title='bbox 256 1789 405 1874; x_wconf 89' lang='lat' dir='ltr'><strong>septimo]</strong></span> <span class='ocrx_word' id='word_1_95' title='bbox 429 1795 450 1869; x_wconf 73' lang='lat' dir='ltr'><strong>l.</strong></span> 
     </span>
    </p>
   </div>
   <div class='ocr_carea' id='block_1_3' title="bbox 193 1962 1693 2188">
    <p class='ocr_par' dir='ltr' id='par_1_7' title="bbox 193 1962 1693 2188">
     <span class='ocr_line' id='line_1_14' title="bbox 317 1962 1693 2032; baseline 0 -17"><span class='ocrx_word' id='word_1_96' title='bbox 317 1962 349 2016; x_wconf 90' lang='lat' dir='ltr'><strong>R.</strong></span> <span class='ocrx_word' id='word_1_97' title='bbox 378 1962 472 2031; x_wconf 83' lang='lat' dir='ltr'><strong>Suppl.</strong></span> <span class='ocrx_word' id='word_1_98' title='bbox 501 1968 534 2017; x_wconf 90' lang='grc'><strong>30</strong></span> <span class='ocrx_word' id='word_1_99' title='bbox 561 1963 609 2016; x_wconf 85' lang='lat' dir='ltr'><strong>sol.</strong></span> <span class='ocrx_word' id='word_1_100' title='bbox 633 1969 674 2016; x_wconf 79' lang='lat'><strong>33.</strong></span> <span class='ocrx_word' id='word_1_101' title='bbox 706 1994 731 2002; x_wconf 95' lang='lat'>-</span> <span class='ocrx_word' id='word_1_102' title='bbox 768 1970 792 2030; x_wconf 55' lang='grc' dir='ltr'><strong>ι1)</strong></span> <span class='ocrx_word' id='word_1_103' title='bbox 822 1963 945 2031; x_wconf 73' lang='lat' dir='ltr'><strong>Corripe:</strong></span> <span class='ocrx_word' id='word_1_104' title='bbox 976 1963 1164 2027; x_wconf 84' lang='lat' dir='ltr'><strong>‚Wenoeslao‘.</strong></span> <span class='ocrx_word' id='word_1_105' title='bbox 1196 1964 1222 2027; x_wconf 83' lang='lat' dir='ltr'><strong>b)</strong></span> <span class='ocrx_word' id='word_1_106' title='bbox 1242 1963 1404 2032; x_wconf 86' lang='lat' dir='ltr'><strong>Suppletum</strong></span> <span class='ocrx_word' id='word_1_107' title='bbox 1430 1979 1463 2016; x_wconf 84' lang='lat' dir='ltr'><strong>ex</strong></span> <span class='ocrx_word' id='word_1_108' title='bbox 1486 1963 1587 2017; x_wconf 86' lang='lat' dir='ltr'><strong>litteris</strong></span> <span class='ocrx_word' id='word_1_109' title='bbox 1610 1962 1693 2031; x_wconf 78' lang='lat' dir='ltr'><strong>grati-</strong></span> 
     </span>
     <span class='ocr_line' id='line_1_15' title="bbox 194 2047 1691 2119; baseline 0.001 -19"><span class='ocrx_word' id='word_1_110' title='bbox 194 2063 264 2101; x_wconf 87' lang='lat' dir='ltr'><strong>arnm</strong></span> <span class='ocrx_word' id='word_1_111' title='bbox 283 2047 334 2101; x_wconf 84' lang='lat' dir='ltr'><strong>sub</strong></span> <span class='ocrx_word' id='word_1_112' title='bbox 358 2048 479 2102; x_wconf 86' lang='lat' dir='ltr'><strong>numeris</strong></span> <span class='ocrx_word' id='word_1_113' title='bbox 498 2049 676 2116; x_wconf 80' lang='lat' dir='ltr'><strong>sequentibus</strong></span> <span class='ocrx_word' id='word_1_114' title='bbox 695 2049 785 2103; x_wconf 81' lang='lat' dir='ltr'><strong>editis.</strong></span> <span class='ocrx_word' id='word_1_115' title='bbox 804 2051 835 2102; x_wconf 93' lang='lat' dir='ltr'><strong>ln</strong></span> <span class='ocrx_word' id='word_1_116' title='bbox 855 2067 937 2118; x_wconf 81' lang='lat' dir='ltr'><strong>marg.</strong></span> <span class='ocrx_word' id='word_1_117' title='bbox 957 2048 1029 2102; x_wconf 86' lang='lat' dir='ltr'><strong>dext.</strong></span> <span class='ocrx_word' id='word_1_118' title='bbox 1054 2049 1217 2103; x_wconf 87' lang='lat' dir='ltr'><strong>adnotatur:</strong></span> <span class='ocrx_word' id='word_1_119' title='bbox 1233 2049 1324 2115; x_wconf 67' lang='lat' dir='ltr'><strong>,Nota</strong></span> <span class='ocrx_word' id='word_1_120' title='bbox 1343 2050 1417 2119; x_wconf 91' lang='lat' dir='ltr'><strong>quod</strong></span> <span class='ocrx_word' id='word_1_121' title='bbox 1435 2050 1464 2102; x_wconf 92' lang='lat' dir='ltr'><strong>in</strong></span> <span class='ocrx_word' id='word_1_122' title='bbox 1483 2048 1547 2102; x_wconf 83' lang='lat' dir='ltr'><strong>dato</strong></span> <span class='ocrx_word' id='word_1_123' title='bbox 1567 2057 1627 2102; x_wconf 86' lang='lat' dir='ltr'><strong>erat</strong></span> <span class='ocrx_word' id='word_1_124' title='bbox 1644 2048 1691 2102; x_wconf 88' lang='lat' dir='ltr'><strong>de·</strong></span> 
     </span>
     <span class='ocr_line' id='line_1_16' title="bbox 193 2133 304 2188; baseline 0.018 -3"><span class='ocrx_word' id='word_1_125' title='bbox 193 2133 304 2188; x_wconf 86' lang='lat' dir='ltr'><strong>lectum‘</strong></span> 
     </span>
    </p>
   </div>
   <div class='ocr_carea' id='block_1_4' title="bbox 172 2411 1691 3120">
    <p class='ocr_par' dir='ltr' id='par_1_8' title="bbox 172 2411 1691 3120">
     <span class='ocr_line' id='line_1_17' title="bbox 195 2411 1690 2497; baseline 0 -22"><span class='ocrx_word' id='word_1_126' title='bbox 195 2411 277 2478; x_wconf 81' lang='lat'><strong><em>881.</em></strong></span> <span class='ocrx_word' id='word_1_127' title='bbox 306 2411 458 2477; x_wconf 82' lang='lat' dir='ltr'><strong>Omnibus</strong></span> <span class='ocrx_word' id='word_1_128' title='bbox 480 2434 550 2477; x_wconf 87' lang='lat' dir='ltr'><strong>cere</strong></span> <span class='ocrx_word' id='word_1_129' title='bbox 568 2414 810 2496; x_wconf 85' lang='lat' dir='ltr'><strong>poenitentibus,</strong></span> <span class='ocrx_word' id='word_1_130' title='bbox 840 2416 895 2497; x_wconf 79' lang='lat' dir='ltr'><strong>qui</strong></span> <span class='ocrx_word' id='word_1_131' title='bbox 917 2414 1078 2479; x_wconf 86' lang='lat' dir='ltr'><strong>ecelesiam</strong></span> <span class='ocrx_word' id='word_1_132' title='bbox 1101 2413 1285 2477; x_wconf 89' lang='lat' dir='ltr'><strong>monasterii</strong></span> <span class='ocrx_word' id='word_1_133' title='bbox 1308 2411 1493 2476; x_wconf 80' lang='lat' dir='ltr'><strong>monialium</strong></span> <span class='ocrx_word' id='word_1_134' title='bbox 1516 2413 1637 2476; x_wconf 82' lang='lat' dir='ltr'><strong>ordinis</strong></span> <span class='ocrx_word' id='word_1_135' title='bbox 1660 2435 1690 2477; x_wconf 92' lang='lat' dir='ltr'><strong>s.</strong></span> 
     </span>
     <span class='ocr_line' id='line_1_18' title="bbox 194 2513 1689 2600; baseline -0.002 -16"><span class='ocrx_word' id='word_1_136' title='bbox 194 2513 305 2584; x_wconf 73' lang='lat' dir='ltr'><strong>tiarae</strong></span> <span class='ocrx_word' id='word_1_137' title='bbox 325 2517 361 2579; x_wconf 91' lang='lat' dir='ltr'><strong>in</strong></span> <span class='ocrx_word' id='word_1_138' title='bbox 382 2516 535 2579; x_wconf 86' lang='lat' dir='ltr'><strong>Krurnloa</strong></span> <span class='ocrx_word' id='word_1_139' title='bbox 565 2519 805 2598; x_wconf 80' lang='lat' dir='ltr'><strong>(Krummau)¹)</strong></span> <span class='ocrx_word' id='word_1_140' title='bbox 830 2519 862 2580; x_wconf 89' lang='lat' dir='ltr'><strong>in</strong></span> <span class='ocrx_word' id='word_1_141' title='bbox 885 2518 1075 2594; x_wconf 86' lang='lat' dir='ltr'><strong>nativitatis,</strong></span> <span class='ocrx_word' id='word_1_142' title='bbox 1099 2516 1352 2595; x_wconf 77' lang='lat' dir='ltr'><strong>circumcisionis,</strong></span> <span class='ocrx_word' id='word_1_143' title='bbox 1376 2516 1578 2600; x_wconf 75' lang='lat' dir='ltr'><strong>epiphaniae,</strong></span> <span class='ocrx_word' id='word_1_144' title='bbox 1602 2539 1689 2581; x_wconf 83' lang='lat' dir='ltr'><strong>resu</strong></span> 
     </span>
     <span class='ocr_line' id='line_1_19' title="bbox 187 2617 1691 2705; baseline 0.004 -26"><span class='ocrx_word' id='word_1_145' title='bbox 187 2621 340 2694; x_wconf 84' lang='lat' dir='ltr'><strong>rectionis,</strong></span> <span class='ocrx_word' id='word_1_146' title='bbox 365 2620 559 2685; x_wconf 76' lang='lat' dir='ltr'><strong>ascensionis</strong></span> <span class='ocrx_word' id='word_1_147' title='bbox 582 2621 710 2696; x_wconf 84' lang='lat' dir='ltr'><strong>domim,</strong></span> <span class='ocrx_word' id='word_1_148' title='bbox 735 2626 929 2705; x_wconf 79' lang='lat' dir='ltr'><strong>pentecostes</strong></span> <span class='ocrx_word' id='word_1_149' title='bbox 952 2643 988 2685; x_wconf 91' lang='lat' dir='ltr'><strong>ac</strong></span> <span class='ocrx_word' id='word_1_150' title='bbox 1018 2621 1155 2686; x_wconf 84' lang='lat' dir='ltr'><strong>eiusdem</strong></span> <span class='ocrx_word' id='word_1_151' title='bbox 1185 2621 1324 2703; x_wconf 85' lang='lat' dir='ltr'><strong>eorporis</strong></span> <span class='ocrx_word' id='word_1_152' title='bbox 1349 2617 1469 2684; x_wconf 76' lang='lat' dir='ltr'><strong>Christi</strong></span> <span class='ocrx_word' id='word_1_153' title='bbox 1498 2626 1528 2684; x_wconf 90' lang='lat' dir='ltr'><strong>et</strong></span> <span class='ocrx_word' id='word_1_154' title='bbox 1555 2625 1691 2704; x_wconf 84' lang='lat' dir='ltr'><strong>quatuor</strong></span> 
     </span>
     <span class='ocr_line' id='line_1_20' title="bbox 172 2723 1691 2806; baseline 0.002 -20"><span class='ocrx_word' id='word_1_155' title='bbox 172 2723 415 2803; x_wconf 67' lang='lat' dir='ltr'><strong>principalibus</strong></span> <span class='ocrx_word' id='word_1_156' title='bbox 448 2723 474 2787; x_wconf 91' lang='lat' dir='ltr'><strong>b.</strong></span> <span class='ocrx_word' id='word_1_157' title='bbox 497 2725 604 2790; x_wconf 88' lang='lat' dir='ltr'><strong>Marie</strong></span> <span class='ocrx_word' id='word_1_158' title='bbox 636 2725 770 2806; x_wconf 82' lang='lat' dir='ltr'><strong>eirpinis</strong></span> <span class='ocrx_word' id='word_1_159' title='bbox 793 2730 870 2789; x_wconf 89' lang='lat' dir='ltr'><strong>ets.</strong></span> <span class='ocrx_word' id='word_1_160' title='bbox 893 2724 1053 2792; x_wconf 84' lang='lat' dir='ltr'><strong>Jobannis</strong></span> <span class='ocrx_word' id='word_1_161' title='bbox 1075 2723 1301 2804; x_wconf 83' lang='lat' dir='ltr'><strong>Evanpelistae</strong></span> <span class='ocrx_word' id='word_1_162' title='bbox 1328 2724 1563 2805; x_wconf 82' lang='lat' dir='ltr'><strong>festivitatibus</strong></span> <span class='ocrx_word' id='word_1_163' title='bbox 1596 2729 1625 2787; x_wconf 93' lang='lat' dir='ltr'><strong>et</strong></span> <span class='ocrx_word' id='word_1_164' title='bbox 1654 2724 1691 2789; x_wconf 90' lang='lat' dir='ltr'><strong>in</strong></span> 
     </span>
     <span class='ocr_line' id='line_1_21' title="bbox 182 2823 1690 2908; baseline 0.001 -18"><span class='ocrx_word' id='word_1_165' title='bbox 182 2827 321 2891; x_wconf 78' lang='lat' dir='ltr'><strong>emnium</strong></span> <span class='ocrx_word' id='word_1_166' title='bbox 344 2832 525 2892; x_wconf 78' lang='lat' dir='ltr'><strong>sanctornm</strong></span> <span class='ocrx_word' id='word_1_167' title='bbox 547 2827 724 2893; x_wconf 82' lang='lat' dir='ltr'><strong>celebritate</strong></span> <span class='ocrx_word' id='word_1_168' title='bbox 746 2850 785 2893; x_wconf 90' lang='lat' dir='ltr'><strong>ae</strong></span> <span class='ocrx_word' id='word_1_169' title='bbox 807 2830 842 2892; x_wconf 91' lang='lat' dir='ltr'><strong>in</strong></span> <span class='ocrx_word' id='word_1_170' title='bbox 864 2828 1071 2893; x_wconf 82' lang='lat' dir='ltr'><strong>dedicationis</strong></span> <span class='ocrx_word' id='word_1_171' title='bbox 1086 2823 1188 2908; x_wconf 84' lang='lat' dir='ltr'><strong>ipsius</strong></span> <span class='ocrx_word' id='word_1_172' title='bbox 1208 2825 1355 2892; x_wconf 84' lang='lat' dir='ltr'><strong>ecelesiae</strong></span> <span class='ocrx_word' id='word_1_173' title='bbox 1377 2827 1428 2891; x_wconf 86' lang='lat' dir='ltr'><strong>die</strong></span> <span class='ocrx_word' id='word_1_174' title='bbox 1450 2826 1556 2892; x_wconf 72' lang='lat' dir='ltr'><strong>deame</strong></span> <span class='ocrx_word' id='word_1_175' title='bbox 1577 2827 1690 2892; x_wconf 86' lang='lat' dir='ltr'><strong>visita-</strong></span> 
     </span>
     <span class='ocr_line' id='line_1_22' title="bbox 185 2930 1689 3017; baseline 0.002 -25"><span class='ocrx_word' id='word_1_176' title='bbox 185 2930 287 2995; x_wconf 73' lang='lat' dir='ltr'><strong>rerint</strong></span> <span class='ocrx_word' id='word_1_177' title='bbox 309 2933 488 3011; x_wconf 81' lang='lat' dir='ltr'><strong>annuatim,</strong></span> <span class='ocrx_word' id='word_1_178' title='bbox 521 2954 602 2997; x_wconf 88' lang='lat' dir='ltr'><strong>unus</strong></span> <span class='ocrx_word' id='word_1_179' title='bbox 626 2953 729 2998; x_wconf 86' lang='lat' dir='ltr'><strong>annus</strong></span> <span class='ocrx_word' id='word_1_180' title='bbox 758 2938 787 2996; x_wconf 90' lang='lat' dir='ltr'><strong>et</strong></span> <span class='ocrx_word' id='word_1_181' title='bbox 817 2933 1034 3017; x_wconf 82' lang='lat' dir='ltr'><strong>quadrapinta</strong></span> <span class='ocrx_word' id='word_1_182' title='bbox 1068 2932 1136 2996; x_wconf 83' lang='lat' dir='ltr'><strong>dies</strong></span> <span class='ocrx_word' id='word_1_183' title='bbox 1166 2931 1204 2995; x_wconf 83' lang='lat' dir='ltr'><strong>de</strong></span> <span class='ocrx_word' id='word_1_184' title='bbox 1225 2930 1376 2995; x_wconf 87' lang='lat' dir='ltr'><strong>iniunctis</strong></span> <span class='ocrx_word' id='word_1_185' title='bbox 1409 2930 1454 2994; x_wconf 90' lang='lat' dir='ltr'><strong>eis</strong></span> <span class='ocrx_word' id='word_1_186' title='bbox 1482 2931 1689 3016; x_wconf 86' lang='lat' dir='ltr'><strong>poenitentiis</strong></span> 
     </span>
     <span class='ocr_line' id='line_1_23' title="bbox 176 3033 1684 3120; baseline 0 -23"><span class='ocrx_word' id='word_1_187' title='bbox 176 3034 379 3099; x_wconf 60' lang='lat' dir='ltr'><strong>adunantur.</strong></span> <span class='ocrx_word' id='word_1_188' title='bbox 417 3035 590 3120; x_wconf 78' lang='lat' dir='ltr'><strong>„Splendor</strong></span> <span class='ocrx_word' id='word_1_189' title='bbox 617 3041 750 3119; x_wconf 89' lang='lat' dir='ltr'><strong>paterne</strong></span> <span class='ocrx_word' id='word_1_190' title='bbox 776 3035 895 3117; x_wconf 84' lang='lat' dir='ltr'><strong>plorie“</strong></span> <span class='ocrx_word' id='word_1_191' title='bbox 938 3034 1112 3115; x_wconf 84' lang='lat' dir='ltr'><strong>„Aninione</strong></span> <span class='ocrx_word' id='word_1_192' title='bbox 1133 3035 1171 3099; x_wconf 88' lang='lat' dir='ltr'><strong>II</strong></span> <span class='ocrx_word' id='word_1_193' title='bbox 1189 3034 1234 3100; x_wconf 85' lang='lat' dir='ltr'><strong>id.</strong></span> <span class='ocrx_word' id='word_1_194' title='bbox 1266 3033 1435 3098; x_wconf 78' lang='lat' dir='ltr'><strong>Februarii</strong></span> <span class='ocrx_word' id='word_1_195' title='bbox 1464 3055 1493 3100; x_wconf 87' lang='lat' dir='ltr'><strong>a.</strong></span> <span class='ocrx_word' id='word_1_196' title='bbox 1524 3036 1684 3116; x_wconf 85' lang='lat' dir='ltr'><strong>septimo.“</strong></span> 
     </span>
    </p>
   </div>
   <div class='ocr_carea' id='block_1_5' title="bbox 252 3171 1643 3294">
    <p class='ocr_par' dir='ltr' id='par_1_9' title="bbox 252 3171 1643 3294">
     <span class='ocr_line' id='line_1_24' title="bbox 252 3171 1643 3294; baseline 0.001 -58"><span class='ocrx_word' id='word_1_197' title='bbox 252 3210 285 3294; x_wconf 56' lang='grc' dir='ltr'><em>Ξ</em></span> <span class='ocrx_word' id='word_1_198' title='bbox 1119 3172 1282 3254; x_wconf 82' lang='lat' dir='ltr'><strong>Aninione,</strong></span> <span class='ocrx_word' id='word_1_199' title='bbox 1310 3172 1392 3236; x_wconf 82' lang='lat'><em>1359</em></span> <span class='ocrx_word' id='word_1_200' title='bbox 1415 3171 1569 3236; x_wconf 87' lang='lat' dir='ltr'><strong>Februarr&#39;</strong></span> <span class='ocrx_word' id='word_1_201' title='bbox 1590 3177 1643 3238; x_wconf 84' lang='lat'><strong>12.</strong></span> 
     </span>
    </p>
   </div>
   <div class='ocr_carea' id='block_1_6' title="bbox 163 3361 1688 3602">
    <p class='ocr_par' dir='ltr' id='par_1_10' title="bbox 163 3361 1688 3602">
     <span class='ocr_line' id='line_1_25' title="bbox 310 3361 1688 3432; baseline -0.001 -17"><span class='ocrx_word' id='word_1_202' title='bbox 310 3362 412 3415; x_wconf 59' lang='lat' dir='ltr'><strong>nur.</strong></span> <span class='ocrx_word' id='word_1_203' title='bbox 434 3363 540 3416; x_wconf 73' lang='lat' dir='ltr'><strong>141s01</strong></span> <span class='ocrx_word' id='word_1_204' title='bbox 567 3368 636 3416; x_wconf 64' lang='lat'><strong>6172</strong></span> <span class='ocrx_word' id='word_1_205' title='bbox 656 3395 687 3402; x_wconf 82' lang='lat'>-</span> <span class='ocrx_word' id='word_1_206' title='bbox 707 3364 757 3416; x_wconf 89' lang='lat' dir='ltr'><strong>Ed.</strong></span> <span class='ocrx_word' id='word_1_207' title='bbox 784 3364 858 3432; x_wconf 86' lang='lat' dir='ltr'><strong>apud</strong></span> <span class='ocrx_word' id='word_1_208' title='bbox 880 3364 1031 3427; x_wconf 84' lang='lat' dir='ltr'><strong>Klimesch,</strong></span> <span class='ocrx_word' id='word_1_209' title='bbox 1058 3363 1220 3418; x_wconf 77' lang='lat' dir='ltr'><strong>Urlrunden·</strong></span> <span class='ocrx_word' id='word_1_210' title='bbox 1246 3362 1301 3415; x_wconf 93' lang='lat' dir='ltr'><strong>und</strong></span> <span class='ocrx_word' id='word_1_211' title='bbox 1326 3361 1535 3429; x_wconf 81' lang='lat' dir='ltr'><strong>Regestenbuch</strong></span> <span class='ocrx_word' id='word_1_212' title='bbox 1560 3361 1607 3414; x_wconf 90' lang='lat' dir='ltr'><strong>des</strong></span> <span class='ocrx_word' id='word_1_213' title='bbox 1626 3361 1688 3414; x_wconf 77' lang='lat' dir='ltr'><strong>ehe</strong></span> 
     </span>
     <span class='ocr_line' id='line_1_26' title="bbox 165 3447 1687 3519; baseline 0.003 -22"><span class='ocrx_word' id='word_1_214' title='bbox 165 3447 298 3517; x_wconf 70' lang='lat' dir='ltr'><strong>radigen</strong></span> <span class='ocrx_word' id='word_1_215' title='bbox 318 3449 612 3504; x_wconf 82' lang='lat' dir='ltr'><strong>Klarissineulrloaters</strong></span> <span class='ocrx_word' id='word_1_216' title='bbox 632 3450 660 3502; x_wconf 93' lang='lat' dir='ltr'><strong>in</strong></span> <span class='ocrx_word' id='word_1_217' title='bbox 679 3451 829 3504; x_wconf 86' lang='lat' dir='ltr'><strong>Krummau</strong></span> <span class='ocrx_word' id='word_1_218' title='bbox 848 3466 909 3519; x_wconf 81' lang='lat' dir='ltr'><strong>pag.</strong></span> <span class='ocrx_word' id='word_1_219' title='bbox 920 3457 953 3502; x_wconf 73' lang='lat'><strong>42</strong></span> <span class='ocrx_word' id='word_1_220' title='bbox 964 3465 998 3502; x_wconf 85' lang='lat' dir='ltr'><strong>ex</strong></span> <span class='ocrx_word' id='word_1_221' title='bbox 1009 3450 1088 3518; x_wconf 87' lang='lat' dir='ltr'><strong>copia</strong></span> <span class='ocrx_word' id='word_1_222' title='bbox 1108 3450 1199 3514; x_wconf 83' lang='lat' dir='ltr'><strong>,Libri</strong></span> <span class='ocrx_word' id='word_1_223' title='bbox 1219 3447 1386 3517; x_wconf 76' lang='lat' dir='ltr'><strong>magistralis</strong></span> <span class='ocrx_word' id='word_1_224' title='bbox 1405 3455 1554 3500; x_wconf 77' lang='lat' dir='ltr'><strong>conventus</strong></span> <span class='ocrx_word' id='word_1_225' title='bbox 1574 3448 1687 3501; x_wconf 85' lang='lat' dir='ltr'><strong>Boemo-</strong></span> 
     </span>
     <span class='ocr_line' id='line_1_27' title="bbox 163 3533 1061 3602; baseline 0.003 -17"><span class='ocrx_word' id='word_1_226' title='bbox 163 3533 395 3590; x_wconf 69' lang='lat' dir='ltr'><strong>Crumloviensis</strong></span> <span class='ocrx_word' id='word_1_227' title='bbox 415 3536 529 3588; x_wconf 86' lang='lat' dir='ltr'><strong>fratrum</strong></span> <span class='ocrx_word' id='word_1_228' title='bbox 549 3536 710 3590; x_wconf 65' lang='lat' dir='ltr'><strong>Minorunr.</strong></span> <span class='ocrx_word' id='word_1_229' title='bbox 731 3568 763 3576; x_wconf 96' lang='lat'><strong>—</strong></span> <span class='ocrx_word' id='word_1_230' title='bbox 796 3541 821 3602; x_wconf 56' lang='grc' dir='ltr'><strong>ἃ)</strong></span> <span class='ocrx_word' id='word_1_231' title='bbox 841 3537 992 3597; x_wconf 79' lang='lat' dir='ltr'><strong>,Crnmlaw‘</strong></span> <span class='ocrx_word' id='word_1_232' title='bbox 1012 3540 1061 3589; x_wconf 77' lang='lat' dir='ltr'><strong>Aa.</strong></span> 
     </span>
    </p>
   </div>
   <div class='ocr_carea' id='block_1_7' title="bbox 131 3809 1685 4207">
    <p class='ocr_par' dir='ltr' id='par_1_11' title="bbox 156 3809 1685 3898">
     <span class='ocr_line' id='line_1_28' title="bbox 156 3809 1685 3898; baseline 0.001 -25"><span class='ocrx_word' id='word_1_233' title='bbox 156 3809 270 3877; x_wconf 67' lang='grc'><strong>«882.</strong></span> <span class='ocrx_word' id='word_1_234' title='bbox 306 3815 403 3877; x_wconf 85' lang='lat' dir='ltr'><strong>Petro</strong></span> <span class='ocrx_word' id='word_1_235' title='bbox 425 3819 500 3878; x_wconf 91' lang='lat' dir='ltr'><strong>nato</strong></span> <span class='ocrx_word' id='word_1_236' title='bbox 533 3815 690 3898; x_wconf 81' lang='lat' dir='ltr'><strong>quondam</strong></span> <span class='ocrx_word' id='word_1_237' title='bbox 720 3816 811 3878; x_wconf 88' lang='lat' dir='ltr'><strong>Petri</strong></span> <span class='ocrx_word' id='word_1_238' title='bbox 840 3814 878 3878; x_wconf 82' lang='lat' dir='ltr'><strong>de</strong></span> <span class='ocrx_word' id='word_1_239' title='bbox 908 3815 1118 3895; x_wconf 80' lang='lat' dir='ltr'><strong>Rosenberp·)</strong></span> <span class='ocrx_word' id='word_1_240' title='bbox 1150 3812 1335 3896; x_wconf 91' lang='lat' dir='ltr'><strong>praeposito</strong></span> <span class='ocrx_word' id='word_1_241' title='bbox 1357 3812 1504 3879; x_wconf 80' lang='lat' dir='ltr'><strong>ecelesiae</strong></span> <span class='ocrx_word' id='word_1_242' title='bbox 1536 3810 1685 3876; x_wconf 88' lang='lat' dir='ltr'><strong>Omnium</strong></span> 
     </span>
    </p>

    <p class='ocr_par' dir='ltr' id='par_1_12' title="bbox 149 3913 1685 4001">
     <span class='ocr_line' id='line_1_29' title="bbox 149 3913 1685 4001; baseline 0.001 -24"><span class='ocrx_word' id='word_1_243' title='bbox 149 3913 368 3982; x_wconf 54' lang='lat' dir='ltr'><strong>Sannorum</strong></span> <span class='ocrx_word' id='word_1_244' title='bbox 401 3918 436 3981; x_wconf 87' lang='lat' dir='ltr'><strong>in</strong></span> <span class='ocrx_word' id='word_1_245' title='bbox 458 3923 561 3982; x_wconf 83' lang='lat' dir='ltr'><strong>castro</strong></span> <span class='ocrx_word' id='word_1_246' title='bbox 585 3919 740 4000; x_wconf 82' lang='lat' dir='ltr'><strong>Propensi</strong></span> <span class='ocrx_word' id='word_1_247' title='bbox 772 3917 962 4001; x_wconf 77' lang='lat' dir='ltr'><strong>indulpetur‚</strong></span> <span class='ocrx_word' id='word_1_248' title='bbox 996 3922 1033 3980; x_wconf 91' lang='lat' dir='ltr'><strong>ut</strong></span> <span class='ocrx_word' id='word_1_249' title='bbox 1060 3922 1221 3997; x_wconf 88' lang='lat' dir='ltr'><strong>confessor</strong></span> <span class='ocrx_word' id='word_1_250' title='bbox 1255 3916 1322 3980; x_wconf 88' lang='lat' dir='ltr'><strong>eius</strong></span> <span class='ocrx_word' id='word_1_251' title='bbox 1352 3917 1386 3981; x_wconf 90' lang='lat' dir='ltr'><strong>in</strong></span> <span class='ocrx_word' id='word_1_252' title='bbox 1408 3915 1518 3980; x_wconf 90' lang='lat' dir='ltr'><strong>mortis</strong></span> <span class='ocrx_word' id='word_1_253' title='bbox 1549 3913 1685 3978; x_wconf 85' lang='lat' dir='ltr'><strong>articulo</strong></span> 
     </span>
    </p>

    <p class='ocr_par' dir='ltr' id='par_1_13' title="bbox 131 4016 1684 4207">
     <span class='ocr_line' id='line_1_30' title="bbox 131 4016 1684 4103; baseline -0.002 -19"><span class='ocrx_word' id='word_1_254' title='bbox 131 4016 304 4091; x_wconf 59' lang='lat' dir='ltr'><strong>mimam</strong></span> <span class='ocrx_word' id='word_1_255' title='bbox 326 4022 464 4085; x_wconf 88' lang='lat' dir='ltr'><strong>amnium</strong></span> <span class='ocrx_word' id='word_1_256' title='bbox 491 4026 691 4103; x_wconf 90' lang='lat' dir='ltr'><strong>peecatorum</strong></span> <span class='ocrx_word' id='word_1_257' title='bbox 714 4022 926 4086; x_wconf 83' lang='lat' dir='ltr'><strong>remissionem</strong></span> <span class='ocrx_word' id='word_1_258' title='bbox 948 4023 976 4086; x_wconf 91' lang='lat' dir='ltr'><strong>ei</strong></span> <span class='ocrx_word' id='word_1_259' title='bbox 999 4021 1163 4086; x_wconf 80' lang='lat' dir='ltr'><strong>concedere</strong></span> <span class='ocrx_word' id='word_1_260' title='bbox 1187 4021 1301 4103; x_wconf 85' lang='lat' dir='ltr'><strong>possit.</strong></span> <span class='ocrx_word' id='word_1_261' title='bbox 1329 4021 1514 4101; x_wconf 86' lang='lat' dir='ltr'><strong>,Provenit“</strong></span> <span class='ocrx_word' id='word_1_262' title='bbox 1550 4018 1684 4100; x_wconf 85' lang='lat' dir='ltr'><strong>„Anini-</strong></span> 
     </span>
     <span class='ocr_line' id='line_1_31' title="bbox 626 4114 1232 4207; baseline -0.002 -20"><span class='ocrx_word' id='word_1_263' title='bbox 626 4145 682 4189; x_wconf 93' lang='lat' dir='ltr'><strong>one</strong></span> <span class='ocrx_word' id='word_1_264' title='bbox 706 4128 743 4190; x_wconf 88' lang='lat' dir='ltr'><strong>ll</strong></span> <span class='ocrx_word' id='word_1_265' title='bbox 762 4126 806 4193; x_wconf 84' lang='lat' dir='ltr'><strong>id.</strong></span> <span class='ocrx_word' id='word_1_266' title='bbox 830 4125 998 4190; x_wconf 84' lang='lat' dir='ltr'><strong>Februarii</strong></span> <span class='ocrx_word' id='word_1_267' title='bbox 1019 4148 1050 4191; x_wconf 89' lang='lat' dir='ltr'><strong>a.</strong></span> <span class='ocrx_word' id='word_1_268' title='bbox 1072 4114 1232 4207; x_wconf 65' lang='lat' dir='ltr'><strong>spernor*</strong></span> 
     </span>
    </p>
   </div>
   <div class='ocr_carea' id='block_1_8' title="bbox 1096 4262 1633 4339">
    <p class='ocr_par' dir='ltr' id='par_1_14' title="bbox 1096 4262 1633 4339">
     <span class='ocr_line' id='line_1_32' title="bbox 1096 4262 1633 4339; baseline -0.004 -13"><span class='ocrx_word' id='word_1_269' title='bbox 1096 4262 1258 4339; x_wconf 80' lang='lat' dir='ltr'><strong>Avirrione,</strong></span> <span class='ocrx_word' id='word_1_270' title='bbox 1286 4262 1370 4325; x_wconf 77' lang='lat'><em>1359</em></span> <span class='ocrx_word' id='word_1_271' title='bbox 1393 4262 1561 4326; x_wconf 87' lang='lat' dir='ltr'><strong>Februarii</strong></span> <span class='ocrx_word' id='word_1_272' title='bbox 1583 4264 1633 4324; x_wconf 84' lang='lat'><strong>12.</strong></span> 
     </span>
    </p>
   </div>
   <div class='ocr_carea' id='block_1_9' title="bbox 305 4416 1011 4486">
    <p class='ocr_par' dir='ltr' id='par_1_15' title="bbox 305 4416 1011 4486">
     <span class='ocr_line' id='line_1_33' title="bbox 305 4416 1011 4486; baseline -0.003 -15"><span class='ocrx_word' id='word_1_273' title='bbox 305 4416 337 4471; x_wconf 78' lang='lat' dir='ltr'><strong>n</strong></span> <span class='ocrx_word' id='word_1_274' title='bbox 358 4422 408 4472; x_wconf 81' lang='lat' dir='ltr'><strong>Av.</strong></span> <span class='ocrx_word' id='word_1_275' title='bbox 429 4426 475 4472; x_wconf 76' lang='lat'><strong>141</strong></span> <span class='ocrx_word' id='word_1_276' title='bbox 505 4418 552 4473; x_wconf 87' lang='lat' dir='ltr'><strong>fol.</strong></span> <span class='ocrx_word' id='word_1_277' title='bbox 572 4424 630 4471; x_wconf 75' lang='lat'><strong>544.</strong></span> <span class='ocrx_word' id='word_1_278' title='bbox 653 4447 683 4456; x_wconf 91' lang='lat'><em>-</em></span> <span class='ocrx_word' id='word_1_279' title='bbox 716 4427 741 4480; x_wconf 64' lang='grc'><strong>8)</strong></span> <span class='ocrx_word' id='word_1_280' title='bbox 759 4417 943 4486; x_wconf 85' lang='lat' dir='ltr'><strong>,Rosemberg‘</strong></span> <span class='ocrx_word' id='word_1_281' title='bbox 962 4421 1011 4471; x_wconf 81' lang='lat' dir='ltr'><strong>Ar.</strong></span> 
     </span>
    </p>
   </div>
   <div class='ocr_carea' id='block_1_10' title="bbox 156 4688 1683 5088">
    <p class='ocr_par' dir='ltr' id='par_1_16' title="bbox 156 4688 1683 4778">
     <span class='ocr_line' id='line_1_34' title="bbox 156 4688 1683 4778; baseline -0.006 -17"><span class='ocrx_word' id='word_1_282' title='bbox 156 4688 266 4760; x_wconf 62' lang='grc'><em>883.</em></span> <span class='ocrx_word' id='word_1_283' title='bbox 295 4694 405 4760; x_wconf 88' lang='lat' dir='ltr'><strong>Utrieo</strong></span> <span class='ocrx_word' id='word_1_284' title='bbox 421 4701 496 4761; x_wconf 92' lang='lat' dir='ltr'><strong>nato</strong></span> <span class='ocrx_word' id='word_1_285' title='bbox 516 4697 675 4778; x_wconf 78' lang='lat' dir='ltr'><strong>qnondam</strong></span> <span class='ocrx_word' id='word_1_286' title='bbox 698 4697 788 4759; x_wconf 86' lang='lat' dir='ltr'><strong>Petri</strong></span> <span class='ocrx_word' id='word_1_287' title='bbox 809 4697 848 4760; x_wconf 84' lang='lat' dir='ltr'><strong>de</strong></span> <span class='ocrx_word' id='word_1_288' title='bbox 872 4696 1087 4775; x_wconf 76' lang='lat' dir='ltr'><strong>Rosenberp⁸)</strong></span> <span class='ocrx_word' id='word_1_289' title='bbox 1110 4695 1206 4759; x_wconf 85' lang='lat' dir='ltr'><strong>militi</strong></span> <span class='ocrx_word' id='word_1_290' title='bbox 1227 4690 1477 4772; x_wconf 66' lang='lat' dir='ltr'><strong>ordinaretur)</strong></span> <span class='ocrx_word' id='word_1_291' title='bbox 1500 4692 1567 4754; x_wconf 70' lang='lat' dir='ltr'><strong>mus</strong></span> <span class='ocrx_word' id='word_1_292' title='bbox 1589 4690 1683 4754; x_wconf 74' lang='lat' dir='ltr'><strong>uxori</strong></span> 
     </span>
    </p>

    <p class='ocr_par' dir='ltr' id='par_1_17' title="bbox 165 4789 1681 4882">
     <span class='ocr_line' id='line_1_35' title="bbox 165 4789 1681 4882; baseline -0.006 -17"><span class='ocrx_word' id='word_1_293' title='bbox 165 4789 349 4882; x_wconf 74' lang='lat' dir='ltr'><strong>Propensis</strong></span> <span class='ocrx_word' id='word_1_294' title='bbox 371 4799 448 4864; x_wconf 80' lang='lat' dir='ltr'><strong>dieo.</strong></span> <span class='ocrx_word' id='word_1_295' title='bbox 474 4799 663 4881; x_wconf 82' lang='lat' dir='ltr'><strong>indulpetur,</strong></span> <span class='ocrx_word' id='word_1_296' title='bbox 686 4805 722 4863; x_wconf 87' lang='lat' dir='ltr'><strong>nt</strong></span> <span class='ocrx_word' id='word_1_297' title='bbox 744 4804 904 4880; x_wconf 85' lang='lat' dir='ltr'><strong>confessor</strong></span> <span class='ocrx_word' id='word_1_298' title='bbox 925 4819 1030 4863; x_wconf 90' lang='lat' dir='ltr'><strong>eorum</strong></span> <span class='ocrx_word' id='word_1_299' title='bbox 1053 4799 1088 4861; x_wconf 90' lang='lat' dir='ltr'><strong>in</strong></span> <span class='ocrx_word' id='word_1_300' title='bbox 1102 4799 1213 4861; x_wconf 87' lang='lat' dir='ltr'><strong>mortis</strong></span> <span class='ocrx_word' id='word_1_301' title='bbox 1235 4795 1371 4862; x_wconf 82' lang='lat' dir='ltr'><strong>articulo</strong></span> <span class='ocrx_word' id='word_1_302' title='bbox 1388 4795 1519 4877; x_wconf 90' lang='lat' dir='ltr'><strong>plenam</strong></span> <span class='ocrx_word' id='word_1_303' title='bbox 1541 4795 1681 4858; x_wconf 87' lang='lat' dir='ltr'><strong>omnium</strong></span> 
     </span>
    </p>

    <p class='ocr_par' dir='ltr' id='par_1_18' title="bbox 162 4896 1679 5088">
     <span class='ocr_line' id='line_1_36' title="bbox 162 4896 1679 4989; baseline -0.005 -24"><span class='ocrx_word' id='word_1_304' title='bbox 162 4909 374 4973; x_wconf 69' lang='lat' dir='ltr'><strong>perunum</strong></span> <span class='ocrx_word' id='word_1_305' title='bbox 395 4904 610 4989; x_wconf 85' lang='lat' dir='ltr'><strong>remissionem</strong></span> <span class='ocrx_word' id='word_1_306' title='bbox 633 4905 679 4968; x_wconf 88' lang='lat' dir='ltr'><strong>eis</strong></span> <span class='ocrx_word' id='word_1_307' title='bbox 701 4903 862 4968; x_wconf 86' lang='lat' dir='ltr'><strong>concedere</strong></span> <span class='ocrx_word' id='word_1_308' title='bbox 879 4902 992 4986; x_wconf 91' lang='lat' dir='ltr'><strong>possit.</strong></span> <span class='ocrx_word' id='word_1_309' title='bbox 1020 4902 1206 4982; x_wconf 85' lang='lat' dir='ltr'><strong>„Procerrit“</strong></span> <span class='ocrx_word' id='word_1_310' title='bbox 1234 4899 1409 4982; x_wconf 86' lang='lat' dir='ltr'><strong>„Aninione</strong></span> <span class='ocrx_word' id='word_1_311' title='bbox 1431 4899 1470 4962; x_wconf 88' lang='lat' dir='ltr'><strong>II</strong></span> <span class='ocrx_word' id='word_1_312' title='bbox 1487 4898 1545 4961; x_wconf 51' lang='lat' dir='ltr'><strong>ie&lt;</strong></span> <span class='ocrx_word' id='word_1_313' title='bbox 1564 4896 1679 4961; x_wconf 84' lang='lat' dir='ltr'><strong>Febru-</strong></span> 
     </span>
     <span class='ocr_line' id='line_1_37' title="bbox 773 5007 1080 5088; baseline -0.01 -18"><span class='ocrx_word' id='word_1_314' title='bbox 773 5007 839 5071; x_wconf 86' lang='lat' dir='ltr'><strong>arii</strong></span> <span class='ocrx_word' id='word_1_315' title='bbox 863 5028 892 5071; x_wconf 89' lang='lat' dir='ltr'><strong>a.</strong></span> <span class='ocrx_word' id='word_1_316' title='bbox 916 5008 1080 5088; x_wconf 84' lang='lat' dir='ltr'><strong>septimo.“</strong></span> 
     </span>
    </p>
   </div>
   <div class='ocr_carea' id='block_1_11' title="bbox 1097 5139 1632 5223">
    <p class='ocr_par' dir='ltr' id='par_1_19' title="bbox 1097 5139 1632 5223">
     <span class='ocr_line' id='line_1_38' title="bbox 1097 5139 1632 5223; baseline -0.007 -18"><span class='ocrx_word' id='word_1_317' title='bbox 1097 5141 1259 5223; x_wconf 85' lang='lat' dir='ltr'><strong>Avinione,</strong></span> <span class='ocrx_word' id='word_1_318' title='bbox 1282 5141 1368 5206; x_wconf 83' lang='lat'><em>1359</em></span> <span class='ocrx_word' id='word_1_319' title='bbox 1391 5139 1559 5205; x_wconf 84' lang='lat' dir='ltr'><strong>Februarii</strong></span> <span class='ocrx_word' id='word_1_320' title='bbox 1580 5140 1632 5202; x_wconf 84' lang='lat'><strong>12.</strong></span> 
     </span>
    </p>
   </div>
   <div class='ocr_carea' id='block_1_12' title="bbox 227 5311 1276 5402">
    <p class='ocr_par' dir='ltr' id='par_1_20' title="bbox 227 5311 1276 5402">
     <span class='ocr_line' id='line_1_39' title="bbox 227 5311 1276 5402; baseline -0.007 -12"><span class='ocrx_word' id='word_1_321' title='bbox 227 5311 231 5319; x_wconf 39' lang='grc'><strong>’</strong></span> <span class='ocrx_word' id='word_1_322' title='bbox 287 5316 332 5389; x_wconf 57' lang='lat' dir='ltr'><strong>,R</strong></span> <span class='ocrx_word' id='word_1_323' title='bbox 353 5327 465 5389; x_wconf 53' lang='lat' dir='ltr'><strong>Atqui</strong></span> <span class='ocrx_word' id='word_1_324' title='bbox 499 5333 546 5388; x_wconf 83' lang='lat' dir='ltr'><strong>iol.</strong></span> <span class='ocrx_word' id='word_1_325' title='bbox 568 5340 626 5388; x_wconf 74' lang='lat' dir='ltr'><strong>sil.</strong></span> <span class='ocrx_word' id='word_1_326' title='bbox 649 5365 674 5373; x_wconf 97' lang='lat'>-</span> <span class='ocrx_word' id='word_1_327' title='bbox 711 5341 736 5401; x_wconf 63' lang='grc' dir='ltr'><strong>ι)</strong></span> <span class='ocrx_word' id='word_1_328' title='bbox 756 5332 939 5402; x_wconf 76' lang='lat' dir='ltr'><strong>‚Rosemberg‘</strong></span> <span class='ocrx_word' id='word_1_329' title='bbox 958 5336 1008 5386; x_wconf 81' lang='lat' dir='ltr'><strong>Ar.</strong></span> <span class='ocrx_word' id='word_1_330' title='bbox 1023 5333 1049 5399; x_wconf 84' lang='lat' dir='ltr'><strong>b)</strong></span> <span class='ocrx_word' id='word_1_331' title='bbox 1067 5331 1209 5400; x_wconf 84' lang='lat' dir='ltr'><strong>,Elizabet‘</strong></span> <span class='ocrx_word' id='word_1_332' title='bbox 1228 5333 1276 5383; x_wconf 77' lang='lat' dir='ltr'><strong>Aa.</strong></span> 
     </span>
    </p>
   </div>
   <div class='ocr_carea' id='block_1_13' title="bbox 0 0 1976 6058">
    <p class='ocr_par' dir='ltr' id='par_1_21' title="bbox 0 0 1976 6058">
     <span class='ocr_line' id='line_1_40' title="bbox 0 0 1976 6058; baseline 0 0"><span class='ocrx_word' id='word_1_333' title='bbox 0 0 1976 6058; x_wconf 95' lang='lat' dir='ltr'><strong> </strong></span> 
     </span>
    </p>
   </div>
  </div>
 </body>
</html>
