3944 6060
233 418 296 484 362
828 415 899 468 Acta
916 413 1069 468 iunocentii
1088 412 1134 467 Vl.

232 625 364 690 nitatem
387 630 483 706 tuam,
508 624 546 687 de
570 642 632 704 qua
654 623 828 706 plenariam
851 624 883 687 in
907 624 1032 689 domino
1055 622 1200 687 fiduciam
1223 623 1411 705 obtinemus,
1435 642 1582 705 rogamus
1605 630 1642 688 et
1663 623 1740 688 hor·

233 735 337 794 tarnur
360 735 493 807 attente,
524 728 628 791 eidem
661 745 719 809 per
742 728 916 809 apostolica
950 727 1068 809 scripta
1101 729 1297 809 mandantes,
1332 728 1480 807 quatinus
1513 729 1605 793 iuxta
1629 728 1744 793 datam

232 834 290 898 tibi
315 853 333 897 a
356 833 481 898 domino
516 832 687 913 prudencie
722 831 973 897 habundantiam
1007 833 1048 895 ad
1082 831 1200 896 dictum
1231 833 1467 916 imperatorem,
1502 833 1529 897 si
1561 832 1744 914 expediens

234 938 300 1004 fore
324 939 452 1019 videris,
486 943 518 1001 te
541 937 753 1019 personaliter
787 935 963 1018 conderem,
999 936 1224 1002 excellenciam
1259 955 1347 1000 suain
1382 956 1438 1018 pre
1473 956 1529 1002 sue
1555 936 1746 1002 devocionis

233 1043 391 1124 affectus)
414 1042 583 1124 plurimum
608 1042 854 1107 commendando
877 1041 1121 1123 presencialiter
1144 1041 1315 1123 alloquaris
1338 1042 1428 1105 iuxta
1457 1042 1603 1123 predicte
1627 1041 1745 1105 cedule

233 1148 427 1213 sentenciam
451 1153 484 1212 et
500 1152 654 1225 tenorem,
679 1146 903 1211 excellenciam
927 1146 1038 1228 ipsam,
1062 1152 1156 1228 prout
1171 1146 1230 1211 tibi
1247 1144 1415 1210 convenire
1432 1145 1604 1226 ridebitur,
1630 1145 1745 1211 verbis

232 1253 297 1319 tuis
320 1253 501 1334 exhortans,
525 1259 560 1315 ut
582 1272 638 1335 pro
662 1257 772 1317 nostra
793 1256 828 1316 et
851 1252 1024 1334 apostolice
1048 1251 1134 1315 sedis
1157 1249 1343 1314 reverencia
1376 1249 1416 1313 de
1439 1249 1593 1331 predictis
1625 1267 1743 1313 exces-

233 1359 320 1424 sibus
344 1364 400 1422 aut
422 1356 502 1438 aliis,
526 1357 675 1437 quociens
699 1357 759 1421 sibi
784 1357 823 1419 de
847 1357 912 1420 illis
935 1355 1094 1437 fidedigna
1110 1354 1334 1420 inforrnacioue
1358 1353 1549 1428 constiterit,
1573 1353 1654 1418 uelit
1670 1371 1743 1418 uos,

234 1464 427 1544 adquorum
454 1468 577 1543 spectat
600 1460 736 1525 officium
760 1461 887 1525 iusticia
916 1460 1077 1525 mediante
1101 1459 1260 1541 corrigere
1291 1458 1400 1523 taliter·
1423 1458 1655 1538 delinquentes
1683 1477 1744 1523 sua

234 1567 411 1632 sublimitas
441 1566 576 1630 reddere
610 1584 668 1649 per
691 1584 765 1631 suas
788 1566 913 1631 litteras
938 1565 1103 1630 cerciores.
1137 1564 1272 1646 Insuper
1300 1563 1401 1627 eciam
1425 1562 1557 1644 prefatis
1581 1562 1742 1645 archiepi-

234 1672 337 1753 scopis
361 1677 525 1736 eteorum
548 1669 769 1752 suffraganeis,
801 1670 949 1751 quicquid
980 1671 1039 1735 tibi
1063 1671 1102 1734 ad
1126 1668 1333 1733 refrenandos
1365 1687 1401 1732 ac
1424 1667 1644 1750 corripiendos
1667 1686 1743 1750 pre-

234 1776 318 1841 dicte
342 1775 534 1839 temeritatis
557 1776 675 1839 abusus
697 1775 871 1857 expediens
894 1775 961 1840 fore
986 1774 1155 1853 videbitur,
1180 1773 1352 1855 diligenter
1382 1789 1542 1854 exponere
1564 1790 1628 1836 uon
1652 1779 1744 1854 post·

233 1898 342 1963 ponas,
366 1880 477 1944 taliter
498 1879 530 1943 in
553 1879 718 1961 premissis
741 1886 796 1945 tue
819 1879 1001 1944 devocionis
1033 1879 1173 1944 studium
1206 1879 1416 1961 impensurus,
1451 1879 1544 1959 quod,
1575 1895 1637 1958 que
1662 1878 1742 1943 scri-

234 1985 337 2051 bendo
361 2003 423 2049 non
447 1984 606 2066 potuimus
629 1983 798 2066 explicare,
822 1984 970 2066 suppleat
992 1990 1047 2050 tue
1070 1985 1243 2065 prudencie
1266 1983 1441 2065 plenitudo.
1466 1981 1615 2047 Ceterum
1639 2000 1743 2065 super

233 2089 306 2172 hiis,
330 2107 391 2170 que
415 2088 609 2153 fraternitati
632 2095 687 2152 tue
711 2108 767 2170 pro
791 2096 882 2172 parte
906 2095 1013 2153 nostra
1036 2088 1156 2153 referet
1179 2090 1208 2153 d.
1232 2089 1253 2153 f.
1279 2088 1444 2155 Corradus
1478 2088 1662 2169 prepositus
1686 2107 1740 2153 ec·

234 2194 331 2260 clesie
373 2213 398 2259 s.
434 2193 577 2258 Mauritii
620 2192 816 2275 Maguutiue,
853 2193 936 2257 lator
970 2195 1177 2275 presencium,
1223 2194 1272 2257 cui
1307 2193 1473 2256 credencie
1508 2191 1600 2257 fidem
1635 2192 1741 2271 dabie,

234 2317 303 2363 cum
327 2297 459 2381 prelatis
483 2295 648 2362 Alamanie
682 2315 859 2361 sermonem
883 2297 1000 2362 habere
1024 2299 1154 2379 poteris,
1187 2317 1256 2361 curn
1291 2299 1404 2361 adesse
1439 2303 1564 2378 ternpus
1588 2297 1740 2362 idoneum

234 2409 289 2468 tua
311 2403 485 2484 prudencia
507 2402 670 2472 iudicabit,
695 2408 789 2485 prout
812 2402 914 2466 eidem
938 2402 1134 2468 fraternitati
1157 2410 1211 2468 tue
1235 2403 1396 2468 videbitur
1417 2402 1578 2484 expedire.
1601 2401 1742 2486 Insuper

234 2509 332 2572 eciam
356 2506 480 2589 prefato
503 2507 689 2590 imperatori
723 2507 946 2588 superdanda
979 2508 1037 2571 tibi
1061 2508 1122 2572 fide
1146 2509 1312 2572 credeucie
1344 2508 1376 2573 in
1400 2509 1552 2588 predictis
1575 2526 1634 2590 per
1657 2508 1741 2574 alias

233 2619 359 2677 nostras
381 2610 509 2676 litteras
532 2612 625 2675 simul
649 2630 718 2675 cum
742 2611 945 2693 presentibus
969 2612 1143 2694 scribimus,
1166 2631 1254 2693 quas,
1278 2613 1305 2675 si
1322 2613 1360 2676 ad
1377 2612 1512 2676 eundem
1536 2618 1568 2676 te
1592 2611 1741 2679 conferre

234 2717 412 2800 contigerit,
435 2716 602 2781 serenitati
637 2733 694 2780 sue
717 2721 773 2782 tua
807 2714 992 2780 fraternitas
1026 2717 1231 2798 presentabit.
1264 2718 1300 2781 D.
1325 2716 1481 2782 Antiniana
1515 2717 1578 2781 kal.
1603 2717 1685 2782 Maii
1709 2738 1740 2784 a.

234 2822 379 2904 septimo.

363 3008 394 3064 R.
414 3009 475 3065 Vat.
495 3017 547 3065 240
566 3010 612 3065 fol.
632 3017 674 3065 37.
694 3042 725 3051 -
745 3010 809 3080 fleg.
829 3009 903 3081 apud
924 3010 1087 3081 lilerunslry,
1115 3013 1249 3082 llxcerpta
1277 3031 1316 3067 nr.
1342 3017 1393 3067 490
1412 3021 1439 3069 et
1457 3011 1555 3067 Huber
1581 3011 1648 3081 Reg.
1667 3013 1741 3083 Imp.

233 3096 297 3153 Vlll
316 3114 377 3169 pag.
397 3105 445 3154 tat
466 3116 506 3153 ur.
526 3105 584 3153 363.
607 3130 633 3139 -
652 3104 675 3168 ⁸)
696 3099 789 3163 ‚aclus‘
809 3100 869 3154 Vct.
884 3101 908 3170 b)
927 3101 1050 3171 ,accepit‘
1070 3100 1129 3154 Vnt.
1143 3103 1166 3166 ο)
1186 3100 1329 3165 ,affectum‘
1349 3102 1410 3154 Vat.

881 3312 1087 3321 ...ά-.-

237 3501 326 3568 913.
354 3499 529 3567 Guilelmus
548 3501 751 3585 praepositus
775 3501 990 3584 etcopitalum
1011 3503 1158 3567 ecclcsiae
1181 3501 1431 3585 Visseprodeasis
1442 3504 1634 3587 supplicant,
1657 3525 1739 3586 qua-

232 3610 322 3670 tenus
345 3606 495 3683 omnibus,
518 3607 572 3690 qai
594 3607 637 3671 ad
659 3627 736 3685 opus
759 3607 905 3672 ccclesiae
924 3608 1175 3689 Visseprodeasis
1197 3627 1311 3672 manus
1328 3610 1529 3691 porrexerint
1550 3609 1741 3689 adiutrices,

233 3709 447 3792 indulgentiae
479 3711 698 3786 concedantur,
732 3724 760 3774 et
795 3714 948 3794 quolenus
981 3714 1088 3776 omnia
1117 3712 1287 3793 privilegia
1321 3714 1459 3778 ciusdem
1492 3712 1641 3780 ccclesiae
1666 3737 1740 3780 con·

889 3815 1070 3897 firrnenlar.

1257 3959 1419 4041 Atiniam,
1443 3959 1528 4024 1359
1551 3959 1637 4024 Moti
1662 3959 1694 4025 7.

363 4144 548 4227 Supplicant
571 4143 610 4208 Sti
642 4146 696 4210 Vre
720 4147 827 4212 devoti
850 4152 993 4213 oratores
1016 4151 1115 4214 vestri
1133 4150 1319 4214 Wilhelmus
1335 4150 1526 4233 prepositus,
1543 4149 1740 4216 Wilhelmus

234 4250 381 4331 decenne,
415 4249 579 4314 lohannes
613 4257 720 4315 custos
755 4257 919 4333 totumque
953 4253 1125 4334 capitulum
1159 4255 1294 4318 ecclesie
1329 4260 1435 4320 vestre
1459 4255 1741 4336 wissegradensis

233 4371 330 4434 prope
355 4353 495 4436 Pragam,
519 4360 684 4434 quatenus,
709 4373 778 4419 cum
803 4356 888 4420 diota
913 4357 1182 4438 Wissegradensis
1213 4358 1349 4422 ecclesia
1379 4359 1506 4425 chorum
1541 4379 1598 4443 pro
1632 4360 1741 4442 ipsius

232 4457 374 4538 prelatis,
399 4459 568 4532 santonicis
603 4459 728 4523 vicariis
763 4479 798 4524 ac
821 4461 974 4524 ministris
1008 4468 1041 4524 et
1065 4462 1149 4526 clero
1184 4461 1284 4545 ipsius
1317 4462 1435 4529 habeat
1456 4464 1551 4529 nimis
1574 4465 1738 4543 strictum,

234 4561 339 4642 sitque
374 4562 491 4626 ibidem
523 4583 635 4628 novum
671 4583 749 4646 opus
784 4564 824 4627 ad
858 4564 986 4630 chorum
1021 4565 1200 4630 huiusmodi
1234 4568 1429 4632 dilatandum
1454 4568 1648 4646 inchoatum,
1675 4588 1737 4634 nec

235 4684 290 4746 pro
314 4665 400 4729 illius
424 4669 694 4732 corisummacione
708 4669 771 4733 sint
783 4668 881 4749 aliqui
905 4670 1049 4734 redditus
1062 4670 1216 4753 deputati,
1241 4671 1414 4754 dignemini
1430 4674 1574 4738 omuibus
1598 4673 1631 4738 iu
1645 4680 1737 4740 statu

231 4769 343 4834 salutis
366 4770 587 4850 existentibus,
611 4772 664 4851 qui
688 4791 797 4836 ruauns
821 4772 861 4835 ad
884 4791 962 4854 opus
986 4780 1019 4838 et
1040 4773 1190 4838 fabricam
1214 4776 1314 4855 ipsius
1337 4776 1424 4841 chori
1447 4778 1648 4858 porrexerint
1673 4781 1731 4845 ad·

232 4871 370 4952 intrices,
394 4875 530 4954 aliquam
544 4882 775 4957 competentem
792 4877 1033 4959 indulgenciam,
1047 4889 1141 4959 prout
1167 4879 1218 4943 Vre
1232 4880 1391 4944 videbitur
1408 4879 1463 4962 Sil,
1480 4881 1736 4948 misericorditer

233 4978 401 5059 impartiri.

362 5101 434 5165 Fiat
457 5102 496 5165 de
520 5121 581 5166 urio
605 5122 686 5168 aurio
711 5109 744 5167 et
767 5105 978 5187 quadraginta
1002 5106 1114 5169 diebus
1139 5106 1175 5170 G.

360 5224 450 5305 item,
473 5226 555 5304 quod
580 5226 694 5302 omnia,
711 5245 772 5306 que
796 5228 857 5309 ipsi
881 5229 1017 5292 ecclesie
1043 5229 1298 5310 wissegradensi
1315 5248 1374 5311 per
1395 5229 1616 5313 imperatores,
1640 5249 1738 5315 reges

232 5332 266 5391 et
288 5328 446 5409 principos
471 5349 506 5393 ao
530 5330 608 5395 alios
632 5331 745 5395 fideles
769 5331 887 5394 donata
910 5338 994 5410 sunt,
1018 5340 1051 5396 ct
1074 5334 1178 5401 mnuia
1201 5335 1368 5416 privilegia
1391 5335 1491 5417 ipsius
1515 5336 1652 5402 ecclesie
1676 5358 1738 5422 per
