3944 6060
232 396 295 461 190
837 394 906 445 ncta
925 388 1083 445 Innocentii
1102 389 1150 443 vl.

230 610 332 684 cutus,
356 602 500 683 predicte
522 601 641 680 littere,
665 620 723 684 per·
746 618 824 681 quas
857 601 976 678 dictum
998 597 1197 680 beneficium,
1233 605 1268 663 ut
1290 598 1495 680 premittitur,
1530 603 1684 679 expectas
1707 603 1743 661 et

230 723 399 789 processus
413 704 515 771 habiti
530 724 588 787 per
610 705 740 769 easdem
759 755 765 768 .
786 755 792 767 .
813 754 846 768 ..
871 704 936 767 sint
958 721 1049 768 cassa
1071 708 1105 767 et
1121 702 1211 766 irrita
1229 751 1236 766 .
1257 753 1263 767 .
1283 752 1317 765 ..
1342 703 1379 766 ll.
1405 701 1489 783 apud
1506 699 1740 768 Villamnouam

230 809 456 874 Auinioueusis
480 808 559 873 dioc.
581 808 647 872 llll
668 808 710 872 id.
734 807 813 872 Julii
836 826 863 870 a.
888 813 1011 887 quarto.

360 931 398 994 ln
411 949 440 994 e.
456 950 487 994 rn
488 980 603 996 .....
620 929 790 1012 Prageusis
806 935 840 992 et
858 979 865 991 .
886 977 892 991 .
917 927 1198 1010 Wyssegradensis
1221 945 1319 1009 prope
1344 928 1476 1008 Pragam
1500 945 1536 990 ac
1554 975 1562 989 .
1581 976 1588 988 .
1606 944 1632 990 s,
1649 926 1743 1007 Agri-

232 1035 293 1100 coli
314 1035 540 1100 Aninionensis
564 1033 770 1099 ecclesiarum
794 1033 923 1096 decanis
943 1083 950 1096 .
968 1081 975 1096 .
994 1082 1001 1095 .
1022 1083 1029 1095 .

361 1223 393 1275 R.
419 1224 467 1275 dv.
494 1227 543 1275 134
562 1222 608 1276 sol.
627 1226 686 1274 432.
705 1252 739 1260 —
757 1221 788 1273 In
809 1220 921 1274 Collect.
946 1220 1033 1274 Alam.
1059 1227 1075 1271 4
1100 1219 1146 1271 fol.
1175 1225 1190 1271 v
1218 1219 1251 1272 de
1271 1216 1476 1273 confirmatione
1494 1225 1648 1286 perpetuae
1667 1218 1738 1272 vica·

232 1310 289 1364 riae
307 1309 336 1363 iu
354 1310 472 1364 ecclesia
490 1309 621 1378 Pragensi
641 1309 767 1362 Conrado
786 1307 820 1361 de
838 1307 964 1375 ‚Wessel‘
983 1306 1034 1361 sub
1053 1306 1148 1360 eodem
1167 1305 1231 1359 dato
1250 1305 1352 1359 mentio
1380 1304 1420 1359 fit..
1447 1303 1508 1371 (Εὐ.
1528 1303 1611 1372 apud.
1631 1303 1744 1373 Kirsch,

232 1400 360 1450 Anuaten
379 1398 392 1449 l
410 1413 471 1466 pag.
490 1401 543 1463 66.)
575 1426 607 1434 -
628 1398 647 1455 ¹)
667 1395 744 1448 iloni.
763 1411 803 1447 nr.
823 1399 883 1447 319.

233 1728 324 1794 460.
357 1729 485 1790 Decanc
508 1725 655 1791 ccclesiae
688 1725 941 1806 Visseqradeaeis
963 1724 1145 1806 moriatur,
1174 1731 1329 1805 quotenus
1360 1723 1503 1789 Plc'cbtce
1535 1725 1677 1791 Conradr'
1707 1724 1747 1792 dc

301 1832 410 1897 Misco
434 1834 584 1896 canonico
607 1830 752 1896 ecclcsiae
776 1830 948 1913 Propensis
970 1828 1193 1892 scholastriam
1215 1829 1318 1910 ipsius
1347 1828 1495 1892 ecclcsiae
1524 1834 1682 1909 conferat.

307 1974 341 2043 ἱ
1040 1967 1137 2048 Apud
1167 1965 1404 2046 Villamncoom,
1428 1970 1516 2032 1356
1539 1968 1624 2032 catii
1648 1972 1700 2033 13.

285 2099 292 2112 .
307 2063 336 2112 X
347 2100 353 2112 .

367 2163 405 2226 D.
429 2159 449 2225 f.
471 2212 477 2223 .
498 2213 504 2224 .
529 2160 648 2224 decano
665 2158 800 2223 ecclesie
824 2158 1098 2240 wissegradensis
1113 2174 1211 2239 prope
1228 2156 1361 2239 Pragam
1377 2156 1512 2222 salutem
1528 2165 1588 2222 etc.
1605 2160 1747 2242 Dignum

237 2269 428 2332 arbitramm
447 2314 453 2328 .
473 2314 481 2327 .
501 2315 509 2330 .
529 2315 535 2327 .
553 2264 679 2328 Dudum
703 2246 860 2344 siquidem
894 2262 1099 2326 intendentes
1133 2262 1172 2325 de
1206 2260 1370 2325 beneficiis
1408 2262 1645 2344 ecclesiasticis,
1684 2282 1747 2344 que

237 2372 395 2454 quondam
418 2369 570 2433 Sdeslaus
593 2368 633 2431 de
657 2366 827 2447 staulam)
851 2367 1038 2431 scolasticus
1061 2366 1197 2430 ecclesie
1221 2364 1391 2446 Prageusis
1415 2372 1489 2430 tunc
1512 2368 1667 2449 temporis
1691 2370 1746 2433 ob-

237 2476 369 2554 tinebat,
392 2492 461 2536 cum
484 2472 541 2535 illa
564 2489 676 2535 vacare
700 2472 909 2553 contingeret,
932 2486 990 2549 per·
1013 2469 1188 2551 apostolice
1212 2469 1299 2533 sedis
1322 2470 1558 2549 providenciam
1592 2470 1749 2556 ordinari,

237 2577 392 2644 beneficia
425 2578 505 2659 ipsa,
540 2577 614 2639 dum
648 2575 749 2638 adhuc
783 2575 868 2639 idem
892 2573 1043 2638 Sdeslaus
1067 2579 1179 2655 ageret
1202 2572 1233 2635 in
1264 2572 1419 2654 hmuanis,
1452 2573 1604 2639 videlicet
1626 2576 1656 2640 X
1679 2576 1745 2641 kal.

238 2680 434 2763 Septembris
457 2679 660 2761 pontificatus
683 2679 783 2743 nostri
808 2698 835 2742 a.
860 2679 1008 2759 secundo,
1020 2678 1045 2754 ¹)
1068 2678 1142 2741 dum
1177 2683 1283 2741 tarnem
1306 2677 1473 2742 scolastria
1497 2678 1580 2741 dicte
1606 2679 1745 2746 ecclesie

239 2786 387 2867 dignitas,
412 2791 600 2867 personatus
623 2803 680 2849 seu
711 2782 847 2847 officium
882 2782 1045 2862 existeret,
1081 2782 1245 2846 collationi
1269 2787 1303 2845 et
1326 2781 1531 2862 dispositioni
1567 2788 1676 2848 nostre
1709 2802 1750 2849 ea

239 2890 307 2954 vice
330 2889 476 2953 (luximus
506 2888 691 2971 specialiter
725 2886 927 2959 reservanda,
961 2887 1171 2950 decernentes
1202 2890 1318 2949 extunc
1351 2886 1476 2949 irritum
1508 2891 1542 2951 et
1575 2887 1684 2969 inane,
1720 2890 1748 2953 si

239 3010 332 3057 secus
355 3010 451 3075 super
474 2992 536 3056 hiis
555 3041 562 3055 .
583 3045 588 3055 .
666 2992 866 3071 contingeret
888 2990 1081 3072 attemptari.
1105 2988 1307 3054 Postmodum
1332 3008 1414 3072 vero,
1449 2991 1532 3054 sicut
1555 2993 1749 3074 accepimus,

239 3096 325 3160 dicta
346 3096 521 3169 scolastria,
545 3113 606 3174 que
630 3094 768 3175 dignitas
791 3095 911 3162 existit.
935 3112 1090 3174 quamque
1114 3095 1197 3157 idem
1232 3094 1383 3158 Sdeslans
1417 3095 1598 3160 huiusmodi
1633 3104 1746 3162 nostre

240 3200 469 3264 reservacionis
492 3207 634 3280 tempore
658 3198 829 3279 obtinebat,
851 3199 953 3280 ipsius
977 3198 1101 3261 Sdesloi
1125 3199 1222 3271 obitu,
1246 3200 1299 3279 qui
1323 3204 1414 3262 extra
1431 3200 1602 3265 Romanam
1625 3200 1747 3265 curiam

241 3304 383 3368 debiturn
406 3311 519 3368 nature
542 3302 706 3385 persolvit,
730 3308 872 3383 vacante,
907 3302 958 3366 dd.
982 3301 1011 3365 ff.
1035 3302 1206 3383 capitulum
1241 3304 1385 3368 eiusdem
1419 3305 1563 3384 ecclesie,
1594 3305 1634 3369 ad
1669 3324 1750 3386 quos

240 3407 360 3472 eleccio
384 3407 544 3472 scolastici
562 3407 664 3489 ipsius
688 3406 822 3470 ecclesie
847 3408 947 3470 eciam
971 3407 1009 3469 de
1034 3407 1165 3486 antiqua
1187 3413 1221 3471 et
1243 3410 1418 3489 approbata
1448 3416 1479 3472 et
1503 3408 1659 3474 hactenus
1694 3429 1750 3492 pa·

241 3510 329 3576 cilice
353 3514 522 3577 observata
544 3510 773 3576 consuetudine
798 3511 915 3574 dicitur
937 3511 1110 3592 pertinere,
1133 3510 1313 3576 huiusmodi
1329 3513 1559 3578 reservationis
1575 3519 1609 3576 et
1626 3513 1750 3578 decreti

240 3616 353 3698 ignari,
378 3617 407 3680 d.
431 3617 451 3680 i.
477 3615 632 3679 Plichtam
655 3622 764 3679 natum
787 3616 943 3695 quondam
968 3613 1104 3679 Conradi
1128 3615 1167 3677 de
1193 3615 1313 3697 blesen,
1330 3617 1513 3680 canonicum
1528 3616 1630 3697 ipsius
1646 3618 1748 3681 eccle-

243 3719 289 3783 sie
314 3720 346 3783 in
369 3721 570 3786 scolasticum
593 3719 695 3801 ipsius
718 3719 853 3784 ecclesie
877 3719 954 3783 licet
977 3720 1016 3783 de
1039 3717 1123 3782 facto
1147 3721 1345 3785 concorditer·
1367 3720 1543 3801 elegerunt,
1579 3721 1749 3802 dictusque

241 3823 366 3887 Plichta
388 3824 617 3888 reservationis
641 3830 674 3887 et
697 3825 817 3888 decreti
849 3824 1063 3905 predictorum
1097 3824 1225 3904 inscius,
1249 3825 1440 3889 eleccionem
1475 3826 1576 3906 ipsam
1611 3825 1752 3890 obtinuit

245 3927 435 3991 auctoritate
459 3927 620 3990 ordinaria
643 3927 830 3992 confirmari.
855 3927 920 3993 Nos
951 3928 1049 4009 igitur
1079 3928 1292 4007 attendentes
1326 3929 1410 4008 quod
1433 3929 1551 3994 eleccio
1575 3934 1609 3992 et
1631 3928 1748 3994 coufir-

242 4030 342 4094 macio
365 4029 508 4110 predicte
532 4037 566 4094 et
588 4049 784 4112 quecumque
808 4032 882 4095 inde
906 4038 1017 4095 secuta
1041 4031 1158 4095 viribus
1182 4051 1244 4096 non
1267 4033 1454 4111 subsistunt,
1477 4039 1511 4096 et
1534 4034 1618 4113 quod
1642 4034 1750 4099 nullus

242 4137 430 4215 proteruus
453 4132 512 4195 hac
534 4134 602 4198 vice
626 4135 665 4197 de
688 4135 759 4216 ipsa
782 4135 947 4200 scolastrie
971 4136 1137 4217 disponere
1162 4137 1267 4217 potuit
1282 4154 1385 4216 neque
1401 4143 1509 4219 potest
1525 4138 1750 4204 reservacione

244 4242 278 4303 et
300 4238 429 4301 decreto
453 4237 681 4302 obsistentibus
698 4238 898 4320 supradictis,
922 4257 958 4301 ac
980 4239 1124 4304 volentes
1148 4240 1265 4304 dictum
1283 4239 1437 4304 Plichtam
1457 4291 1463 4303 .
1485 4291 1491 4302 .
1512 4291 1518 4304 .
1539 4294 1545 4304 .
1569 4242 1752 4309 considera·

245 4342 335 4406 cione
355 4391 363 4404 .
383 4393 389 4405 .
411 4391 443 4404 ..
469 4341 579 4406 Karoli
602 4343 812 4407 Romanorum
837 4343 1048 4424 imperatoris,
1072 4363 1129 4418 pro
1152 4345 1221 4426 ipso
1245 4344 1370 4409 Plichta
1393 4346 1510 4409 dilecto
1533 4345 1700 4428 capellano
1716 4353 1752 4413 et

245 4445 419 4509 secretario
436 4462 492 4510 suo
508 4445 598 4509 nobis
618 4497 624 4510 .
644 4497 651 4510 .
672 4498 676 4505 .
699 4498 704 4509 .
729 4447 948 4528 supplicantia,
972 4447 1004 4510 in
1028 4448 1139 4511 eadem
1156 4449 1291 4512 ecclesia
1306 4449 1441 4531 amplius
1456 4451 1612 4514 honorare
1626 4450 1754 4533 sibique

248 4549 384 4632 graciam
401 4548 506 4613 facere
523 4550 704 4631 specialem,
721 4551 909 4615 discrecioni
925 4558 980 4615 tue
1000 4604 1007 4616 .
1027 4602 1033 4615 .
1053 4602 1061 4616 .
1081 4605 1087 4616 .
1105 4553 1297 4619 inundemus.
1316 4559 1471 4632 quatenns
1490 4603 1498 4619 .
1518 4602 1523 4613 .
1545 4605 1552 4618 .
1571 4602 1579 4618 .
1595 4553 1755 4635 prelatum

245 4652 443 4717 scolastriam
482 4653 527 4717 sic
557 4660 829 4719 vacantem...
864 4655 969 4719 eidem
1004 4655 1126 4720 Plichte
1162 4657 1352 4721 auctoritate
1395 4664 1505 4722 nostra
1538 4656 1684 4722 conferre
1720 4668 1756 4725 et

246 4755 409 4837 assignare
433 4774 582 4837 procures
603 4808 608 4820 .
628 4807 634 4820 .
654 4808 661 4823 .
681 4807 699 4838 .,
723 4776 785 4823 uon
809 4760 1085 4824 obstantibus...
1107 4811 1124 4838 .,
1156 4762 1239 4841 quod
1262 4761 1345 4824 idem
1371 4761 1494 4826 Plichta
1515 4762 1548 4825 in
1571 4763 1686 4827 eadem
1721 4774 1757 4830 et

245 4861 279 4925 iu
314 4861 570 4942 Wissegradensi
605 4883 703 4945 prope
737 4863 869 4947 Pragam
904 4866 1050 4930 ecclesiis
1084 4866 1288 4930 canonicatus
1330 4872 1364 4929 et
1396 4866 1576 4947 prebendas
1610 4866 1758 4934 noscitur

246 4966 443 5030 obtinere..
465 5016 498 5029 ..
524 4968 560 5030 b.
585 4967 668 5048 apud
694 4967 923 5034 Villamuouanr
957 4970 1182 5035 Auinioneusis
1216 4970 1296 5035 dioc.
1327 4969 1370 5033 lll
1403 4971 1446 5036 id.
1477 4971 1555 5034 Julii
1578 4990 1607 5036 a.
1630 4980 1757 5052 quarto.

376 5153 407 5207 R.
427 5156 477 5207 Av.
498 5160 545 5207 132
565 5154 612 5208 fol.
631 5160 688 5209 206.
712 5186 743 5193 —
767 5157 791 5208 ἃ)
810 5157 934 5225 Corripe:
953 5155 1101 5223 ,Stenlrou‘.
1122 5189 1153 5196 —
1175 5160 1194 5222 ¹)
1216 5165 1282 5211 rata
1301 5157 1419 5227 Augusti
1438 5164 1479 5212 23.
