3944 6060
759 466 824 514 ruer
837 460 979 515 Februarii
993 466 1027 514 ao
1049 492 1075 501 -
1091 461 1185 515 Martii
1200 469 1231 515 1.
1679 468 1745 533 225

235 669 371 732 ecclesie
395 669 556 750 Progensi
591 669 695 733 eidem
718 668 759 734 gu
781 669 907 751 plenius
930 671 1118 753 innotescat,
1141 674 1267 736 noverit
1290 673 1360 754 ipsa
1383 671 1453 753 S²⁸⁵,
1477 675 1569 754 quod,
1595 674 1662 757 [ue]
1685 692 1744 756 per

235 772 481 855 exemptionem,
503 772 729 838 liberationem
752 781 786 838 et
808 774 1041 839 subieccionem
1064 776 1225 857 predictas
1249 776 1366 861 [eidem
1390 775 1446 859 Sl]
1470 784 1503 841 et
1529 778 1669 842 Romane
1695 796 1745 841 ec-

236 876 333 940 clesie
356 875 390 940 in
413 877 580 941 exaccione
612 882 646 941 et
668 879 877 960 perceptione
908 879 1031 943 denarii
1055 898 1080 945 s.
1105 880 1203 956 Petri,
1235 880 1288 960 qui
1311 879 1415 943 eidem
1440 877 1606 961 ecclesie')
1636 882 1675 944 ab
1694 881 1743 944 in·

236 979 313 1044 colis
336 980 493 1045 universis
516 981 655 1045 civitatis
678 988 713 1046 et
736 982 814 1047 dioc.
839 983 1052 1063 predictarum
1083 984 1226 1060 debetur,
1250 989 1285 1047 et
1308 983 1488 1064 peripsam
1512 983 1679 1048 ecclesiam
1703 986 1743 1047 ab

234 1083 357 1147 eisdem
379 1084 491 1149 incolis
514 1085 599 1166 exigi
622 1091 656 1149 et
678 1086 800 1167 percipi
824 1088 997 1168 consuevit,
1024 1087 1077 1151 vel
1100 1088 1172 1152 aliis
1196 1088 1318 1151 iuribus
1341 1087 1590 1167 quibuscumque
1614 1088 1646 1150 iu
1670 1105 1743 1170 pro-

235 1187 329 1252 dictis
353 1187 484 1252 civitate
507 1195 542 1252 et
565 1189 644 1252 dioc.
669 1189 804 1253 ecclesie
828 1191 968 1254 Romane
992 1192 1246 1272 competentibus
1269 1190 1479 1272 preiudiciurn
1503 1191 1630 1272 aliquod
1648 1209 1743 1273 gene-

234 1298 332 1370 retur,
368 1294 444 1374 quin
473 1294 536 1357 imo
560 1312 682 1357 exnunc
707 1292 746 1356 Sti
768 1293 820 1356 Vre
841 1313 898 1375 pro
923 1295 1013 1358 nobis
1043 1301 1078 1358 et
1107 1295 1218 1358 eadem
1242 1294 1379 1358 eeclesia
1409 1302 1519 1358 tenore
1544 1296 1742 1376 presencium

234 1413 312 1477 pure
336 1403 370 1461 et
392 1396 581 1478 simpliciter
603 1416 639 1460 ac
663 1397 695 1459 in
718 1416 841 1461 orrruem
864 1415 981 1472 casum,
1017 1399 1083 1461 sive
1107 1399 1269 1480 exempcio
1294 1406 1327 1461 at
1349 1398 1500 1463 liberacio
1525 1417 1560 1461 ac
1584 1399 1743 1463 subieccio

234 1501 377 1582 predicte
402 1500 485 1582 liant,
512 1501 580 1565 sive
603 1501 731 1564 minime
766 1500 853 1573 fiant,
878 1522 934 1583 pro
969 1504 1059 1567 nobis
1098 1509 1132 1566 et
1154 1502 1391 1566 successoribus
1415 1503 1584 1566 nostris..
1615 1502 1744 1584 regibus

234 1604 362 1668 Boemie
385 1604 580 1686 pollicemur,
605 1605 687 1684 quod
711 1623 768 1668 nos
791 1606 915 1686 ipsique
940 1624 1140 1671 succcessores
1163 1607 1264 1670 nostri
1288 1606 1356 1669 Stem
1375 1605 1450 1668 V¹⁸s¹¹
1475 1624 1739 1686 successoresque

234 1713 357 1773 vestros
381 1727 417 1772 ac
440 1707 595 1790 prefatam
620 1710 790 1772 Romanam
814 1710 982 1773 ecclesiam
1008 1711 1057 1774 vel
1080 1727 1188 1774 eorum
1212 1710 1344 1774 nuncios
1368 1709 1550 1775 nullatenus
1573 1712 1741 1791 perturba·

234 1812 335 1877 bimus
358 1813 408 1876 vel
432 1812 614 1893 aliqualiter
637 1801 845 1893 impediemus
869 1820 924 1877 aut
947 1815 1126 1895 perturbari
1150 1815 1198 1877 vel
1217 1815 1364 1896 impediri
1381 1814 1502 1878 directe
1520 1816 1569 1878 vel
1585 1815 1742 1879 indirecte

233 1916 414 1980 nullatenus
436 1915 588 1980 faciemus
611 1916 661 1979 vel
686 1917 856 1997 paciemur,
880 1935 938 1981 nec
962 1920 1159 2000 perturbare,
1187 1919 1357 1982 molestare
1382 1936 1440 1980 seu
1463 1918 1608 1998 inpedire
1632 1918 1741 1982 volen-

234 2020 315 2084 tibus
340 2021 372 2084 in
396 2021 565 2085 exaccione
597 2028 630 2084 et
653 2021 861 2102 percepcione
886 2040 922 2084 ac
945 2022 1066 2086 iuribus
1097 2022 1288 2103 supradictis
1316 2023 1459 2086 dabimus
1483 2021 1643 2102 auxilium,
1666 2040 1739 2086 oon·

233 2124 336 2188 silium
353 2125 404 2188 vel
419 2123 567 2206 favorem,
580 2125 636 2188 sed
653 2121 691 2187 go
711 2123 766 2186 Vre
791 2126 969 2206 vestrisque
987 2127 1233 2198 successoribus,
1253 2127 1389 2189 ecclesie
1407 2127 1545 2190 Romane
1562 2145 1598 2188 ac
1615 2125 1740 2189 nunciis

233 2229 383 2309 predictis
407 2231 439 2293 in
462 2229 630 2294 exaccione
654 2236 688 2292 et
700 2230 907 2310 perceptione
932 2231 1116 2311 supradicta
1131 2237 1165 2294 et
1180 2230 1366 2295 defensione
1382 2229 1498 2292 iurium
1516 2229 1730 2310 predictorum

233 2338 265 2395 et
287 2341 322 2397 ut
345 2335 406 2416 ipsi
430 2334 530 2398 libere
563 2333 611 2396 uti
642 2352 678 2395 ao
709 2350 749 2395 ea
771 2334 895 2415 integre
926 2335 1091 2416 percipere
1115 2335 1253 2409 valeant,
1288 2351 1345 2396 nos
1373 2332 1513 2413 dictique
1536 2349 1738 2397 successores

233 2437 331 2501 nostri
355 2437 575 2518 impendemus
599 2437 751 2499 auxilium
775 2443 807 2500 et
823 2436 971 2519 favorem,
996 2438 1146 2518 quociens
1163 2456 1219 2518 pro
1235 2443 1327 2519 parte
1345 2438 1429 2500 dicte
1447 2438 1587 2501 Raurane
1603 2436 1739 2500 ecclesie

234 2557 287 2603 seu
311 2541 495 2604 nunciorum
520 2540 662 2603 eiusdem
687 2558 784 2622 super
806 2541 865 2604 hoc
888 2541 1041 2605 fuerimus
1065 2543 1221 2623 requisiti,
1254 2542 1402 2620 (liciaque
1426 2542 1495 2604 iura
1518 2541 1612 2605 illesa
1635 2560 1740 2604 serva·

233 2644 332 2709 bimus
356 2651 390 2709 et
420 2662 477 2726 per
507 2650 632 2708 nostros
662 2642 814 2707 faciemus
845 2646 989 2709 subditos
1015 2646 1140 2708 illibata
1164 2647 1301 2725 ser·var·i;
1338 2645 1578 2708 consencientes
1602 2663 1736 2723 exnunc,

233 2750 313 2831 quod
335 2768 392 2813 nos
416 2749 555 2827 dictique
579 2765 778 2812 successores
802 2751 902 2812 nostri
933 2750 973 2813 ad
996 2750 1151 2831 premissa
1182 2750 1287 2813 omnia
1309 2756 1343 2812 et
1366 2750 1491 2830 singula
1515 2767 1573 2830 per
1595 2767 1664 2825 nos,
1700 2756 1736 2812 nt

233 2854 434 2935 premittitur,
459 2852 610 2935 pollicita,
635 2852 728 2933 plene
745 2859 779 2916 et
798 2854 929 2917 realiter
952 2854 1158 2932 observanda,
1182 2855 1339 2935 possimus
1363 2872 1421 2935 per
1444 2871 1610 2917 censuram
1633 2853 1734 2937 eccle-

234 2959 390 3024 siasticam
421 2956 596 3039 apostolica
624 2957 815 3021 auctoritate
838 2959 993 3040 compelli.
1024 2959 1060 3022 In
1084 2976 1216 3037 quorum
1239 2958 1456 3022 testimouium
1497 2963 1666 3038 presentes
1690 2956 1743 3020 lit·

233 3069 316 3127 teras
339 3061 435 3127 scribi
464 3066 498 3125 et
521 3060 625 3142 sigillo
647 3064 837 3133 maiestatis
869 3069 976 3127 rrostre
999 3062 1217 3126 mandavimus
1240 3062 1435 3126 communiri.
1471 3063 1508 3126 D.
1534 3059 1744 3141 Lucemburgi

234 3167 282 3231 die
306 3167 400 3232 XIIII
423 3170 542 3234 mensis
565 3168 678 3233 Marcii
711 3189 738 3234 a.
771 3167 888 3232 domini
920 3166 1088 3230 millesimo
1121 3167 1347 3230 trecentesimo
1379 3166 1621 3248 quadragesimo
1651 3183 1735 3228 nono

234 3290 398 3353 regnorum
413 3280 591 3338 nostrorum
608 3293 690 3338 anno
708 3273 818 3338 tercio.
843 3273 879 3334 ll.
895 3271 1052 3334 duiniono
1077 3270 1119 3333 VI
1135 3273 1163 3350 g)
1187 3271 1249 3333 lral.
1267 3270 1390 3346 Ilorcii,
1414 3268 1618 3352 pontificatus
1641 3269 1743 3334 nostri

235 3393 259 3439 a.
282 3376 401 3456 quinto.

360 3565 392 3618 R.
412 3564 472 3618 Vat.
486 3571 537 3617 243
556 3565 602 3618 fol.
622 3572 670 3629 ιδ’,
690 3565 721 3617 R.
740 3565 801 3616 Vat.
821 3569 872 3615 244
890 3562 916 3614 Η
936 3563 1067 3625 (Archet.)
1080 3578 1121 3614 nr.
1135 3569 1175 3614 89.
1197 3593 1227 3600 -
1244 3568 1266 3618 ab
1287 3562 1427 3628 Sequitur:
1447 3561 1551 3626 ,nobis‘,
1572 3561 1619 3613 sed
1639 3559 1743 3613 cancel-

233 3648 316 3702 latum
335 3658 377 3704 est
396 3651 423 3703 in
442 3651 553 3705 Archet.
582 3652 608 3715 b)
626 3651 722 3714 ‚nobis‘
747 3651 779 3703 R.
797 3650 858 3702 Vat.
884 3655 943 3716 243,
965 3648 1059 3714 ,vobis‘
1077 3649 1196 3708 Archet.,
1219 3648 1264 3701 ubi
1284 3648 1385 3701 adhuc:
1406 3646 1524 3714 ,dudnm‘
1543 3646 1674 3714 sequitur,
1694 3644 1744 3698 sed

233 3737 411 3792 cancellatum
430 3746 480 3793 ert
495 3746 519 3803 c)
538 3739 678 3806 Sequitur:
698 3738 784 3804 ,nobis
803 3737 978 3805 imperatori‘,
998 3736 1046 3790 sed
1065 3734 1248 3789 cancellatum
1267 3736 1355 3788 estin
1374 3735 1487 3788 Archet.
1512 3735 1538 3793 o,
1557 3749 1680 3801 ,quarum
1700 3740 1741 3784 te·

234 3839 324 3877 norem
343 3855 376 3866 -
396 3825 587 3895 assignandas
606 3826 684 3879 deest
702 3826 730 3877 in
748 3825 779 3878 R.
799 3825 860 3877 Vat.
880 3829 939 3890 243,
967 3823 1011 3876 hic
1030 3839 1063 3875 ex
1088 3822 1199 3876 Archet.
1224 3822 1382 3891 suppletum
1401 3828 1451 3875 est.
1475 3824 1498 3886 θ)
1518 3822 1550 3873 Iu
1568 3819 1679 3872 Archet.
1697 3818 1744 3873 hic

234 3911 411 3965 revocationis
425 3913 532 3982 signum
541 3912 660 3979 additur,
673 3911 707 3965 ad
727 3911 799 3978 quod
819 3926 938 3978 sequens
957 3910 1106 3975 adnotatio,
1125 3910 1222 3963 subtus
1242 3908 1336 3962 eadem
1347 3924 1429 3962 manu
1442 3908 1589 3976 adscripta,
1609 3906 1739 3975 pertinet:

234 3997 419 4063 ,Sanctissimo
436 3999 466 4053 iu
486 4000 532 4053 Ch.
553 4000 632 4069 patri,
657 3999 727 4053 dom.
747 4015 805 4062 stro,
830 3998 900 4050 dom.
920 3997 1053 4050 Clementi
1073 4004 1123 4050 etc.
1143 3996 1285 4065 usquead
1304 3996 1402 4049 linem‘.
1429 3995 1550 4049 Litterae
1580 3999 1671 4048 autem
1691 3991 1743 4046 Ca-

235 4085 284 4138 roli
302 4085 340 4138 IV
366 4086 497 4155 integrae,
527 4086 582 4139 allo
606 4093 757 4140 atramento
782 4092 810 4138 et
834 4085 888 4138 alia
913 4085 994 4138 etiam
1019 4100 1101 4138 manu
1126 4084 1254 4152 scriptae,
1278 4084 1306 4136 in
1332 4082 1459 4136 adiuncto
1485 4081 1551 4135 lolio
1579 4086 1740 4148 sequuntur.

237 4171 260 4238 t)
278 4171 420 4241 Sequitur:
447 4174 578 4239 ‚Romane
597 4172 830 4242 competentibus‘,
854 4173 902 4226 sed
922 4171 1103 4225 cancellatum
1130 4171 1217 4224 estin
1237 4171 1347 4224 Archet.
1378 4176 1403 4234 a)
1424 4169 1566 4237 Sequitur:
1592 4167 1637 4234 ,id.
1656 4166 1742 4232 Maii‘,

237 4259 282 4312 sed
298 4260 479 4315 cancellatum
498 4268 540 4313 est
557 4261 585 4312 iu
605 4261 715 4313 Archet.

237 4596 324 4662 565.
356 4594 488 4660 Carolus
524 4596 734 4657 Romanorum
764 4591 937 4671 inoperator
967 4589 1137 4671 stupplicut,
1168 4592 1321 4670 quatenus
1343 4584 1565 4664 infrascriptis
1595 4583 1743 4663 persenit

718 4696 861 4758 diversae
882 4695 1009 4773 prodier
1031 4692 1248 4758 concedantur.

1237 4827 1399 4907 avinione,
1422 4828 1507 4890 1357
1532 4825 1646 4890 Martii
1670 4828 1698 4887 1.

363 5026 529 5110 Supplicat
566 5025 606 5091 So
632 5027 686 5090 V¹⁶
715 5026 849 5089 devotus
887 5024 970 5088 filius
1009 5028 1115 5086 vester
1150 5020 1287 5085 Karalus
1321 5019 1533 5082 Romanorum
1568 5010 1742 5096 imperator

241 5147 360 5215 semper
383 5137 536 5214 augustus
559 5136 593 5195 et
616 5130 746 5195 Boemie
769 5148 835 5209 rex,
868 5134 1023 5209 quatenus
1054 5126 1115 5191 sibi
1139 5124 1311 5207 specialem
1342 5122 1479 5204 graciam
1502 5118 1656 5184 facientes
1680 5123 1740 5182 etc.

364 5255 448 5320 itam
470 5254 628 5337 supplicat
651 5252 755 5316 eidem
779 5247 820 5314 S¹¹
840 5250 914 5332 Vm,
943 5253 1100 5330 quatenus
1123 5246 1184 5311 sibi
1207 5247 1240 5310 in
1263 5262 1432 5327 personam
1456 5241 1566 5331 dilecti
1590 5241 1640 5304 sui
1664 5239 1742 5302 Wil-

243 5358 342 5440 qemi,
364 5357 530 5424 Sbinconis
553 5357 592 5421 de
616 5353 818 5422 Hasemburk
848 5352 993 5436 magistri
1015 5368 1139 5417 camere
1163 5369 1219 5415 sue
1244 5348 1321 5429 nati,
1353 5346 1460 5411 Padue
1491 5344 1525 5408 in
1548 5344 1616 5407 iure
1648 5361 1739 5406 cano·

1605 5485 1636 5531 15
