<?xml version="1.0" encoding="UTF-8"?>
<!DOCTYPE html PUBLIC "-//W3C//DTD XHTML 1.0 Transitional//EN"
    "http://www.w3.org/TR/xhtml1/DTD/xhtml1-transitional.dtd">
<html xmlns="http://www.w3.org/1999/xhtml" xml:lang="en" lang="en">
 <head>
  <title>
</title>
<meta http-equiv="Content-Type" content="text/html;charset=utf-8" />
  <meta name='ocr-system' content='tesseract 3.04.00' />
  <meta name='ocr-capabilities' content='ocr_page ocr_carea ocr_par ocr_line ocrx_word'/>
</head>
<body>
  <div class='ocr_page' id='page_1' title='image "./monumentavatica00vatigoog_0306.png"; bbox 0 0 3944 6060; ppageno 0'>
   <div class='ocr_carea' id='block_1_1' title="bbox 754 417 1711 492">
    <p class='ocr_par' dir='ltr' id='par_1_1' title="bbox 754 417 1711 492">
     <span class='ocr_line' id='line_1_1' title="bbox 754 417 1711 492; baseline 0.019 -18"><span class='ocrx_word' id='word_1_1' title='bbox 754 424 820 476; x_wconf 83' lang='lat' dir='ltr'><strong><em>men</em></strong></span> <span class='ocrx_word' id='word_1_2' title='bbox 838 417 905 476; x_wconf 76' lang='lat' dir='ltr'><strong><em>mnu</em></strong></span> <span class='ocrx_word' id='word_1_3' title='bbox 923 425 957 474; x_wconf 82' lang='lat' dir='ltr'><strong><em>ne</em></strong></span> <span class='ocrx_word' id='word_1_4' title='bbox 979 449 1006 462; x_wconf 83' lang='lat'><em>-</em></span> <span class='ocrx_word' id='word_1_5' title='bbox 1025 418 1102 477; x_wconf 76' lang='lat' dir='ltr'><strong><em>eunii</em></strong></span> <span class='ocrx_word' id='word_1_6' title='bbox 1120 423 1161 476; x_wconf 77' lang='lat' dir='ltr'><strong><em>ru.</em></strong></span> <span class='ocrx_word' id='word_1_7' title='bbox 1612 425 1711 492; x_wconf 71' lang='lat'><em>¹:249</em></span> 
     </span>
    </p>
   </div>
   <div class='ocr_carea' id='block_1_2' title="bbox 167 625 1711 1546">
    <p class='ocr_par' dir='ltr' id='par_1_2' title="bbox 167 625 1711 1546">
     <span class='ocr_line' id='line_1_2' title="bbox 186 625 1706 712; baseline -0.001 -16"><span class='ocrx_word' id='word_1_8' title='bbox 186 630 294 696; x_wconf 82' lang='lat'><strong><em>631.</em></strong></span> <span class='ocrx_word' id='word_1_9' title='bbox 321 625 475 694; x_wconf 73' lang='lat' dir='ltr'><strong><em>Nicolaus</em></strong></span> <span class='ocrx_word' id='word_1_10' title='bbox 496 627 615 693; x_wconf 83' lang='lat' dir='ltr'><strong><em>iuuenis</em></strong></span> <span class='ocrx_word' id='word_1_11' title='bbox 647 627 819 709; x_wconf 74' lang='lat' dir='ltr'><strong><em>llbrrinpus</em></strong></span> <span class='ocrx_word' id='word_1_12' title='bbox 840 628 918 694; x_wconf 87' lang='lat' dir='ltr'><strong><em>cinis</em></strong></span> <span class='ocrx_word' id='word_1_13' title='bbox 942 627 1166 710; x_wconf 69' lang='lat' dir='ltr'><strong><em>bracariensis,</em></strong></span> <span class='ocrx_word' id='word_1_14' title='bbox 1189 629 1243 712; x_wconf 85' lang='lat' dir='ltr'><strong><em>qui</em></strong></span> <span class='ocrx_word' id='word_1_15' title='bbox 1266 649 1410 694; x_wconf 86' lang='lat' dir='ltr'><strong><em>camerae</em></strong></span> <span class='ocrx_word' id='word_1_16' title='bbox 1432 631 1625 712; x_wconf 86' lang='lat' dir='ltr'><strong><em>apostolicae</em></strong></span> <span class='ocrx_word' id='word_1_17' title='bbox 1647 634 1706 696; x_wconf 87' lang='lat' dir='ltr'><strong><em>tri·</em></strong></span> 
     </span>
     <span class='ocr_line' id='line_1_3' title="bbox 177 732 1711 819; baseline 0.003 -22"><span class='ocrx_word' id='word_1_18' title='bbox 177 733 293 815; x_wconf 73' lang='lat' dir='ltr'><strong><em>yintu</em></strong></span> <span class='ocrx_word' id='word_1_19' title='bbox 317 752 418 799; x_wconf 85' lang='lat' dir='ltr'><strong><em>annos</em></strong></span> <span class='ocrx_word' id='word_1_20' title='bbox 439 737 469 797; x_wconf 88' lang='lat' dir='ltr'><strong><em>et</em></strong></span> <span class='ocrx_word' id='word_1_21' title='bbox 490 733 578 798; x_wconf 89' lang='lat' dir='ltr'><strong><em>ultra</em></strong></span> <span class='ocrx_word' id='word_1_22' title='bbox 599 733 729 798; x_wconf 72' lang='lat' dir='ltr'><strong><em>emutuit</em></strong></span> <span class='ocrx_word' id='word_1_23' title='bbox 759 737 788 797; x_wconf 91' lang='lat' dir='ltr'><strong><em>et</em></strong></span> <span class='ocrx_word' id='word_1_24' title='bbox 816 733 913 798; x_wconf 82' lang='lat' dir='ltr'><strong><em>sarcit</em></strong></span> <span class='ocrx_word' id='word_1_25' title='bbox 935 735 971 796; x_wconf 83' lang='lat' dir='ltr'><strong><em>in</em></strong></span> <span class='ocrx_word' id='word_1_26' title='bbox 997 732 1141 813; x_wconf 84' lang='lat' dir='ltr'><strong><em>pecuniis</em></strong></span> <span class='ocrx_word' id='word_1_27' title='bbox 1173 733 1210 798; x_wconf 92' lang='lat' dir='ltr'><strong><em>de</em></strong></span> <span class='ocrx_word' id='word_1_28' title='bbox 1239 752 1332 816; x_wconf 80' lang='lat' dir='ltr'><strong><em>repno</em></strong></span> <span class='ocrx_word' id='word_1_29' title='bbox 1354 734 1505 800; x_wconf 89' lang='lat' dir='ltr'><strong><em>Poloniae</em></strong></span> <span class='ocrx_word' id='word_1_30' title='bbox 1532 755 1593 819; x_wconf 92' lang='lat' dir='ltr'><strong><em>pro</em></strong></span> <span class='ocrx_word' id='word_1_31' title='bbox 1623 736 1711 802; x_wconf 88' lang='lat' dir='ltr'><strong><em>dicta</em></strong></span> 
     </span>
     <span class='ocr_line' id='line_1_4' title="bbox 177 835 1710 922; baseline 0.001 -19"><span class='ocrx_word' id='word_1_32' title='bbox 177 857 330 903; x_wconf 74' lang='lat' dir='ltr'><strong><em>camma</em></strong></span> <span class='ocrx_word' id='word_1_33' title='bbox 360 835 557 922; x_wconf 78' lang='lat' dir='ltr'><strong><em>reportandis,</em></strong></span> <span class='ocrx_word' id='word_1_34' title='bbox 586 835 759 920; x_wconf 74' lang='lat' dir='ltr'><strong><em>supplicat,</em></strong></span> <span class='ocrx_word' id='word_1_35' title='bbox 793 840 948 919; x_wconf 78' lang='lat' dir='ltr'><strong><em>quatenus</em></strong></span> <span class='ocrx_word' id='word_1_36' title='bbox 969 835 1041 920; x_wconf 78' lang='lat' dir='ltr'><strong><em>filio</em></strong></span> <span class='ocrx_word' id='word_1_37' title='bbox 1069 856 1125 902; x_wconf 89' lang='lat' dir='ltr'><strong><em>suo</em></strong></span> <span class='ocrx_word' id='word_1_38' title='bbox 1160 836 1288 902; x_wconf 76' lang='lat' dir='ltr'><strong><em>Danieli</em></strong></span> <span class='ocrx_word' id='word_1_39' title='bbox 1317 837 1427 903; x_wconf 85' lang='lat' dir='ltr'><strong><em>clerico</em></strong></span> <span class='ocrx_word' id='word_1_40' title='bbox 1452 838 1651 905; x_wconf 65' lang='lat' dir='ltr'><strong><em>cracoviensi</em></strong></span> <span class='ocrx_word' id='word_1_41' title='bbox 1672 840 1710 905; x_wconf 87' lang='lat' dir='ltr'><strong><em>de</em></strong></span> 
     </span>
     <span class='ocr_line' id='line_1_5' title="bbox 179 940 1708 1026; baseline -0.001 -18"><span class='ocrx_word' id='word_1_42' title='bbox 179 943 394 1008; x_wconf 68' lang='lat' dir='ltr'><strong><em>canonicatu</em></strong></span> <span class='ocrx_word' id='word_1_43' title='bbox 422 941 481 1007; x_wconf 87' lang='lat' dir='ltr'><strong><em>sub</em></strong></span> <span class='ocrx_word' id='word_1_44' title='bbox 509 941 723 1026; x_wconf 71' lang='lat' dir='ltr'><strong><em>expectatione</em></strong></span> <span class='ocrx_word' id='word_1_45' title='bbox 746 941 950 1026; x_wconf 74' lang='lat' dir='ltr'><strong><em>praebendae</em></strong></span> <span class='ocrx_word' id='word_1_46' title='bbox 976 941 1109 1007; x_wconf 87' lang='lat' dir='ltr'><strong><em>maioris</em></strong></span> <span class='ocrx_word' id='word_1_47' title='bbox 1137 942 1171 1007; x_wconf 86' lang='lat' dir='ltr'><strong><em>in</em></strong></span> <span class='ocrx_word' id='word_1_48' title='bbox 1201 940 1330 1007; x_wconf 86' lang='lat' dir='ltr'><strong><em>ccclesia</em></strong></span> <span class='ocrx_word' id='word_1_49' title='bbox 1370 943 1607 1008; x_wconf 86' lang='lat' dir='ltr'><strong><em>Vratislauiensi</em></strong></span> <span class='ocrx_word' id='word_1_50' title='bbox 1635 964 1708 1026; x_wconf 91' lang='lat' dir='ltr'><strong><em>pro·</em></strong></span> 
     </span>
     <span class='ocr_line' id='line_1_6' title="bbox 177 1043 1709 1131; baseline 0 -19"><span class='ocrx_word' id='word_1_51' title='bbox 177 1046 360 1126; x_wconf 82' lang='lat' dir='ltr'><strong><em>videatur,</em></strong></span> <span class='ocrx_word' id='word_1_52' title='bbox 391 1044 690 1131; x_wconf 81' lang='lat' dir='ltr'><strong><em>,nonobstantibus</em></strong></span> <span class='ocrx_word' id='word_1_53' title='bbox 712 1046 843 1110; x_wconf 87' lang='lat' dir='ltr'><strong><em>statutis</em></strong></span> <span class='ocrx_word' id='word_1_54' title='bbox 872 1049 902 1108; x_wconf 91' lang='lat' dir='ltr'><strong><em>et</em></strong></span> <span class='ocrx_word' id='word_1_55' title='bbox 924 1043 1199 1111; x_wconf 84' lang='lat' dir='ltr'><strong><em>consuetudinibus</em></strong></span> <span class='ocrx_word' id='word_1_56' title='bbox 1228 1045 1309 1111; x_wconf 88' lang='lat' dir='ltr'><strong><em>dicte</em></strong></span> <span class='ocrx_word' id='word_1_57' title='bbox 1337 1044 1461 1111; x_wconf 79' lang='lat' dir='ltr'><strong><em>ecclesie</em></strong></span> <span class='ocrx_word' id='word_1_58' title='bbox 1491 1052 1521 1112; x_wconf 92' lang='lat' dir='ltr'><strong><em>et</em></strong></span> <span class='ocrx_word' id='word_1_59' title='bbox 1538 1047 1709 1131; x_wconf 82' lang='lat' dir='ltr'><strong><em>presertim</em></strong></span> 
     </span>
     <span class='ocr_line' id='line_1_7' title="bbox 175 1148 1709 1235; baseline 0 -20"><span class='ocrx_word' id='word_1_60' title='bbox 175 1149 279 1233; x_wconf 81' lang='lat' dir='ltr'><strong><em>illis,</em></strong></span> <span class='ocrx_word' id='word_1_61' title='bbox 310 1150 422 1233; x_wconf 72' lang='lat' dir='ltr'><strong><em>omboes</em></strong></span> <span class='ocrx_word' id='word_1_62' title='bbox 443 1148 548 1216; x_wconf 85' lang='lat' dir='ltr'><strong><em>eooeri</em></strong></span> <span class='ocrx_word' id='word_1_63' title='bbox 570 1148 697 1232; x_wconf 82' lang='lat' dir='ltr'><strong><em>dicitnr,</em></strong></span> <span class='ocrx_word' id='word_1_64' title='bbox 726 1170 764 1214; x_wconf 89' lang='lat' dir='ltr'><strong><em>ne</em></strong></span> <span class='ocrx_word' id='word_1_65' title='bbox 794 1148 911 1233; x_wconf 82' lang='lat' dir='ltr'><strong><em>aliquis</em></strong></span> <span class='ocrx_word' id='word_1_66' title='bbox 927 1149 1123 1232; x_wconf 87' lang='lat' dir='ltr'><strong><em>prebendam</em></strong></span> <span class='ocrx_word' id='word_1_67' title='bbox 1152 1148 1304 1222; x_wconf 88' lang='lat' dir='ltr'><strong><em>maiorem</em></strong></span> <span class='ocrx_word' id='word_1_68' title='bbox 1334 1151 1459 1234; x_wconf 80' lang='lat' dir='ltr'><strong><em>assequi</em></strong></span> <span class='ocrx_word' id='word_1_69' title='bbox 1495 1152 1608 1235; x_wconf 91' lang='lat' dir='ltr'><strong><em>possit,</em></strong></span> <span class='ocrx_word' id='word_1_70' title='bbox 1643 1150 1709 1215; x_wconf 88' lang='lat' dir='ltr'><strong><em>nisi</em></strong></span> 
     </span>
     <span class='ocr_line' id='line_1_8' title="bbox 167 1251 1710 1339; baseline 0.001 -20"><span class='ocrx_word' id='word_1_71' title='bbox 167 1277 264 1339; x_wconf 66' lang='lat' dir='ltr'><strong><em>per</em></strong></span> <span class='ocrx_word' id='word_1_72' title='bbox 285 1255 423 1320; x_wconf 88' lang='lat' dir='ltr'><strong><em>minores</em></strong></span> <span class='ocrx_word' id='word_1_73' title='bbox 449 1251 615 1336; x_wconf 79' lang='lat' dir='ltr'><strong><em>pradatiru</em></strong></span> <span class='ocrx_word' id='word_1_74' title='bbox 645 1252 821 1318; x_wconf 85' lang='lat' dir='ltr'><strong><em>ascenderit</em></strong></span> <span class='ocrx_word' id='word_1_75' title='bbox 851 1252 895 1317; x_wconf 89' lang='lat' dir='ltr'><strong><em>ad</em></strong></span> <span class='ocrx_word' id='word_1_76' title='bbox 923 1253 1070 1333; x_wconf 79' lang='lat' dir='ltr'><strong><em>eandem3</em></strong></span> <span class='ocrx_word' id='word_1_77' title='bbox 1108 1272 1169 1318; x_wconf 93' lang='lat' dir='ltr'><strong><em>non</em></strong></span> <span class='ocrx_word' id='word_1_78' title='bbox 1199 1251 1349 1337; x_wconf 87' lang='lat' dir='ltr'><strong><em>obstante,</em></strong></span> <span class='ocrx_word' id='word_1_79' title='bbox 1383 1253 1464 1337; x_wconf 83' lang='lat' dir='ltr'><strong><em>quod</em></strong></span> <span class='ocrx_word' id='word_1_80' title='bbox 1486 1255 1569 1319; x_wconf 87' lang='lat' dir='ltr'><strong><em>idem</em></strong></span> <span class='ocrx_word' id='word_1_81' title='bbox 1592 1254 1710 1320; x_wconf 85' lang='lat' dir='ltr'><strong><em>Daniel</em></strong></span> 
     </span>
     <span class='ocr_line' id='line_1_9' title="bbox 172 1354 1706 1442; baseline 0.001 -18"><span class='ocrx_word' id='word_1_82' title='bbox 172 1360 426 1425; x_wconf 78' lang='lat' dir='ltr'><strong><em>canonicatsun</em></strong></span> <span class='ocrx_word' id='word_1_83' title='bbox 438 1356 670 1442; x_wconf 89' lang='lat' dir='ltr'><strong><em>etprcbendam</em></strong></span> <span class='ocrx_word' id='word_1_84' title='bbox 681 1357 715 1420; x_wconf 90' lang='lat' dir='ltr'><strong><em>in</em></strong></span> <span class='ocrx_word' id='word_1_85' title='bbox 727 1355 856 1423; x_wconf 88' lang='lat' dir='ltr'><strong><em>ecclesia</em></strong></span> <span class='ocrx_word' id='word_1_86' title='bbox 879 1354 1081 1423; x_wconf 84' lang='lat' dir='ltr'><strong><em>Orocouiensi</em></strong></span> <span class='ocrx_word' id='word_1_87' title='bbox 1101 1356 1241 1423; x_wconf 80' lang='lat' dir='ltr'><strong><em>noscitm</em></strong></span> <span class='ocrx_word' id='word_1_88' title='bbox 1254 1355 1422 1422; x_wconf 87' lang='lat' dir='ltr'><strong><em>obtinerc“.</em></strong></span> <span class='ocrx_word' id='word_1_89' title='bbox 1439 1395 1476 1405; x_wconf 89' lang='lat'>—</span> <span class='ocrx_word' id='word_1_90' title='bbox 1494 1360 1587 1440; x_wconf 84' lang='lat' dir='ltr'><strong><em>,Fiat</em></strong></span> <span class='ocrx_word' id='word_1_91' title='bbox 1600 1359 1639 1425; x_wconf 77' lang='lat' dir='ltr'><strong><em>G.</em></strong></span> <span class='ocrx_word' id='word_1_92' title='bbox 1656 1407 1706 1428; x_wconf 91' lang='lat'><strong><em>...</em></strong></span> 
     </span>
     <span class='ocr_line' id='line_1_10' title="bbox 377 1456 1541 1546; baseline -0.001 -18"><span class='ocrx_word' id='word_1_93' title='bbox 377 1464 419 1528; x_wconf 91' lang='lat' dir='ltr'><strong><em>D.</em></strong></span> <span class='ocrx_word' id='word_1_94' title='bbox 444 1461 531 1546; x_wconf 87' lang='lat' dir='ltr'><strong><em>opud</em></strong></span> <span class='ocrx_word' id='word_1_95' title='bbox 560 1460 794 1526; x_wconf 90' lang='lat' dir='ltr'><strong><em>Villomnouam</em></strong></span> <span class='ocrx_word' id='word_1_96' title='bbox 816 1459 1043 1534; x_wconf 83' lang='lat' dir='ltr'><strong><em>Aninioneusis</em></strong></span> <span class='ocrx_word' id='word_1_97' title='bbox 1066 1461 1144 1526; x_wconf 88' lang='lat' dir='ltr'><strong><em>dioc.</em></strong></span> <span class='ocrx_word' id='word_1_98' title='bbox 1168 1460 1211 1527; x_wconf 91' lang='lat' dir='ltr'><strong><em>id.</em></strong></span> <span class='ocrx_word' id='word_1_99' title='bbox 1234 1456 1329 1527; x_wconf 81' lang='lat' dir='ltr'><strong><em>lunii</em></strong></span> <span class='ocrx_word' id='word_1_100' title='bbox 1350 1481 1381 1526; x_wconf 89' lang='lat' dir='ltr'><strong><em>a.</em></strong></span> <span class='ocrx_word' id='word_1_101' title='bbox 1403 1462 1541 1545; x_wconf 66' lang='lat' dir='ltr'><strong><em>putens</em></strong></span> 
     </span>
    </p>
   </div>
   <div class='ocr_carea' id='block_1_3' title="bbox 994 1597 1659 1684">
    <p class='ocr_par' dir='ltr' id='par_1_3' title="bbox 994 1597 1659 1684">
     <span class='ocr_line' id='line_1_11' title="bbox 994 1597 1659 1684; baseline 0.002 -18"><span class='ocrx_word' id='word_1_102' title='bbox 994 1600 1090 1684; x_wconf 89' lang='lat' dir='ltr'><strong><em>Apud</em></strong></span> <span class='ocrx_word' id='word_1_103' title='bbox 1120 1597 1358 1675; x_wconf 88' lang='lat' dir='ltr'><strong><em>Villamnooam‚</em></strong></span> <span class='ocrx_word' id='word_1_104' title='bbox 1382 1601 1468 1666; x_wconf 85' lang='grc'><em>1357</em></span> <span class='ocrx_word' id='word_1_105' title='bbox 1488 1601 1583 1668; x_wconf 83' lang='lat' dir='ltr'><strong><em>Junii</em></strong></span> <span class='ocrx_word' id='word_1_106' title='bbox 1605 1603 1659 1667; x_wconf 88' lang='lat'><strong><em>13.</em></strong></span> 
     </span>
    </p>
   </div>
   <div class='ocr_carea' id='block_1_4' title="bbox 337 1767 689 1843">
    <p class='ocr_par' dir='ltr' id='par_1_4' title="bbox 337 1767 689 1843">
     <span class='ocr_line' id='line_1_12' title="bbox 337 1767 689 1843; baseline -0.009 -15"><span class='ocrx_word' id='word_1_107' title='bbox 337 1774 369 1828; x_wconf 75' lang='lat' dir='ltr'><strong><em>a.</em></strong></span> <span class='ocrx_word' id='word_1_108' title='bbox 388 1773 483 1843; x_wconf 87' lang='lat' dir='ltr'><strong><em>Suppl.</em></strong></span> <span class='ocrx_word' id='word_1_109' title='bbox 503 1778 535 1827; x_wconf 74' lang='lat' dir='ltr'><strong><em>tt</em></strong></span> <span class='ocrx_word' id='word_1_110' title='bbox 554 1772 602 1828; x_wconf 82' lang='lat' dir='ltr'><strong><em>fol.</em></strong></span> <span class='ocrx_word' id='word_1_111' title='bbox 622 1767 689 1826; x_wconf 78' lang='lat'>142‘.</span> 
     </span>
    </p>
   </div>
   <div class='ocr_carea' id='block_1_5' title="bbox 858 1935 1063 1944">
    <p class='ocr_par' dir='ltr' id='par_1_5' title="bbox 858 1935 1063 1944">
     <span class='ocr_line' id='line_1_13' title="bbox 858 1935 1063 1944; baseline 0.005 -2"><span class='ocrx_word' id='word_1_112' title='bbox 858 1935 1063 1944; x_wconf 50' lang='grc' dir='ltr'><strong><em>...Ἠ-.-</em></strong></span> 
     </span>
    </p>
   </div>
   <div class='ocr_carea' id='block_1_6' title="bbox 161 2101 1712 2607">
    <p class='ocr_par' dir='ltr' id='par_1_6' title="bbox 161 2101 1712 2607">
     <span class='ocr_line' id='line_1_14' title="bbox 167 2101 1712 2188; baseline 0.001 -16"><span class='ocrx_word' id='word_1_113' title='bbox 167 2105 295 2172; x_wconf 73' lang='lat'><strong><em>632.</em></strong></span> <span class='ocrx_word' id='word_1_114' title='bbox 325 2102 470 2187; x_wconf 81' lang='lat' dir='ltr'><strong><em>Officiali</em></strong></span> <span class='ocrx_word' id='word_1_115' title='bbox 492 2101 690 2171; x_wconf 76' lang='lat' dir='ltr'><strong><em>Daoooiensi</em></strong></span> <span class='ocrx_word' id='word_1_116' title='bbox 711 2103 895 2185; x_wconf 89' lang='lat' dir='ltr'><strong><em>mandatur,</em></strong></span> <span class='ocrx_word' id='word_1_117' title='bbox 918 2109 1072 2188; x_wconf 71' lang='lat' dir='ltr'><strong><em>quatenus</em></strong></span> <span class='ocrx_word' id='word_1_118' title='bbox 1087 2104 1219 2170; x_wconf 87' lang='lat' dir='ltr'><strong><em>Danieli</em></strong></span> <span class='ocrx_word' id='word_1_119' title='bbox 1240 2109 1314 2169; x_wconf 92' lang='lat' dir='ltr'><strong><em>noto</em></strong></span> <span class='ocrx_word' id='word_1_120' title='bbox 1334 2104 1464 2172; x_wconf 89' lang='lat' dir='ltr'><strong><em>Nicolai</em></strong></span> <span class='ocrx_word' id='word_1_121' title='bbox 1484 2107 1604 2173; x_wconf 86' lang='lat' dir='ltr'><strong><em>iuuenis</em></strong></span> <span class='ocrx_word' id='word_1_122' title='bbox 1633 2108 1712 2174; x_wconf 85' lang='lat' dir='ltr'><strong><em>Wir-</em></strong></span> 
     </span>
     <span class='ocr_line' id='line_1_15' title="bbox 163 2206 1710 2295; baseline 0.005 -23"><span class='ocrx_word' id='word_1_123' title='bbox 163 2209 287 2294; x_wconf 67' lang='lat' dir='ltr'><strong><em>aeinpi</em></strong></span> <span class='ocrx_word' id='word_1_124' title='bbox 318 2207 396 2273; x_wconf 69' lang='lat' dir='ltr'><strong><em>uois</em></strong></span> <span class='ocrx_word' id='word_1_125' title='bbox 420 2206 636 2274; x_wconf 82' lang='lat' dir='ltr'><strong><em>Cracouiensis</em></strong></span> <span class='ocrx_word' id='word_1_126' title='bbox 665 2208 704 2272; x_wconf 88' lang='lat' dir='ltr'><strong><em>de</em></strong></span> <span class='ocrx_word' id='word_1_127' title='bbox 725 2208 914 2274; x_wconf 86' lang='lat' dir='ltr'><strong><em>canonicatu</em></strong></span> <span class='ocrx_word' id='word_1_128' title='bbox 942 2207 1090 2274; x_wconf 86' lang='lat' dir='ltr'><strong><em>eeclesiae</em></strong></span> <span class='ocrx_word' id='word_1_129' title='bbox 1133 2208 1398 2285; x_wconf 78' lang='lat' dir='ltr'><strong><em>l&#39;ratislauiensis,</em></strong></span> <span class='ocrx_word' id='word_1_130' title='bbox 1432 2211 1465 2278; x_wconf 92' lang='lat' dir='ltr'><strong><em>in</em></strong></span> <span class='ocrx_word' id='word_1_131' title='bbox 1490 2233 1553 2295; x_wconf 80' lang='lat' dir='ltr'><strong><em>qua</em></strong></span> <span class='ocrx_word' id='word_1_132' title='bbox 1575 2206 1710 2279; x_wconf 87' lang='lat' dir='ltr'><strong><em>maiores</em></strong></span> 
     </span>
     <span class='ocr_line' id='line_1_16' title="bbox 162 2311 1708 2402; baseline 0.005 -26"><span class='ocrx_word' id='word_1_133' title='bbox 162 2317 229 2376; x_wconf 82' lang='lat' dir='ltr'><strong><em>et</em></strong></span> <span class='ocrx_word' id='word_1_134' title='bbox 251 2313 392 2379; x_wconf 88' lang='lat' dir='ltr'><strong><em>minores</em></strong></span> <span class='ocrx_word' id='word_1_135' title='bbox 408 2311 609 2396; x_wconf 80' lang='lat' dir='ltr'><strong><em>praebendae</em></strong></span> <span class='ocrx_word' id='word_1_136' title='bbox 631 2331 696 2378; x_wconf 87' lang='lat' dir='ltr'><strong><em>csse</em></strong></span> <span class='ocrx_word' id='word_1_137' title='bbox 718 2318 896 2398; x_wconf 88' lang='lat' dir='ltr'><strong><em>noscuntur,</em></strong></span> <span class='ocrx_word' id='word_1_138' title='bbox 918 2313 975 2378; x_wconf 89' lang='lat' dir='ltr'><strong><em>sub</em></strong></span> <span class='ocrx_word' id='word_1_139' title='bbox 997 2314 1210 2397; x_wconf 72' lang='lat' dir='ltr'><strong><em>expectatione</em></strong></span> <span class='ocrx_word' id='word_1_140' title='bbox 1230 2314 1362 2378; x_wconf 84' lang='lat' dir='ltr'><strong><em>maioris</em></strong></span> <span class='ocrx_word' id='word_1_141' title='bbox 1384 2316 1583 2398; x_wconf 80' lang='lat' dir='ltr'><strong><em>praebendae</em></strong></span> <span class='ocrx_word' id='word_1_142' title='bbox 1600 2317 1708 2402; x_wconf 87' lang='lat' dir='ltr'><strong><em>proci·</em></strong></span> 
     </span>
     <span class='ocr_line' id='line_1_17' title="bbox 161 2416 1706 2503; baseline 0.001 -18"><span class='ocrx_word' id='word_1_143' title='bbox 161 2418 273 2485; x_wconf 78' lang='lat' dir='ltr'><strong><em>deri</em></strong></span> <span class='ocrx_word' id='word_1_144' title='bbox 288 2421 448 2503; x_wconf 87' lang='lat' dir='ltr'><strong><em>procuret,</em></strong></span> <span class='ocrx_word' id='word_1_145' title='bbox 470 2437 534 2482; x_wconf 94' lang='lat' dir='ltr'><strong><em>non</em></strong></span> <span class='ocrx_word' id='word_1_146' title='bbox 555 2417 758 2502; x_wconf 87' lang='lat' dir='ltr'><strong><em>obstantibus,</em></strong></span> <span class='ocrx_word' id='word_1_147' title='bbox 785 2419 884 2483; x_wconf 92' lang='lat' dir='ltr'><strong><em>utin</em></strong></span> <span class='ocrx_word' id='word_1_148' title='bbox 905 2416 1136 2502; x_wconf 85' lang='lat' dir='ltr'><strong><em>supplicatione</em></strong></span> <span class='ocrx_word' id='word_1_149' title='bbox 1165 2418 1222 2483; x_wconf 89' lang='lat' dir='ltr'><strong><em>sub</em></strong></span> <span class='ocrx_word' id='word_1_150' title='bbox 1252 2440 1300 2483; x_wconf 90' lang='lat' dir='ltr'><strong><em>nr.</em></strong></span> <span class='ocrx_word' id='word_1_151' title='bbox 1325 2418 1397 2486; x_wconf 84' lang='lat'><strong><em>631.</em></strong></span> <span class='ocrx_word' id='word_1_152' title='bbox 1441 2421 1602 2502; x_wconf 77' lang='lat' dir='ltr'><strong><em>„Dipnum</em></strong></span> <span class='ocrx_word' id='word_1_153' title='bbox 1625 2422 1706 2488; x_wconf 86' lang='lat' dir='ltr'><strong><em>arbi·</em></strong></span> 
     </span>
     <span class='ocr_line' id='line_1_18' title="bbox 308 2521 1601 2607; baseline 0.004 -23"><span class='ocrx_word' id='word_1_154' title='bbox 308 2523 450 2588; x_wconf 81' lang='lat' dir='ltr'><strong><em>tramur“</em></strong></span> <span class='ocrx_word' id='word_1_155' title='bbox 480 2521 595 2606; x_wconf 87' lang='lat' dir='ltr'><strong><em>,Apud</em></strong></span> <span class='ocrx_word' id='word_1_156' title='bbox 622 2521 854 2588; x_wconf 78' lang='lat' dir='ltr'><strong><em>Villamnouam</em></strong></span> <span class='ocrx_word' id='word_1_157' title='bbox 877 2523 1100 2588; x_wconf 85' lang='lat' dir='ltr'><strong><em>Aninionensis</em></strong></span> <span class='ocrx_word' id='word_1_158' title='bbox 1123 2523 1201 2589; x_wconf 87' lang='lat' dir='ltr'><strong><em>dioc.</em></strong></span> <span class='ocrx_word' id='word_1_159' title='bbox 1224 2523 1268 2587; x_wconf 85' lang='lat' dir='ltr'><strong><em>id.</em></strong></span> <span class='ocrx_word' id='word_1_160' title='bbox 1292 2523 1387 2591; x_wconf 86' lang='lat' dir='ltr'><strong><em>Junii</em></strong></span> <span class='ocrx_word' id='word_1_161' title='bbox 1409 2546 1439 2590; x_wconf 94' lang='lat' dir='ltr'><strong><em>a.</em></strong></span> <span class='ocrx_word' id='word_1_162' title='bbox 1463 2527 1601 2607; x_wconf 74' lang='lat' dir='ltr'><strong><em>quinto.“</em></strong></span> 
     </span>
    </p>
   </div>
   <div class='ocr_carea' id='block_1_7' title="bbox 271 2661 1662 2783">
    <p class='ocr_par' dir='ltr' id='par_1_7' title="bbox 271 2661 1662 2783">
     <span class='ocr_line' id='line_1_19' title="bbox 271 2661 1662 2783; baseline 0.011 -65"><span class='ocrx_word' id='word_1_163' title='bbox 271 2662 303 2783; x_wconf 47' lang='grc' dir='ltr'><em>ξ</em></span> <span class='ocrx_word' id='word_1_164' title='bbox 999 2662 1095 2747; x_wconf 84' lang='lat' dir='ltr'><strong><em>Apud</em></strong></span> <span class='ocrx_word' id='word_1_165' title='bbox 1126 2661 1364 2744; x_wconf 81' lang='lat' dir='ltr'><strong><em>Villamnooam,</em></strong></span> <span class='ocrx_word' id='word_1_166' title='bbox 1388 2662 1473 2728; x_wconf 82' lang='lat'><strong><em>1357</em></strong></span> <span class='ocrx_word' id='word_1_167' title='bbox 1495 2664 1588 2731; x_wconf 86' lang='lat' dir='ltr'><strong><em>Junii</em></strong></span> <span class='ocrx_word' id='word_1_168' title='bbox 1610 2668 1662 2733; x_wconf 86' lang='grc'><strong><em>13,</em></strong></span> 
     </span>
    </p>
   </div>
   <div class='ocr_carea' id='block_1_8' title="bbox 335 2850 1481 2924">
    <p class='ocr_par' dir='ltr' id='par_1_8' title="bbox 335 2850 1481 2924">
     <span class='ocr_line' id='line_1_20' title="bbox 335 2850 1481 2924; baseline 0.002 -17"><span class='ocrx_word' id='word_1_169' title='bbox 335 2852 366 2907; x_wconf 82' lang='lat' dir='ltr'>R</span> <span class='ocrx_word' id='word_1_170' title='bbox 385 2853 435 2908; x_wconf 70' lang='lat' dir='ltr'><strong><em>Aa.</em></strong></span> <span class='ocrx_word' id='word_1_171' title='bbox 455 2857 505 2906; x_wconf 75' lang='lat'><strong><em>135</em></strong></span> <span class='ocrx_word' id='word_1_172' title='bbox 523 2851 569 2909; x_wconf 83' lang='lat' dir='ltr'><strong><em>fol.</em></strong></span> <span class='ocrx_word' id='word_1_173' title='bbox 582 2857 633 2907; x_wconf 70' lang='grc' dir='ltr'><strong><em>ὅθ’.</em></strong></span> <span class='ocrx_word' id='word_1_174' title='bbox 656 2883 682 2897; x_wconf 82' lang='grc'>-</span> <span class='ocrx_word' id='word_1_175' title='bbox 704 2852 770 2922; x_wconf 82' lang='lat' dir='ltr'><strong><em>Reg.</em></strong></span> <span class='ocrx_word' id='word_1_176' title='bbox 790 2851 864 2922; x_wconf 87' lang='lat' dir='ltr'><strong><em>apud</em></strong></span> <span class='ocrx_word' id='word_1_177' title='bbox 880 2850 1008 2915; x_wconf 78' lang='lat' dir='ltr'><strong><em>Theiner,</em></strong></span> <span class='ocrx_word' id='word_1_178' title='bbox 1027 2852 1101 2906; x_wconf 88' lang='lat' dir='ltr'><strong><em>Mon.</em></strong></span> <span class='ocrx_word' id='word_1_179' title='bbox 1122 2851 1179 2909; x_wconf 87' lang='lat' dir='ltr'><strong><em>Pol.</em></strong></span> <span class='ocrx_word' id='word_1_180' title='bbox 1199 2852 1212 2906; x_wconf 92' lang='lat'>1</span> <span class='ocrx_word' id='word_1_181' title='bbox 1230 2870 1290 2924; x_wconf 76' lang='lat' dir='ltr'><strong><em>pag.</em></strong></span> <span class='ocrx_word' id='word_1_182' title='bbox 1311 2858 1369 2909; x_wconf 74' lang='lat' dir='ltr'><strong><em>bat.</em></strong></span> <span class='ocrx_word' id='word_1_183' title='bbox 1480 2880 1481 2884; x_wconf 65' lang='lat'><strong><em>,</em></strong></span> 
     </span>
    </p>
   </div>
   <div class='ocr_carea' id='block_1_9' title="bbox 856 3047 1057 3058">
    <p class='ocr_par' dir='ltr' id='par_1_9' title="bbox 856 3047 1057 3058">
     <span class='ocr_line' id='line_1_21' title="bbox 856 3047 1057 3058; baseline 0 -3"><span class='ocrx_word' id='word_1_184' title='bbox 856 3047 1057 3058; x_wconf 52' lang='grc' dir='ltr'><strong>’.μ-...-</strong></span> 
     </span>
    </p>
   </div>
   <div class='ocr_carea' id='block_1_10' title="bbox 127 3235 1712 3878">
    <p class='ocr_par' dir='ltr' id='par_1_10' title="bbox 127 3235 1712 3746">
     <span class='ocr_line' id='line_1_22' title="bbox 139 3235 1706 3323; baseline 0.001 -18"><span class='ocrx_word' id='word_1_185' title='bbox 139 3241 294 3309; x_wconf 65' lang='grc'><strong><em>633.</em></strong></span> <span class='ocrx_word' id='word_1_186' title='bbox 326 3236 442 3320; x_wconf 78' lang='lat' dir='ltr'><strong><em>Epidio</em></strong></span> <span class='ocrx_word' id='word_1_187' title='bbox 464 3237 502 3302; x_wconf 88' lang='lat' dir='ltr'><strong><em>de</em></strong></span> <span class='ocrx_word' id='word_1_188' title='bbox 528 3236 769 3320; x_wconf 82' lang='lat' dir='ltr'><strong><em>,Lonuroanu“,</em></strong></span> <span class='ocrx_word' id='word_1_189' title='bbox 791 3237 826 3302; x_wconf 87' lang='lat' dir='ltr'><strong><em>in</em></strong></span> <span class='ocrx_word' id='word_1_190' title='bbox 842 3235 1082 3320; x_wconf 78' lang='lat' dir='ltr'><strong><em>presbyteratus</em></strong></span> <span class='ocrx_word' id='word_1_191' title='bbox 1102 3238 1212 3304; x_wconf 88' lang='lat' dir='ltr'><strong><em>ordine</em></strong></span> <span class='ocrx_word' id='word_1_192' title='bbox 1232 3240 1406 3318; x_wconf 68' lang='lat' dir='ltr'><strong><em>comente,</em></strong></span> <span class='ocrx_word' id='word_1_193' title='bbox 1438 3241 1501 3323; x_wconf 80' lang='lat' dir='ltr'><strong><em>qui,</em></strong></span> <span class='ocrx_word' id='word_1_194' title='bbox 1523 3245 1557 3305; x_wconf 84' lang='lat' dir='ltr'><strong><em>ut</em></strong></span> <span class='ocrx_word' id='word_1_195' title='bbox 1579 3242 1706 3323; x_wconf 89' lang='lat' dir='ltr'><strong><em>asserit,</em></strong></span> 
     </span>
     <span class='ocr_line' id='line_1_23' title="bbox 148 3342 1705 3428; baseline 0 -16"><span class='ocrx_word' id='word_1_196' title='bbox 148 3342 316 3412; x_wconf 72' lang='lat' dir='ltr'><strong><em>Caroli</em></strong></span> <span class='ocrx_word' id='word_1_197' title='bbox 338 3344 553 3409; x_wconf 88' lang='lat' dir='ltr'><strong><em>Romanorum</em></strong></span> <span class='ocrx_word' id='word_1_198' title='bbox 575 3343 776 3426; x_wconf 86' lang='lat' dir='ltr'><strong><em>imperatoris</em></strong></span> <span class='ocrx_word' id='word_1_199' title='bbox 797 3342 1047 3424; x_wconf 74' lang='lat' dir='ltr'><strong><em>consanpuineus</em></strong></span> <span class='ocrx_word' id='word_1_200' title='bbox 1075 3346 1105 3407; x_wconf 86' lang='lat' dir='ltr'><strong><em>et</em></strong></span> <span class='ocrx_word' id='word_1_201' title='bbox 1128 3343 1219 3408; x_wconf 89' lang='lat' dir='ltr'><strong><em>Petri</em></strong></span> <span class='ocrx_word' id='word_1_202' title='bbox 1240 3345 1291 3408; x_wconf 83' lang='lat' dir='ltr'><strong><em>tit.</em></strong></span> <span class='ocrx_word' id='word_1_203' title='bbox 1316 3364 1339 3410; x_wconf 87' lang='lat' dir='ltr'><strong><em>s.</em></strong></span> <span class='ocrx_word' id='word_1_204' title='bbox 1363 3343 1559 3411; x_wconf 87' lang='lat' dir='ltr'><strong><em>Anastasiae</em></strong></span> <span class='ocrx_word' id='word_1_205' title='bbox 1576 3347 1705 3428; x_wconf 77' lang='lat' dir='ltr'><strong><em>presby·</em></strong></span> 
     </span>
     <span class='ocr_line' id='line_1_24' title="bbox 130 3445 1706 3531; baseline 0.001 -16"><span class='ocrx_word' id='word_1_206' title='bbox 130 3447 262 3515; x_wconf 63' lang='lat' dir='ltr'><strong><em>terr·</em></strong></span> <span class='ocrx_word' id='word_1_207' title='bbox 291 3446 469 3513; x_wconf 84' lang='lat' dir='ltr'><strong><em>cardinalis</em></strong></span> <span class='ocrx_word' id='word_1_208' title='bbox 497 3446 680 3531; x_wconf 89' lang='lat' dir='ltr'><strong><em>capellanus</em></strong></span> <span class='ocrx_word' id='word_1_209' title='bbox 710 3447 874 3513; x_wconf 89' lang='lat' dir='ltr'><strong><em>continuus</em></strong></span> <span class='ocrx_word' id='word_1_210' title='bbox 904 3445 1020 3526; x_wconf 87' lang='lat' dir='ltr'><strong><em>ecistit,</em></strong></span> <span class='ocrx_word' id='word_1_211' title='bbox 1054 3445 1092 3510; x_wconf 90' lang='lat' dir='ltr'><strong><em>de</em></strong></span> <span class='ocrx_word' id='word_1_212' title='bbox 1114 3447 1302 3513; x_wconf 81' lang='lat' dir='ltr'><strong><em>canonicatu</em></strong></span> <span class='ocrx_word' id='word_1_213' title='bbox 1324 3448 1471 3513; x_wconf 89' lang='lat' dir='ltr'><strong><em>ecclesiae</em></strong></span> <span class='ocrx_word' id='word_1_214' title='bbox 1496 3450 1706 3516; x_wconf 86' lang='lat' dir='ltr'><strong><em>Traiectensis</em></strong></span> 
     </span>
     <span class='ocr_line' id='line_1_25' title="bbox 127 3534 1712 3636; baseline 0 -18"><span class='ocrx_word' id='word_1_215' title='bbox 127 3553 256 3618; x_wconf 61' lang='lat' dir='ltr'><strong><em>emb</em></strong></span> <span class='ocrx_word' id='word_1_216' title='bbox 279 3534 494 3636; x_wconf 55' lang='lat' dir='ltr'><strong><em>Qedutione</em></strong></span> <span class='ocrx_word' id='word_1_217' title='bbox 510 3551 711 3635; x_wconf 89' lang='lat' dir='ltr'><strong><em>praebendae</em></strong></span> <span class='ocrx_word' id='word_1_218' title='bbox 728 3549 923 3634; x_wconf 85' lang='lat' dir='ltr'><strong><em>providetur.</em></strong></span> <span class='ocrx_word' id='word_1_219' title='bbox 953 3549 1135 3631; x_wconf 85' lang='lat' dir='ltr'><strong><em>,Nobilitas</em></strong></span> <span class='ocrx_word' id='word_1_220' title='bbox 1155 3551 1297 3632; x_wconf 79' lang='lat' dir='ltr'><strong><em>peneris“</em></strong></span> <span class='ocrx_word' id='word_1_221' title='bbox 1328 3549 1441 3635; x_wconf 84' lang='lat' dir='ltr'><strong><em>,Apud</em></strong></span> <span class='ocrx_word' id='word_1_222' title='bbox 1457 3609 1458 3614; x_wconf 73' lang='grc'>,</span> <span class='ocrx_word' id='word_1_223' title='bbox 1472 3551 1712 3621; x_wconf 69' lang='lat' dir='ltr'><strong><em>Villamnom</em></strong></span> 
     </span>
     <span class='ocr_line' id='line_1_26' title="bbox 594 3654 1711 3746; baseline 0.001 -25"><span class='ocrx_word' id='word_1_224' title='bbox 594 3655 818 3722; x_wconf 88' lang='lat' dir='ltr'><strong><em>Auiniouensis</em></strong></span> <span class='ocrx_word' id='word_1_225' title='bbox 842 3656 917 3720; x_wconf 88' lang='lat' dir='ltr'><strong><em>dioc.</em></strong></span> <span class='ocrx_word' id='word_1_226' title='bbox 941 3654 984 3721; x_wconf 75' lang='lat' dir='ltr'><strong><em>id,</em></strong></span> <span class='ocrx_word' id='word_1_227' title='bbox 1006 3656 1100 3746; x_wconf 80' lang='lat' dir='ltr'><strong><em>lunii</em></strong></span> <span class='ocrx_word' id='word_1_228' title='bbox 1121 3676 1152 3720; x_wconf 92' lang='lat' dir='ltr'><strong><em>a.</em></strong></span> <span class='ocrx_word' id='word_1_229' title='bbox 1176 3655 1311 3739; x_wconf 79' lang='lat' dir='ltr'><strong><em>quinto.“</em></strong></span> <span class='ocrx_word' id='word_1_230' title='bbox 1567 3721 1569 3724; x_wconf 10' lang='grc' dir='ltr'><em>Α</em></span> <span class='ocrx_word' id='word_1_231' title='bbox 1602 3654 1603 3658; x_wconf 68' lang='grc'>’</span> <span class='ocrx_word' id='word_1_232' title='bbox 1707 3693 1711 3702; x_wconf 77' lang='lat'>=</span> 
     </span>
    </p>

    <p class='ocr_par' dir='ltr' id='par_1_11' title="bbox 995 3793 1657 3878">
     <span class='ocr_line' id='line_1_27' title="bbox 995 3793 1657 3878; baseline 0.002 -19"><span class='ocrx_word' id='word_1_233' title='bbox 995 3794 1091 3878; x_wconf 84' lang='lat' dir='ltr'><strong><em>Apud</em></strong></span> <span class='ocrx_word' id='word_1_234' title='bbox 1120 3793 1469 3871; x_wconf 77' lang='lat' dir='ltr'><strong><em>anlomnouam,1367</em></strong></span> <span class='ocrx_word' id='word_1_235' title='bbox 1491 3797 1585 3864; x_wconf 86' lang='lat' dir='ltr'><strong><em>Junii</em></strong></span> <span class='ocrx_word' id='word_1_236' title='bbox 1607 3798 1657 3862; x_wconf 82' lang='lat'><strong><em>13.</em></strong></span> 
     </span>
    </p>
   </div>
   <div class='ocr_carea' id='block_1_11' title="bbox 246 3814 1238 4057">
    <p class='ocr_par' dir='ltr' id='par_1_12' title="bbox 246 3814 1238 4057">
     <span class='ocr_line' id='line_1_28' title="bbox 246 3814 360 3901; baseline -0.026 0"><span class='ocrx_word' id='word_1_237' title='bbox 246 3886 254 3901; x_wconf 90' lang='lat'><strong>.</strong></span> <span class='ocrx_word' id='word_1_238' title='bbox 270 3814 360 3899; x_wconf 65' lang='grc' dir='ltr'><strong><em>ΞΧ.</em></strong></span> 
     </span>
     <span class='ocr_line' id='line_1_29' title="bbox 334 3982 1238 4057; baseline 0 -19"><span class='ocrx_word' id='word_1_239' title='bbox 334 3983 366 4038; x_wconf 88' lang='lat' dir='ltr'><strong><em>R.</em></strong></span> <span class='ocrx_word' id='word_1_240' title='bbox 384 3985 434 4038; x_wconf 75' lang='lat' dir='ltr'><strong><em>Au.</em></strong></span> <span class='ocrx_word' id='word_1_241' title='bbox 454 3986 505 4041; x_wconf 77' lang='lat' dir='ltr'><strong><em>let</em></strong></span> <span class='ocrx_word' id='word_1_242' title='bbox 521 3983 570 4038; x_wconf 83' lang='lat' dir='ltr'><strong><em>iol.</em></strong></span> <span class='ocrx_word' id='word_1_243' title='bbox 589 3989 631 4038; x_wconf 78' lang='grc'><strong><em>78.</em></strong></span> <span class='ocrx_word' id='word_1_244' title='bbox 650 4014 684 4023; x_wconf 96' lang='grc'>-</span> <span class='ocrx_word' id='word_1_245' title='bbox 703 3983 781 4039; x_wconf 85' lang='lat' dir='ltr'><strong><em>Conl.</em></strong></span> <span class='ocrx_word' id='word_1_246' title='bbox 801 3982 1028 4057; x_wconf 72' lang='lat' dir='ltr'><strong><em>supplicationem</em></strong></span> <span class='ocrx_word' id='word_1_247' title='bbox 1049 3983 1100 4038; x_wconf 88' lang='lat' dir='ltr'><strong><em>sub</em></strong></span> <span class='ocrx_word' id='word_1_248' title='bbox 1119 4001 1159 4038; x_wconf 89' lang='lat' dir='ltr'><strong><em>nr.</em></strong></span> <span class='ocrx_word' id='word_1_249' title='bbox 1179 3989 1238 4040; x_wconf 79' lang='lat' dir='ltr'><strong><em>aba.</em></strong></span> 
     </span>
    </p>
   </div>
   <div class='ocr_carea' id='block_1_12' title="bbox 120 4367 1704 4661">
    <p class='ocr_par' dir='ltr' id='par_1_13' title="bbox 120 4367 1704 4661">
     <span class='ocr_line' id='line_1_30' title="bbox 125 4367 1704 4454; baseline -0.004 -14"><span class='ocrx_word' id='word_1_250' title='bbox 125 4370 292 4440; x_wconf 64' lang='lat'><strong><em>834.</em></strong></span> <span class='ocrx_word' id='word_1_251' title='bbox 323 4367 592 4453; x_wconf 84' lang='lat' dir='ltr'><strong><em>Arcbiepisoopus</em></strong></span> <span class='ocrx_word' id='word_1_252' title='bbox 617 4368 786 4451; x_wconf 57' lang='lat' dir='ltr'><strong><em>&amp;aponus</em></strong></span> <span class='ocrx_word' id='word_1_253' title='bbox 808 4372 948 4450; x_wconf 83' lang='lat' dir='ltr'><strong><em>ropatur,</em></strong></span> <span class='ocrx_word' id='word_1_254' title='bbox 983 4373 1136 4451; x_wconf 80' lang='lat' dir='ltr'><strong><em>quatenus</em></strong></span> <span class='ocrx_word' id='word_1_255' title='bbox 1160 4389 1303 4434; x_wconf 72' lang='lat' dir='ltr'><strong><em>cornuae</em></strong></span> <span class='ocrx_word' id='word_1_256' title='bbox 1333 4368 1524 4451; x_wconf 89' lang='lat' dir='ltr'><strong><em>apostolicae</em></strong></span> <span class='ocrx_word' id='word_1_257' title='bbox 1540 4391 1601 4454; x_wconf 87' lang='lat' dir='ltr'><strong><em>per</em></strong></span> <span class='ocrx_word' id='word_1_258' title='bbox 1624 4369 1704 4434; x_wconf 77' lang='lat' dir='ltr'><strong><em>Plei-</em></strong></span> 
     </span>
     <span class='ocr_line' id='line_1_31' title="bbox 120 4457 1703 4561; baseline 0 -21"><span class='ocrx_word' id='word_1_259' title='bbox 120 4457 324 4561; x_wconf 67' lang='lat' dir='ltr'><strong><em>2t&#39;ppum</em></strong></span> <span class='ocrx_word' id='word_1_260' title='bbox 346 4474 525 4556; x_wconf 85' lang='lat' dir='ltr'><strong><em>episcopum</em></strong></span> <span class='ocrx_word' id='word_1_261' title='bbox 542 4471 797 4556; x_wconf 80' lang='lat' dir='ltr'><strong><em>Caoalliceruem,</em></strong></span> <span class='ocrx_word' id='word_1_262' title='bbox 820 4470 1010 4556; x_wconf 89' lang='lat' dir='ltr'><strong><em>apostolicae</em></strong></span> <span class='ocrx_word' id='word_1_263' title='bbox 1032 4472 1116 4537; x_wconf 86' lang='lat' dir='ltr'><strong><em>sedis</em></strong></span> <span class='ocrx_word' id='word_1_264' title='bbox 1138 4475 1295 4552; x_wconf 85' lang='lat' dir='ltr'><strong><em>nuntium,</em></strong></span> <span class='ocrx_word' id='word_1_265' title='bbox 1318 4472 1492 4538; x_wconf 85' lang='lat' dir='ltr'><strong><em>subsidium</em></strong></span> <span class='ocrx_word' id='word_1_266' title='bbox 1514 4474 1557 4540; x_wconf 92' lang='lat' dir='ltr'><strong><em>ad</em></strong></span> <span class='ocrx_word' id='word_1_267' title='bbox 1578 4493 1703 4557; x_wconf 84' lang='lat' dir='ltr'><strong><em>recupe-</em></strong></span> 
     </span>
     <span class='ocr_line' id='line_1_32' title="bbox 520 4577 1383 4661; baseline 0.005 -20"><span class='ocrx_word' id='word_1_268' title='bbox 520 4577 674 4642; x_wconf 88' lang='lat' dir='ltr'><strong><em>rationem</em></strong></span> <span class='ocrx_word' id='word_1_269' title='bbox 696 4581 858 4641; x_wconf 77' lang='lat' dir='ltr'><strong><em>terranem</em></strong></span> <span class='ocrx_word' id='word_1_270' title='bbox 883 4578 1044 4643; x_wconf 83' lang='lat' dir='ltr'><strong><em>Romanae</em></strong></span> <span class='ocrx_word' id='word_1_271' title='bbox 1065 4577 1213 4642; x_wconf 89' lang='lat' dir='ltr'><strong><em>ecelesiae</em></strong></span> <span class='ocrx_word' id='word_1_272' title='bbox 1234 4584 1383 4661; x_wconf 89' lang='lat' dir='ltr'><strong><em>praestet.</em></strong></span> 
     </span>
    </p>
   </div>
   <div class='ocr_carea' id='block_1_13' title="bbox 998 4713 1658 4798">
    <p class='ocr_par' dir='ltr' id='par_1_14' title="bbox 998 4713 1658 4798">
     <span class='ocr_line' id='line_1_33' title="bbox 998 4713 1658 4798; baseline 0.014 -22"><span class='ocrx_word' id='word_1_273' title='bbox 998 4714 1094 4797; x_wconf 84' lang='lat' dir='ltr'><strong><em>Apud</em></strong></span> <span class='ocrx_word' id='word_1_274' title='bbox 1127 4715 1469 4798; x_wconf 67' lang='lat' dir='ltr'><strong><em>unbauranamma?</em></strong></span> <span class='ocrx_word' id='word_1_275' title='bbox 1489 4713 1585 4781; x_wconf 84' lang='lat' dir='ltr'><strong><em>Junic&#39;</em></strong></span> <span class='ocrx_word' id='word_1_276' title='bbox 1605 4720 1658 4785; x_wconf 78' lang='lat'><strong><em>22.</em></strong></span> 
     </span>
    </p>
   </div>
   <div class='ocr_carea' id='block_1_14' title="bbox 152 4905 1717 5409">
    <p class='ocr_par' dir='ltr' id='par_1_15' title="bbox 152 4905 1717 5409">
     <span class='ocr_line' id='line_1_34' title="bbox 332 4905 1700 4992; baseline 0 -19"><span class='ocrx_word' id='word_1_277' title='bbox 332 4906 410 4973; x_wconf 83' lang='lat' dir='ltr'><strong><em>Van</em></strong></span> <span class='ocrx_word' id='word_1_278' title='bbox 431 4905 469 4971; x_wconf 81' lang='lat' dir='ltr'><strong><em>ir.</em></strong></span> <span class='ocrx_word' id='word_1_279' title='bbox 494 4905 730 4989; x_wconf 87' lang='lat' dir='ltr'><strong><em>archiepiscopo</em></strong></span> <span class='ocrx_word' id='word_1_280' title='bbox 753 4905 942 4991; x_wconf 85' lang='lat' dir='ltr'><strong><em>[Pragensi].</em></strong></span> <span class='ocrx_word' id='word_1_281' title='bbox 973 4906 1044 4971; x_wconf 90' lang='lat' dir='ltr'><strong><em>Non</em></strong></span> <span class='ocrx_word' id='word_1_282' title='bbox 1066 4911 1173 4989; x_wconf 86' lang='lat' dir='ltr'><strong><em>potest</em></strong></span> <span class='ocrx_word' id='word_1_283' title='bbox 1194 4907 1296 4971; x_wconf 84' lang='lat' dir='ltr'><strong><em>latere</em></strong></span> <span class='ocrx_word' id='word_1_284' title='bbox 1319 4912 1361 4990; x_wconf 89' lang='lat' dir='ltr'><strong><em>te,</em></strong></span> <span class='ocrx_word' id='word_1_285' title='bbox 1384 4906 1492 4988; x_wconf 83' lang='lat' dir='ltr'><strong><em>frater,</em></strong></span> <span class='ocrx_word' id='word_1_286' title='bbox 1516 4926 1585 4973; x_wconf 86' lang='lat' dir='ltr'><strong><em>eum</em></strong></span> <span class='ocrx_word' id='word_1_287' title='bbox 1607 4908 1700 4992; x_wconf 82' lang='lat' dir='ltr'><strong><em>longe</em></strong></span> 
     </span>
     <span class='ocr_line' id='line_1_35' title="bbox 154 5010 1700 5094; baseline 0.002 -22"><span class='ocrx_word' id='word_1_288' title='bbox 154 5015 241 5080; x_wconf 69' lang='lat' dir='ltr'><strong><em>sit</em></strong></span> <span class='ocrx_word' id='word_1_289' title='bbox 265 5012 399 5093; x_wconf 85' lang='lat' dir='ltr'><strong><em>lateque</em></strong></span> <span class='ocrx_word' id='word_1_290' title='bbox 422 5011 578 5077; x_wconf 89' lang='lat' dir='ltr'><strong><em>notorium</em></strong></span> <span class='ocrx_word' id='word_1_291' title='bbox 603 5016 637 5075; x_wconf 88' lang='lat' dir='ltr'><strong><em>et</em></strong></span> <span class='ocrx_word' id='word_1_292' title='bbox 659 5010 776 5076; x_wconf 87' lang='lat' dir='ltr'><strong><em>nostris</em></strong></span> <span class='ocrx_word' id='word_1_293' title='bbox 798 5010 917 5075; x_wconf 82' lang='lat' dir='ltr'><strong><em>litteris</em></strong></span> <span class='ocrx_word' id='word_1_294' title='bbox 941 5010 1091 5077; x_wconf 87' lang='lat' dir='ltr'><strong><em>didiceris</em></strong></span> <span class='ocrx_word' id='word_1_295' title='bbox 1114 5011 1222 5090; x_wconf 87' lang='lat' dir='ltr'><strong><em>eciem,</em></strong></span> <span class='ocrx_word' id='word_1_296' title='bbox 1247 5011 1374 5091; x_wconf 84' lang='lat' dir='ltr'><strong><em>quantis</em></strong></span> <span class='ocrx_word' id='word_1_297' title='bbox 1396 5028 1606 5094; x_wconf 81' lang='lat' dir='ltr'><strong><em>expensarum</em></strong></span> <span class='ocrx_word' id='word_1_298' title='bbox 1629 5029 1700 5093; x_wconf 87' lang='lat' dir='ltr'><strong><em>pre-</em></strong></span> 
     </span>
     <span class='ocr_line' id='line_1_36' title="bbox 152 5114 1717 5200; baseline -0.003 -17"><span class='ocrx_word' id='word_1_299' title='bbox 152 5122 323 5183; x_wconf 70' lang='lat' dir='ltr'><strong><em>mamur</em></strong></span> <span class='ocrx_word' id='word_1_300' title='bbox 351 5114 500 5182; x_wconf 90' lang='lat' dir='ltr'><strong><em>oneribus</em></strong></span> <span class='ocrx_word' id='word_1_301' title='bbox 528 5115 663 5180; x_wconf 82' lang='lat' dir='ltr'><strong><em>maxime</em></strong></span> <span class='ocrx_word' id='word_1_302' title='bbox 693 5116 732 5181; x_wconf 91' lang='lat' dir='ltr'><strong><em>ob</em></strong></span> <span class='ocrx_word' id='word_1_303' title='bbox 755 5120 909 5180; x_wconf 87' lang='lat' dir='ltr'><strong><em>terrarum</em></strong></span> <span class='ocrx_word' id='word_1_304' title='bbox 933 5116 1073 5180; x_wconf 86' lang='lat' dir='ltr'><strong><em>Romane</em></strong></span> <span class='ocrx_word' id='word_1_305' title='bbox 1103 5116 1285 5181; x_wconf 87' lang='lat' dir='ltr'><strong><em>immediate</em></strong></span> <span class='ocrx_word' id='word_1_306' title='bbox 1316 5114 1528 5180; x_wconf 86' lang='lat' dir='ltr'><strong><em>subiecturum</em></strong></span> <span class='ocrx_word' id='word_1_307' title='bbox 1555 5115 1717 5200; x_wconf 86' lang='lat' dir='ltr'><strong><em>ecclesie,</em></strong></span> 
     </span>
     <span class='ocr_line' id='line_1_37' title="bbox 162 5219 1699 5304; baseline -0.003 -17"><span class='ocrx_word' id='word_1_308' title='bbox 162 5230 334 5299; x_wconf 84' lang='lat' dir='ltr'><strong><em>querum</em></strong></span> <span class='ocrx_word' id='word_1_309' title='bbox 355 5237 501 5304; x_wconf 81' lang='lat' dir='ltr'><strong><em>magnam</em></strong></span> <span class='ocrx_word' id='word_1_310' title='bbox 522 5225 646 5303; x_wconf 85' lang='lat' dir='ltr'><strong><em>partem</em></strong></span> <span class='ocrx_word' id='word_1_311' title='bbox 661 5221 856 5301; x_wconf 86' lang='lat' dir='ltr'><strong><em>quorundam</em></strong></span> <span class='ocrx_word' id='word_1_312' title='bbox 878 5220 1074 5286; x_wconf 79' lang='lat' dir='ltr'><strong><em>tirannorum</em></strong></span> <span class='ocrx_word' id='word_1_313' title='bbox 1090 5239 1185 5285; x_wconf 84' lang='lat' dir='ltr'><strong><em>avara</em></strong></span> <span class='ocrx_word' id='word_1_314' title='bbox 1199 5219 1357 5303; x_wconf 83' lang='lat' dir='ltr'><strong><em>cupiditas</em></strong></span> <span class='ocrx_word' id='word_1_315' title='bbox 1373 5220 1546 5302; x_wconf 86' lang='lat' dir='ltr'><strong><em>occupavit,</em></strong></span> <span class='ocrx_word' id='word_1_316' title='bbox 1568 5236 1699 5301; x_wconf 86' lang='lat' dir='ltr'><strong><em>recupe-</em></strong></span> 
     </span>
     <span class='ocr_line' id='line_1_38' title="bbox 166 5323 1700 5409; baseline -0.002 -18"><span class='ocrx_word' id='word_1_317' title='bbox 166 5325 369 5409; x_wconf 74' lang='lat' dir='ltr'><strong><em>racionem,</em></strong></span> <span class='ocrx_word' id='word_1_318' title='bbox 392 5325 432 5390; x_wconf 85' lang='lat' dir='ltr'><strong><em>ed</em></strong></span> <span class='ocrx_word' id='word_1_319' title='bbox 454 5342 547 5406; x_wconf 88' lang='lat' dir='ltr'><strong><em>quem</em></strong></span> <span class='ocrx_word' id='word_1_320' title='bbox 568 5323 769 5392; x_wconf 82' lang='lat' dir='ltr'><strong><em>incessanter</em></strong></span> <span class='ocrx_word' id='word_1_321' title='bbox 783 5324 934 5390; x_wconf 85' lang='lat' dir='ltr'><strong><em>enitimur</em></strong></span> <span class='ocrx_word' id='word_1_322' title='bbox 949 5329 984 5389; x_wconf 88' lang='lat' dir='ltr'><strong><em>et</em></strong></span> <span class='ocrx_word' id='word_1_323' title='bbox 998 5328 1122 5390; x_wconf 86' lang='lat' dir='ltr'><strong><em>attenta</em></strong></span> <span class='ocrx_word' id='word_1_324' title='bbox 1138 5324 1339 5391; x_wconf 88' lang='lat' dir='ltr'><strong><em>solicitudine</em></strong></span> <span class='ocrx_word' id='word_1_325' title='bbox 1354 5323 1542 5390; x_wconf 85' lang='lat' dir='ltr'><strong><em>laboramus.</em></strong></span> <span class='ocrx_word' id='word_1_326' title='bbox 1567 5323 1700 5406; x_wconf 87' lang='lat' dir='ltr'><strong><em>Propter</em></strong></span> 
     </span>
    </p>
   </div>
   <div class='ocr_carea' id='block_1_15' title="bbox 0 0 1976 6059">
    <p class='ocr_par' dir='ltr' id='par_1_16' title="bbox 0 0 1976 6059">
     <span class='ocr_line' id='line_1_39' title="bbox 0 0 1976 6059; baseline 0 0"><span class='ocrx_word' id='word_1_327' title='bbox 0 0 1976 6059; x_wconf 95' lang='lat' dir='ltr'><strong><em> </em></strong></span> 
     </span>
    </p>
   </div>
  </div>
 </body>
</html>
