3944 6060
243 380 305 445 178
753 432 759 441 ,
839 375 910 428 Acts
928 372 1083 428 iunocentii
1104 373 1149 426 Vl.

238 586 446 669 predecessor
490 602 613 647 camere
659 583 832 664 apostolice
879 600 935 664 pro
980 580 1206 663 supportandis
1259 580 1361 662 ipsius
1415 597 1540 644 camere
1596 579 1749 673 euentus

236 689 423 770 reservavit,
454 688 483 752 d.
515 687 535 752 f.
572 687 709 751 Johanni
743 687 901 767 Paduano,
939 685 1058 750 decano
1093 684 1227 749 ecclesie
1265 684 1540 766 Wiscegradensis
1578 685 1749 766 Progensis

239 794 330 869 dioc,
366 791 538 874 apostolice
570 791 656 857 sedis
687 790 810 866 nuncio,
827 791 852 869 ε)
876 788 1004 854 tradere
1038 794 1072 852 et
1095 788 1257 870 assignare
1282 807 1351 852 curn
1375 788 1563 869 integritate
1587 805 1748 870 procures.

237 897 303 962 Nos
326 898 410 961 eninr
433 897 518 960 dicto
542 896 661 960 decano
685 893 829 975 quitandi
853 899 887 957 et
910 893 1095 958 absolvendi
1119 899 1151 958 te
1175 893 1214 957 de
1238 892 1310 972 hiis,
1346 910 1407 972 que
1431 892 1492 956 sibi
1516 892 1647 957 duxeris
1671 891 1750 955 assi·

240 1002 374 1083 grande,
409 1000 535 1082 plenam
566 998 766 1062 concedimus
797 1018 854 1080 per
885 997 963 1061 alias
986 1004 1112 1062 nostras
1134 997 1261 1061 litteras
1284 994 1479 1059 facultatem.
1526 997 1563 1060 D.
1588 995 1747 1060 Auinione

239 1122 310 1169 non.
336 1103 447 1167 Marcii
470 1103 674 1184 pontificatus
697 1103 798 1167 nostri
821 1121 850 1166 a.
874 1108 997 1182 quarto.

370 1308 402 1360 R.
423 1309 483 1360 Vat.
503 1314 552 1360 ‘24⁶2
572 1307 618 1362 fol.
640 1308 706 1374 1992
732 1308 763 1361 R.
783 1308 844 1361 Vat
871 1314 920 1361 ⁸238
944 1306 1112 1373 fornagia.
1132 1308 1303 1361 vaccarii
1323 1307 1577 1375 (orchestram.
1597 1333 1632 1341 —
1654 1310 1679 1368 a)
1698 1304 1743 1357 Se-

239 1395 345 1463 quitur:
365 1395 445 1462 ‚sicut
462 1396 490 1447 in
509 1395 649 1448 nonnullis
669 1395 733 1448 aliis
752 1395 877 1463 partibus
896 1394 989 1463 regni,
1009 1394 1097 1449 serius
1115 1395 1157 1448 in:
1177 1394 1299 1463 ,aliarum
1319 1409 1428 1462 qnoque
1447 1392 1566 1461 partium
1585 1390 1670 1459 regni‘
1689 1406 1748 1444 cor·

236 1489 349 1550 rectum,
376 1482 623 1537 sed'cancellatum
643 1493 685 1536 est
709 1483 736 1534 in
762 1483 872 1535 Archet.
897 1483 922 1549 b)
941 1481 1084 1548 Sequitur:
1109 1481 1280 1545 ,instanciam
1299 1480 1426 1549 imposito
1445 1486 1472 1534 et
1490 1478 1542 1533 sihi
1562 1493 1611 1547 per
1629 1475 1747 1531 eundem

236 1569 474 1638 predecessorem‘,
503 1569 550 1622 sed
579 1570 760 1622 cancellatum
787 1577 831 1623 est
856 1569 884 1621 in
903 1569 1013 1622 Archa.
1043 1577 1067 1628 ο)
1085 1568 1227 1637 Sequitur:
1254 1567 1337 1634 ,illam
1362 1567 1471 1620 nomine
1490 1563 1564 1619 sedis
1586 1572 1613 1617 et
1636 1578 1743 1618 camere

235 1656 419 1725 predictarum
439 1656 598 1725 recipienti,
618 1655 666 1709 sed
680 1656 861 1710 cancellatum
875 1655 956 1709 estin
976 1656 1086 1708 Archet.
1106 1686 1138 1695 -
1154 1658 1173 1722 ¹)
1186 1653 1261 1708 Coni.
1281 1654 1355 1706 Mon.
1368 1653 1430 1706 Vat.
1450 1652 1463 1705 I
1481 1668 1520 1706 nr.
1542 1656 1616 1704 1447.

234 2091 326 2156 434.
350 2089 493 2155 Jodanni
517 2090 672 2154 Paduano
694 2089 878 2166 mandatur,
901 2093 1056 2170 quatenus
1078 2092 1205 2156 tertiam
1225 2095 1351 2173 portem
1374 2090 1513 2154 decipiar
1535 2088 1575 2151 ab
1598 2089 1746 2172 episcopo

525 2207 528 2211 ’
695 2192 937 2257 Vraiislavicrasi
959 2196 1067 2273 esipol
1090 2215 1127 2258 oc
1148 2195 1293 2277 recipiat.

1233 2359 1394 2434 Acinionc,
1418 2360 1505 2422 1356
1530 2358 1647 2423 Marcii
1669 2363 1698 2422 7.

362 2573 569 2637 Innocentius
604 2578 663 2635 etc.
695 2574 730 2636 ll.
762 2572 781 2635 f.
811 2572 948 2636 Johanni
971 2572 1121 2636 Paduano
1156 2573 1275 2638 decano
1305 2573 1440 2638 ecclesie
1464 2572 1742 2654 Wiscegradensis

233 2677 402 2759 Progensis
426 2677 515 2755 dioc,
539 2676 712 2758 apostolice
732 2676 818 2741 sedis
841 2675 965 2755 nuncio,
989 2675 1125 2739 salutern
1148 2682 1183 2739 et
1205 2676 1410 2757 apostolicam
1433 2676 1703 2740 benediccionem.
1717 2680 1745 2757 ¹)

231 2781 309 2845 Ven.
341 2779 378 2845 fr.
409 2786 517 2845 nostro
538 2832 571 2844 ..
602 2780 751 2862 episcopo
782 2779 1038 2843 Wratislauiensi
1063 2781 1172 2844 damus
1204 2799 1262 2861 per
1292 2780 1371 2844 alias
1402 2786 1528 2844 nostras
1552 2781 1680 2844 litteras
1705 2781 1741 2844 in

232 2884 399 2965 mandatis,
432 2890 469 2947 ut
492 2886 621 2949 terciam
645 2891 768 2967 partem
798 2883 919 2946 decime
944 2882 1126 2946 reddituum
1160 2890 1194 2949 et
1216 2889 1426 2966 proventuum
1449 2883 1744 2949 ecclesiasticorum

232 3006 360 3052 suarum
384 2989 523 3052 civitatis
546 2995 580 3052 ct
602 2989 681 3053 dioc.
706 2987 823 3051 dudum
846 3006 904 3069 per
926 2985 1028 3051 felicis
1062 2989 1295 3052 recordacionis
1320 2987 1516 3052 Clementem
1546 3006 1661 3068 papam
1685 2989 1741 3069 VI,

232 3091 490 3172 predecessorem
514 3090 706 3163 nostrnmit
742 3091 904 3155 carissimo
934 3091 965 3154 in
1002 3090 1129 3155 Christo
1162 3090 1228 3155 filio
1262 3098 1370 3156 nostro
1408 3090 1520 3156 Garolo
1554 3091 1744 3172 imperatori

232 3212 359 3276 semper
382 3202 526 3276 augusto.
542 3200 568 3275 ⁰)
599 3202 674 3259 tunc
697 3196 765 3277 regi
789 3196 1000 3259 Romanorum
1030 3195 1279 3275 illust1·i‚usque
1311 3195 1350 3258 ad
1382 3201 1502 3258 certum
1527 3200 1653 3275 tempus
1675 3195 1741 3258 iarn

231 3298 374 3380 elapsum
398 3315 558 3380 concesse,
574 3298 597 3374 ¹)
621 3299 754 3362 collecte
785 3299 846 3363 iarn
877 3305 911 3362 et
940 3300 973 3362 in
997 3305 1092 3362 antea
1115 3298 1302 3380 colligendo,
1339 3317 1431 3378 quarn
1455 3298 1582 3379 quidem
1605 3300 1740 3363 terciam

231 3399 395 3484 partensi)
419 3419 543 3465 camere
567 3403 740 3483 apostolice
764 3420 820 3483 pro
844 3402 1069 3483 supportandis
1093 3403 1193 3483 ipsius
1216 3419 1339 3466 cernere
1363 3402 1610 3468 necessitatibus
1633 3419 1740 3469 reser-

231 3506 327 3585 vavit,
351 3505 409 3570 tibi
422 3506 448 3588 ο)
472 3503 611 3586 tradens)
635 3506 766 3571 realiter
789 3511 822 3571 et
845 3506 996 3588 assignet.
1028 3507 1167 3588 Ideoque
1192 3508 1380 3572 discrecioni
1403 3512 1458 3569 tue
1482 3526 1540 3588 per
1562 3506 1741 3589 apostolica

231 3609 351 3693 scripta
378 3609 573 3690 mandamns
603 3610 752 3691 quatinus
775 3609 955 3674 huiusmodi
985 3611 1115 3674 terciam
1140 3617 1262 3693 partem
1293 3612 1393 3693 ipsius
1416 3613 1538 3676 decime
1561 3613 1601 3675 ab
1624 3612 1740 3677 eodem

231 3713 380 3795 episcopo
405 3723 525 3794 petere,
549 3714 678 3795 exigere
702 3733 738 3777 ac
761 3713 903 3796 recipere
927 3715 995 3778 sine
1019 3715 1176 3780 dilacione
1199 3734 1366 3798 procures3
1390 3734 1448 3780 nos
1471 3716 1555 3780 enim
1578 3716 1637 3781 tibi
1655 3717 1740 3796 quit·

231 3817 320 3881 tandi
343 3822 378 3880 et
393 3817 577 3882 absolvendi
594 3818 696 3899 ipsum
720 3819 759 3882 de
780 3817 851 3898 hiis,
875 3836 936 3897 que
960 3821 998 3883 ab
1022 3838 1060 3882 eo
1079 3821 1248 3901 receperis,
1264 3820 1390 3901 plenam
1407 3820 1607 3884 concedimus
1623 3825 1738 3884 tenore

233 3921 431 4002 presencium
454 3926 657 4001 potestatem.
693 3924 729 3985 l).
744 3927 772 4001 ⁸)
803 3922 959 3986 Aninione
982 3942 1054 3989 non.
1079 3923 1190 3987 Marcii
1213 3923 1415 4005 pontificatus
1438 3923 1539 3988 nostri
1562 3941 1589 3986 a.
1613 3931 1739 4003 quarto.

361 4133 393 4186 R.
413 4134 473 4186 Vas.
492 4141 542 4188 aaa
570 4134 617 4188 fol.
638 4141 704 4201 199¹,
732 4137 763 4188 R.
784 4135 844 4188 Vac.
863 4141 913 4190 aas
938 4136 983 4189 fol.
1002 4137 1053 4202 28⁴,
1081 4138 1113 4191 R.
1133 4135 1194 4192 vac.
1212 4145 1262 4192 scr
1282 4139 1303 4190 F
1322 4139 1453 4204 (archer.)
1473 4144 1564 4192 naso
1588 4168 1614 4178 -
1639 4144 1664 4205 ι)
1683 4138 1739 4206 ‚Ei-

231 4218 293 4272 dem
311 4217 442 4274 Johanni‘
455 4221 564 4276 Archet.
583 4223 608 4289 b)
627 4222 769 4291 Sequitur:
788 4222 830 4289 ‚ad
850 4222 1029 4290 instanciam‘,
1048 4224 1096 4278 sed
1115 4225 1297 4278 cancellatum
1316 4226 1400 4279 estin
1413 4226 1523 4279 Archet.
1547 4235 1572 4287 ο)
1590 4223 1738 4292 Sequitur:

231 4306 367 4376 ,imperite
385 4315 413 4361 et
431 4307 483 4361 sibi
508 4324 557 4377 per
576 4307 690 4362 eundem
708 4308 929 4377 predecessorem
954 4326 1092 4374 concesse,
1111 4327 1191 4377 qnam
1212 4311 1338 4378 quidem,
1369 4312 1418 4367 sed
1446 4310 1628 4367 cancellatum
1647 4319 1690 4367 eet
1708 4312 1738 4366 in

231 4393 341 4447 Archet.
361 4394 387 4459 d)
401 4394 544 4462 Sequitur:
563 4395 642 4462 ‚idern
653 4395 838 4464 predecessor
857 4396 885 4448 in
904 4397 1014 4451 Archet.
1035 4404 1058 4461 θ)
1077 4397 1219 4464 Sequitur:
1238 4399 1356 4464 ,nornine
1375 4399 1446 4453 dicte
1457 4413 1563 4452 camere
1572 4397 1737 4467 recipienti,

231 4479 280 4533 sod
298 4480 478 4534 cancellatum
498 4482 587 4536 estin
606 4483 716 4535 Archet.
739 4482 758 4548 f)
777 4483 904 4551 ,Tradere
922 4490 950 4537 ct
966 4484 1108 4551 assignare
1126 4501 1186 4538 cunr
1196 4485 1353 4552 integritate
1366 4488 1503 4555 procuret‘
1520 4484 1631 4538 Archet.
1647 4491 1675 4550 r)
1692 4484 1736 4548 ,D.

230 4573 261 4620 ut
279 4571 370 4635 supra*
389 4567 498 4622 Archet.
520 4600 551 4607 -
573 4570 592 4631 ¹)
612 4570 688 4623 Conl.
707 4570 780 4623 Mon.
801 4569 860 4623 Vat.
880 4571 893 4623 Ι
912 4588 950 4623 nr.
975 4576 1048 4624 1447.

227 5001 319 5067 435.
344 5001 431 5066 Nota
453 5003 491 5067 dc
512 5002 627 5067 litteris
645 5025 706 5086 per
729 5004 890 5070 Albertum
925 5007 962 5072 dc
992 5008 1093 5072 Litioa
1122 5009 1165 5072 ad
1195 5009 1374 5090 episcopum
1405 5007 1684 5075 Vratislavv'enscm
1706 5017 1738 5077 ei

710 5110 888 5176 Jodormcm
914 5111 1103 5175 Paduanum
1126 5114 1243 5177 missis.

1388 5254 1475 5318 1356
1497 5254 1616 5319 Martii
1639 5255 1689 5320 12.
