3944 6060
739 421 803 470 1se1
824 413 952 471 Janunrn
971 422 1003 471 19
1022 447 1055 456 -
1073 415 1200 471 Jmuani
1218 423 1260 471 ει.
1688 422 1751 486 471

247 623 363 689 1112.
390 622 535 704 Osfieialr'
557 623 742 690 Pataoiensi
764 626 948 704 mandatur,
977 634 1132 710 qnatenus
1161 626 1305 693 Jonanm·
1338 627 1513 693 Weicbardi
1535 627 1573 692 de
1598 625 1751 710 Hippers·

246 726 325 807 dors
328 729 355 810 ⁸)
378 727 417 793 de
438 729 628 793 canonicatu
649 727 795 794 ecelesiae
819 729 1032 797 Otomnceneis
1053 732 1110 796 sub
1133 731 1348 813 expectatione
1365 732 1567 815 praebendae
1588 731 1751 815 prouideri

332 838 485 914 procuret.
513 834 675 914 ,Dipnum
698 832 915 899 arbitramur“
944 834 1121 917 „Aninione
1137 837 1205 900 ΧΠ
1216 835 1280 901 aaz.
1304 835 1527 902 Februariia.
1552 839 1661 902 nono.⁸

295 972 345 1092 ἑ
1178 976 1342 1055 Avinione,
1370 976 1448 1041 1361
1474 973 1631 1040 Januarii
1653 978 1706 1040 21.

374 1161 405 1215 R.
425 1165 475 1216 Ar.
496 1168 543 1217 147
564 1162 611 1216 iol.
631 1169 655 1218 8.
675 1195 707 1206 -
735 1175 760 1230 ⁸)
778 1165 979 1235 ,Hippelsdorl‘
997 1170 1048 1222 Ar.

895 1378 1095 1388 -——-.-

245 1547 361 1613 1173.
385 1547 522 1631 Epidius
545 1548 709 1632 episeopus
733 1551 911 1615 Vicentinus
933 1550 1101 1632 supplicat,
1116 1555 1272 1633 qnatenrrs
1287 1546 1432 1615 Jotrarnn'
1447 1552 1571 1625 Nuccii‚
1598 1548 1745 1616 Reinerio

244 1651 401 1735 quondam
423 1651 537 1717 ²lucebi
559 1653 597 1717 de
619 1652 839 1733 Lansroncbis
860 1652 985 1730 militis,
1008 1655 1148 1720 Henrico
1171 1655 1209 1720 cte
1234 1655 1484 1736 Girbertsratb·)
1501 1656 1611 1721 clerico
1628 1654 1748 1722 Coloni-

242 1756 328 1820 ensis
351 1755 440 1834 aloe,
471 1757 617 1825 Jobanni
646 1757 807 1823 Vleutoler
837 1759 947 1825 elerico
976 1760 1179 1843 Anpustensi,
1219 1760 1351 1827 Werlino
1374 1759 1527 1826 Ludooici
1549 1759 1588 1825 de
1612 1757 1747 1824 Rattets·

242 1858 352 1943 dorsb)
375 1860 497 1947 militis,
513 1862 735 1941 familiarium
758 1883 895 1943 snorum,
919 1864 975 1948 qni
988 1863 1050 1930 eibi
1063 1865 1097 1931 in
1112 1866 1234 1941 itinere,
1249 1885 1308 1947 ano
1322 1864 1438 1929 missus
1454 1866 1526 1944 suit
1543 1885 1604 1947 per
1621 1885 1747 1947 papam

243 1964 285 2028 ad
315 1969 427 2046 partes
451 1964 675 2051 Alamanniae,
699 1966 868 2034 Bobemioe
889 1973 919 2034 et
947 1967 1153 2053 Unpariae,⁰)
1179 1968 1318 2052 fideliter
1346 1968 1522 2034 servierunt
1543 1972 1574 2034 et
1595 1969 1745 2046 serviunt,

244 2068 387 2134 diversae
408 2072 535 2149 oratioe
569 2072 789 2137 concedantur.
825 2110 867 2121 -
904 2072 999 2157 ,Fiat
1021 2073 1060 2139 de
1088 2074 1230 2140 omnibns
1255 2072 1293 2138 G.
1318 2074 1362 2137 Et
1384 2072 1466 2157 qnod
1488 2076 1655 2139 transeant
1676 2075 1745 2137 cine

391 2176 459 2241 atio
482 2175 624 2242 leccione.
649 2177 727 2243 Fiat
751 2178 790 2244 G.
814 2179 857 2245 D.
881 2177 1040 2245 Aninione
1062 2180 1134 2245 XII
1150 2177 1214 2244 lsai.
1239 2176 1408 2244 Februarii
1430 2199 1461 2244 a.
1484 2180 1595 2243 nono.“

1186 2318 1350 2396 Acinione,
1374 2320 1459 2384 1361
1483 2317 1639 2385 Januarii
1659 2319 1702 2383 21

282 2594 306 2649 V
372 2507 403 2561 R.
423 2508 517 2578 Suppl.
545 2513 577 2563 32
597 2507 644 2564 sol.
666 2517 704 2565 13.
733 2539 765 2552 —
786 2516 811 2578 ⁸)
831 2511 971 2578 ‚Heinrico
989 2510 1023 2566 de
1042 2510 1246 2566 Girbercarode‘
1270 2509 1366 2579 Suppl.
1386 2509 1412 2577 b)
1430 2506 1625 2575 ,Ratolcadori‘
1643 2506 1743 2578 Suppl.

245 2597 280 2660 ),
310 2595 420 2663 ngarie‘
439 2597 535 2666 Suppl.

887 2760 1092 2770 ——.-

243 2928 359 2995 1174.
383 2927 543 2994 Jolmnnis
565 2929 727 3011 episcopus
749 2930 1019 2997 Lutbomustensis
1043 2930 1212 3016 supplicat,
1246 2934 1402 3014 qnatenus
1425 2929 1647 3011 infrascriptis
1666 2951 1735 3012 per-

675 3036 760 3098 sonis
782 3035 925 3101 diuersae
945 3038 1074 3120 pratiae
1093 3036 1313 3103 concedantur.

1169 3158 1439 3239 Aninione,1361
1461 3156 1619 3223 Jannarii
1642 3159 1693 3221 21.

370 3346 534 3429 Supplicat
564 3346 604 3411 8¹⁵
632 3348 684 3413 11Γο
713 3348 841 3414 humilis
870 3358 1017 3415 creatura
1047 3358 1153 3415 vestra
1176 3349 1338 3414 Johannes
1369 3349 1539 3431 episcopus
1561 3347 1734 3413 Lnthomu-

241 3451 365 3532 slensis,
389 3451 445 3535 [1.]
469 3451 489 3515 l.
515 3454 614 3517 vestri
638 3453 755 3518 domini
779 3454 889 3519 liaroli
921 3456 1130 3519 Romanorum
1161 3453 1363 3536 imperatoris
1387 3452 1638 3534 caracellariusr)
1663 3471 1737 3532 qna-

239 3560 332 3619 tenus
355 3556 416 3620 sibi
441 3557 473 3618 in
496 3574 663 3638 personam
688 3557 796 3620 dilecti
820 3560 868 3622 sui
893 3558 1024 3622 Miliczii
1041 3558 1080 3622 de
1100 3558 1269 3622 Chremser
1292 3557 1399 3621 clerici
1416 3554 1737 3639 olomucensisdioc,

239 3659 450 3742 imperialium
474 3661 658 3739 litterarum
677 3661 875 3743 correctoris,
898 3662 1069 3743 specialem
1093 3663 1230 3744 graciam
1253 3660 1419 3740 iacientes,
1451 3660 1481 3723 ei
1517 3661 1556 3724 de
1581 3659 1735 3725 beneficio

239 3765 454 3831 ecclesiastico
477 3784 547 3829 cum
571 3785 646 3830 cura
668 3765 719 3829 vel
742 3766 811 3829 sine
835 3785 919 3848 cura,
941 3773 1073 3830 vacante
1097 3766 1147 3830 vel
1163 3772 1323 3844 vacaturo,
1339 3770 1505 3846 spectante
1529 3764 1738 3829 communiter

238 3868 289 3932 vel
313 3869 438 3933 divisim
463 3870 503 3933 ad
527 3870 741 3948 collacionem,
765 3871 1039 3953 presentacionem
1062 3877 1122 3934 etc.
1146 3869 1374 3952 archiepiscopi
1398 3869 1533 3933 ecclesie
1556 3869 1735 3952 Pragensis,

238 3982 271 4037 et
293 3974 393 4038 eciam
431 3974 458 4038 si
481 3975 513 4038 in
536 3975 673 4039 ecclesia
705 3974 775 4057 ipsa
798 3974 904 4054 luerit,
936 3994 1007 4040 cum
1038 3975 1261 4057 acceptacioue
1284 3978 1344 4039 etc.
1369 3980 1404 4037 et
1425 3974 1569 4039 omuibus
1592 3992 1655 4038 non
1678 3975 1732 4039 cb·

238 4078 394 4143 stantibus
418 4084 451 4143 et
474 4079 696 4144 executoribus
720 4080 891 4161 dignemini
915 4080 1091 4162 providere.

344 4183 424 4246 Item
448 4184 614 4265 supplicat,
645 4189 803 4263 quatenus
832 4183 971 4248 iohanni
993 4182 1114 4248 Berlini
1145 4183 1184 4247 de
1208 4182 1395 4247 canonicatu
1426 4184 1484 4247 sub
1507 4182 1733 4265 expectacione

236 4287 397 4369 prebende
420 4306 489 4351 cum
513 4306 589 4351 cura
612 4288 663 4351 vel
686 4288 755 4353 sine
779 4307 855 4352 cura
877 4288 1013 4353 ecclesie
1030 4286 1262 4364 Olomucensis,
1286 4287 1312 4350 si
1337 4292 1450 4351 vacant
1472 4287 1523 4351 vel
1546 4304 1617 4351 cum
1639 4286 1732 4351 simul

236 4396 291 4456 aut
314 4392 494 4457 successive
518 4394 683 4474 vacabunt,
706 4410 775 4456 cum
800 4392 1022 4474 acceptatione
1039 4399 1099 4458 etc.
1117 4392 1291 4473 dignemini
1306 4391 1482 4474 providere,
1496 4410 1560 4455 non
1576 4390 1733 4472 obstante,

235 4497 318 4577 quod
341 4497 571 4579 parrochialem
594 4498 760 4562 ecclesiam
784 4496 817 4560 iu
841 4498 940 4562 Grecn
964 4497 1133 4578 Prngensis
1157 4496 1236 4561 dioc.
1261 4496 1394 4577 obtinet,
1418 4514 1487 4559 cum
1510 4495 1655 4560 omnibus
1671 4513 1732 4560 non

236 4601 434 4667 obstantibus
458 4608 492 4665 et
515 4601 737 4666 executoribus
761 4608 926 4683 utsupra.

363 4707 444 4770 Item
466 4706 632 4788 supplicat,
648 4712 805 4786 quatenus
836 4706 954 4771 dilecto
977 4704 1086 4787 nepoti
1113 4723 1170 4769 suo
1194 4704 1320 4768 Andree
1344 4702 1408 4768 filio
1439 4703 1592 4769 Ebirwini
1616 4705 1731 4769 clerieo

234 4810 509 4875 Luthomuslensis
543 4812 623 4875 dioc
658 4812 697 4874 de
721 4811 907 4876 canonicatu
937 4810 995 4874 sub
1018 4809 1244 4892 expectaciouo
1267 4809 1429 4891 prebende
1453 4810 1587 4873 ecclesie
1612 4808 1730 4872 Wrati-

234 4916 411 4999 slauieusiS,
433 4922 566 4980 vacante
589 4915 640 4980 vel
663 4922 822 4997 vacaturo,
845 4934 915 4980 cum
938 4915 1159 4996 acceptacione
1183 4919 1243 4977 etc.
1267 4913 1441 4995 dignemini
1463 4913 1638 4995 providere,
1660 4931 1730 4976 cum

233 5041 294 5086 non
318 5020 519 5085 obstantibus
542 5026 578 5083 ut
601 5037 707 5102 supra.

361 5125 442 5189 Item
465 5124 631 5207 supplicat,
665 5129 821 5205 quatenus
844 5122 981 5189 Johanni
1004 5122 1091 5186 Mula
1122 5122 1302 5187 litterarum
1333 5122 1544 5204 imperialium
1570 5127 1727 5202 segestra-

233 5230 294 5296 tori
327 5230 494 5312 providere
529 5229 701 5311 dignemini
735 5229 774 5293 dc
799 5225 951 5292 beneficio
985 5227 1202 5292 ecclesiastico
1237 5245 1307 5290 cum
1343 5245 1419 5290 cura
1452 5226 1503 5291 vel
1537 5225 1607 5288 sine
1641 5243 1728 5304 cura,

232 5341 398 5417 spectante
421 5335 629 5399 communiter
651 5333 702 5397 vel
726 5333 851 5398 divisim
886 5331 926 5395 ad
949 5331 1153 5396 collacionem
1177 5338 1238 5396 etc.
1263 5331 1429 5413 prepositi,
1452 5328 1564 5394 decani
1587 5337 1621 5392 et
1644 5328 1728 5410 capi-
