4224 6182
746 495 812 542 1358
830 487 975 543 Februarii
996 493 1026 540 12
1049 519 1074 528 ·-
1097 488 1240 542 Februarii
1262 495 1301 541 19.
1719 495 1783 560 283

267 700 382 771 mento,
407 696 617 760 submissione
650 697 811 776 botrormu,
835 697 1080 777 magisvalencia
1103 703 1137 761 et
1161 697 1336 762 sentenciis
1371 699 1542 763 consuetis.
1577 699 1783 766 Presentibue

267 797 402 880 Symone
433 799 540 865 Boerii
570 805 780 882 procuratore
804 799 947 863 incuria
978 806 1011 863 et
1035 799 1216 865 Hermanno
1248 802 1370 865 decano
1401 800 1600 868 Nortnseusi.
1641 839 1672 850 -
1705 804 1781 868 Arri.

266 903 432 968 Iohannis.

397 1089 470 1146 Gall.
487 1091 575 1144 Alam.
591 1095 607 1143 8
625 1090 672 1145 iol.
692 1096 751 1145 150.
774 1121 799 1131 -
821 1091 887 1160 Reg.
910 1090 984 1159 apud
1003 1091 1111 1159 Kirsch‚
1129 1093 1258 1146 Anuaten
1283 1092 1377 1162 [pag.
1406 1100 1438 1146 67
1457 1092 1549 1148 adnot.
1578 1100 1600 1146 3.
1623 1123 1653 1134 -
1669 1097 1693 1162 ⁸)
1712 1094 1781 1164 Sup-

270 1177 374 1246 pletum
399 1193 433 1232 ex
456 1185 522 1232 nota
545 1177 734 1247 praecedente.
755 1179 780 1243 b)
799 1176 922 1246 corrige:
947 1175 1104 1244 ‚lllazijovvt
1133 1208 1158 1217 -
1190 1177 1293 1232 Eadem
1313 1179 1474 1248 compositio
1497 1180 1547 1234 sub
1566 1179 1631 1234 dato
1656 1181 1780 1251 praefato

271 1270 477 1332 procuratorum
496 1264 771 1332 praenominatorum,
797 1263 843 1330 qui
862 1264 1046 1332 promiserunt
1064 1265 1184 1318 solvere:
1213 1281 1277 1333 „pro
1298 1265 1475 1334 Veratiaogio
1495 1266 1528 1320 de
1554 1265 1684 1322 lilaaiiovv
1703 1268 1780 1338 [nato

268 1351 366 1406 nobilis
385 1351 457 1405 viri.
473 1351 493 1420 .]
512 1351 545 1404 de
564 1353 623 1406 Vslr
636 1351 745 1404 baronis
764 1350 841 1419 regni
860 1350 1043 1404 Romanorum
1063 1354 1107 1416 qt)“
1122 1355 1155 1403 25
1175 1349 1242 1418 tlon,
1262 1351 1290 1404 in
1310 1351 1378 1406 Call.
1399 1357 1414 1406 8
1434 1352 1480 1406 lol.
1497 1359 1544 1406 149
1564 1369 1627 1408 cnm
1640 1353 1779 1422 aliquibus

269 1439 336 1492 locis
361 1438 580 1507 discrepantibus
597 1439 742 1507 reperitur,
761 1436 810 1492 sed
827 1436 980 1491 cancellata
998 1445 1047 1490 est.
1063 1467 1095 1475 -
1114 1438 1144 1490 ln
1164 1438 1233 1491 Gall.
1252 1439 1339 1491 Alam.
1367 1438 1449 1492 liol.
1476 1447 1499 1494 t.
1519 1439 1552 1492 ria
1580 1441 1780 1510 compositione

268 1525 410 1593 praedicta
428 1524 516 1578 brevis
535 1523 638 1579 mentio
656 1523 695 1578 fit:
717 1523 886 1592 „composuit
903 1523 938 1578 ad
950 1530 984 1578 25
1001 1522 1060 1576 flor.
1081 1563 1105 1574 ..
1125 1523 1317 1578 ..solvendos
1330 1525 1403 1578 infra
1415 1524 1515 1580 festum
1529 1526 1680 1580 nativitatis
1700 1528 1780 1582 blo-

271 1611 371 1666 bannie
390 1611 513 1665 Babtiste
531 1627 555 1664 a.
573 1610 758 1664 MOCCLIX“.
777 1610 839 1677 (Ed.
857 1609 931 1678 apud
956 1609 1066 1676 Ilirsuh‚
1083 1611 1212 1664 Annatan
1231 1611 1318 1680 lpag.
1338 1617 1370 1664 tl
1384 1628 1424 1666 ur.
1443 1617 1478 1678 9).
1489 1643 1522 1652 -
1534 1613 1576 1666 De
1587 1614 1780 1682 prorogatione

268 1697 376 1752 termini
389 1699 417 1751 in
431 1698 498 1752 Call.
517 1703 568 1751 290
586 1697 632 1752 iol.
649 1705 678 1750 lt
698 1712 818 1766 sequens
837 1703 902 1751 nota
919 1697 1066 1766 reperitur:
1088 1697 1213 1760 „Finavit
1232 1697 1267 1751 ad
1286 1697 1362 1762 XXV
1381 1698 1433 1752 flor
1434 1739 1526 1752 .....
1546 1699 1590 1753 die
1602 1700 1666 1754 XIX
1677 1702 1779 1756 mensis

268 1783 411 1839 Februarii
434 1801 458 1837 a.
479 1785 575 1852 LVIII,
599 1784 746 1838 solvendos
764 1783 838 1838 iufra
861 1783 962 1837 testum
987 1783 1193 1852 purificacionis
1219 1785 1244 1837 b.
1264 1784 1352 1838 Maria
1377 1785 1529 1854 proximum
1557 1801 1580 1840 a.
1609 1787 1780 1844 MCCGLIX.

267 1873 411 1927 Terminus
430 1872 482 1926 fuit
501 1873 524 1927 ei
538 1879 700 1942 prorogatus
720 1872 770 1926 sub
790 1873 893 1926 eisdem
913 1872 990 1940 penis
1010 1877 1038 1926 et
1050 1872 1198 1926 sentenciis
1219 1872 1358 1939 usquead
1378 1871 1478 1926 sestam
1497 1873 1521 1926 b.
1543 1873 1681 1926 lobannis
1709 1873 1780 1943 Bap-

268 1958 329 2012 iste.
357 1959 423 2012 Fuit
450 1965 613 2027 prorogatus
632 1960 765 2012 terminas
793 1958 836 2012 (lie
865 1958 954 2026 vigilie
978 1958 1003 2010 b.
1032 1959 1168 2012 Iohannis
1197 1974 1287 2025 nsque
1316 1958 1349 2011 ad
1378 1959 1480 2013 festum
1507 1959 1658 2014 nativitatis
1678 1960 1780 2014 domini

280 2045 451 2099 MCCCLX.“

270 2342 356 2407 724.
384 2341 577 2424 Compositio
608 2343 698 2405 Patri
721 2341 758 2405 de
781 2341 989 2420 Kanaendorf
1018 2361 1111 2423 saper
1135 2344 1264 2406 narratis
1298 2341 1336 2406 de
1360 2341 1624 2406 archidiaconatu
1663 2343 1779 2407 Horso-

968 2465 1077 2510 amosi.

1381 2583 1468 2648 1358
1491 2585 1662 2648 Februarii
1683 2585 1735 2648 19.

396 2776 509 2838 Actum
534 2775 585 2839 die
617 2775 692 2839 XIX
716 2775 834 2839 irreirsis
865 2775 1029 2840 Februarii
1054 2795 1080 2838 a.
1109 2771 1337 2855 llGGCLVIII,
1360 2774 1538 2838 indiccione
1562 2774 1617 2855 XI,
1650 2774 1778 2856 pontifi.

268 2886 357 2943 catus
382 2879 498 2943 domini
522 2879 704 2945 Innocencii
721 2899 748 2942 a.
767 2878 820 2958 VI,
843 2879 1024 2958 quadie..
1046 2929 1052 2940 .
1074 2931 1079 2941 .
1106 2880 1220 2943 Petras
1245 2879 1284 2942 de
1310 2876 1512 2942 uuneennorf
1531 2876 1678 2943 officialis
1702 2878 1777 2943 Pra-

268 2981 373 3062 geneis
396 2981 510 3046 finavit
532 3003 588 3065 pro
620 2981 863 3048 confirmacione
887 2983 938 3047 vel
961 2983 1087 3048 racione
1105 2982 1295 3063 provisionis
1319 2981 1487 3047 sibilante
1518 2981 1558 3046 de
1582 2981 1775 3047 archidiaco-

270 3093 347 3150 natu
369 3085 578 3151 Horsoaiensi
609 3088 641 3150 in
665 3087 803 3150 ecclesia
825 3086 976 3168 Pragensi
1007 3088 1046 3151 ad
1070 3088 1244 3168 norreginta
1276 3083 1413 3152 florentes
1444 3086 1513 3149 auri
1536 3086 1576 3148 de
1607 3086 1774 3152 Florencia

270 3189 419 3270 ponderis
432 3191 604 3272 sentencie,
617 3208 695 3271 qnos
710 3191 779 3272 ipse
796 3197 830 3254 et
846 3189 978 3254 Sazema
988 3191 1170 3272 prepositus
1195 3190 1333 3254 ecclesie
1350 3189 1581 3272 l'ynenensis·)
1604 3189 1774 3272 Pragensis

269 3292 346 3357 alioc.
370 3300 404 3357 et
427 3294 561 3374 quilibet
584 3313 691 3359 eormn
717 3295 930 3376 promiserunt
952 3294 1075 3359 solvere
1096 3294 1129 3358 in
1152 3293 1290 3358 solidum
1315 3311 1438 3358 camere
1463 3293 1637 3376 apostolice
1660 3294 1693 3358 in
1716 3293 1778 3358 lto-

269 3415 360 3460 mane
382 3398 470 3461 curia
500 3397 678 3478 ubicunque
702 3399 764 3462 sita
795 3397 878 3462 inira
908 3398 1083 3479 proximum
1113 3396 1231 3461 festum
1265 3395 1502 3478 purifieacionis
1532 3397 1561 3462 b.
1586 3397 1688 3461 Maris
1720 3399 1778 3462 snb

267 3499 462 3581 obligacione
485 3501 638 3567 bonoram
660 3507 695 3564 et
718 3501 951 3584 iarid[iccioue]
975 3506 1009 3565 et
1024 3501 1272 3583 magisvalencia
1295 3507 1329 3565 et
1344 3500 1639 3564 renunciacionibns
1656 3506 1690 3564 et
1706 3518 1777 3565 sen-

268 3603 381 3666 tenciis
404 3605 566 3669 consuetis
591 3623 661 3669 cum
685 3605 821 3670 testibus
844 3604 1064 3686 infrascriptis.
1090 3642 1132 3650 —
1156 3604 1317 3668 Arnaldns
1339 3603 1503 3669 Iohannis.

391 3791 449 3846 Col.
468 3791 556 3846 Alam.
577 3797 592 3845 8
611 3791 657 3846 lol.
679 3797 745 3845 148*Ι
763 3821 795 3832 -
807 3791 871 3864 Reg.
892 3791 965 3860 apud
974 3791 1083 3860 Kirsch,
1103 3793 1232 3845 Annaten
1251 3790 1263 3843 l
1282 3807 1342 3861 pag.
1362 3796 1396 3844 67
1415 3791 1508 3845 adnot
1522 3799 1546 3844 a.
1564 3822 1589 3831 —
1609 3793 1633 3857 ι)
1652 3791 1778 3862 Corrige:

266 3876 425 3946 ,Tynensist
448 3906 474 3915 -
496 3877 528 3930 In
547 3877 615 3932 Coll.
635 3877 724 3931 Alam.
744 3885 760 3931 4
778 3877 823 3932 Iol.
844 3884 860 3930 't
879 3877 913 3930 de
931 3878 1128 3947 compositione
1147 3877 1291 3947 praedicta
1310 3885 1338 3931 et
1356 3877 1493 3933 solutione
1508 3877 1598 3933 brevis
1617 3879 1719 3933 mentio
1737 3878 1777 3935 fia

267 3963 332 4030 (Ed.
348 3963 421 4032 apml
441 3964 545 4030 Kirscb‚
565 3967 692 4018 Annaten
712 3966 795 4034 lpag.
815 3970 848 4019 67
867 3980 908 4019 nr.
925 3971 971 4027 8.).
991 3965 1073 4018 —De
1093 3964 1233 4019 salamone
1250 3970 1284 4018 90
1295 3964 1354 4019 flor.
1373 3965 1402 4018 in
1416 3963 1777 4034 Goll.290tol.1tsaquens

266 4057 332 4103 nota
349 4049 498 4118 reperitur:
519 4045 915 4121 „Iinavitadironagintaflon
928 4051 1057 4120 ponderis
1070 4052 1209 4106 sentencie
1226 4051 1371 4107 solvendos
1381 4051 1453 4106 intra
1465 4053 1565 4106 testum
1579 4051 1778 4120 purificationis

266 4136 291 4188 b.
305 4137 393 4189 llario
411 4153 435 4190 a.
454 4137 622 4191 MCCGLIX.
642 4138 728 4193 Solvit
746 4139 840 4192 ultima
852 4138 898 4192 die
910 4139 1035 4192 Ianuarii
1048 4155 1097 4207 per
1107 4156 1206 4194 manus
1218 4139 1339 4194 Conradi
1357 4139 1503 4208 Pragensis
1522 4139 1581 4194 flor.
1596 4169 1622 4180 -
1634 4139 1682 4193 XC
1701 4139 1776 4193 flov.“

270 4519 358 4584 725.
393 4519 581 4602 Compositio
604 4519 755 4584 Saremac
785 4519 857 4583 nati
878 4521 1028 4586 Sasernae
1051 4521 1089 4584 cte
1117 4519 1180 4584 asa
1211 4540 1307 4603 saper
1330 4522 1461 4586 annatis
1491 4519 1529 4584 de
1546 4522 1776 4605 praepositura

946 4626 1093 4705 Tynemi.

1348 4765 1450 4846 (1358
1474 4766 1643 4830 reamare
1665 4770 1733 4848 ro.)

397 4949 480 5014 Item
504 4950 609 5016 dictus
641 4950 775 5016 Saaema
786 4949 807 5028 ¹)
839 4952 1022 5035 prepositae
1045 4953 1131 5018 dicta
1163 4951 1253 5035 dieb
1286 4953 1449 5037 predictus
1472 4962 1506 5019 et
1537 4956 1642 5021 dictim
1666 4957 1698 5038 tl)
1721 4958 1778 5022 do·

265 5052 371 5120 minus
395 5053 547 5139 Petrus³)
578 5074 636 5136 pro
660 5054 904 5120 confirmacione
935 5057 987 5120 vel
1009 5075 1091 5123 aava
1122 5057 1303 5138 provisione
1335 5059 1420 5124 dicto
1452 5058 1583 5124 Sarame
1617 5059 1710 5126 iactis
1733 5061 1773 5126 de

267 5157 356 5221 dicta
371 5157 573 5240 prepositura
588 5159 752 5240 Tynnensi
774 5159 943 5240 Pragensis
959 5161 1038 5225 dioc.
1056 5161 1272 5243 promiserunt
1295 5163 1419 5227 solvere
1435 5169 1470 5227 et
1484 5163 1620 5244 quilibet
1635 5163 1776 5244 ipsorum

269 5261 301 5323 in
325 5261 461 5326 solidum
485 5264 690 5346 septuaginta
712 5261 849 5328 florenos
880 5264 948 5328 anri
972 5266 1012 5329 de
1035 5265 1202 5331 Florencia
1233 5266 1384 5348 ponderis
1408 5269 1571 5332 sentencie
1606 5267 1778 5333 solvendos

267 5382 327 5445 per
351 5365 525 5445 quemlibet
548 5367 687 5448 ipsomm
711 5368 743 5431 in
767 5367 902 5432 solidmn
924 5367 1008 5432 infra
1029 5367 1147 5434 festum
1177 5369 1414 5452 purificacionis
1437 5372 1466 5435 b.
1492 5370 1593 5435 Marie
1616 5372 1676 5435 sub
1698 5370 1776 5436 obli·
