3944 6060
789 430 857 488 rest
874 423 939 479 Maii
957 430 991 481 so
1010 455 1043 466 -
1060 425 1190 495 salitas.
1684 435 1740 498 111

234 639 398 718 patenam,
436 654 506 699 cum
530 634 643 717 plures
665 633 818 718 bepbardi
850 641 879 699 et
901 636 1007 717 111111
1030 634 1068 699 de
1083 635 1234 716 partibus
1252 635 1437 717 provinciae
1460 639 1742 722 Moydeburpensis

233 742 263 802 et
277 736 469 818 directaneis,
496 737 690 819 Thurinpiae
713 744 743 802 et
765 739 905 803 Hassioe
926 740 1037 804 timore
1058 737 1281 819 inquisitorum
1304 739 1480 806 baereticae
1499 746 1674 825 prauitatis
1697 744 1741 807 ad

231 847 343 932 partes
356 843 491 906 ducatus
514 843 709 924 Stetineusia
733 842 869 909 Sitesiae
891 847 920 906 et
943 842 1020 906 dioc.
1043 842 1301 908 Vratistooiensis
1309 846 1480 926 fugierint,
1503 847 1742 929 inquisitoribus

235 946 437 1030 inpartibus
458 945 525 1010 iilis
548 946 709 1028 deputatis
731 944 859 1026 bractio
881 943 1041 1010 somniari
1064 947 1229 1011 assistant.
1257 947 1432 1024 „Perduuit
1454 948 1498 1014 ad
1520 950 1738 1016 audienciom“

335 1049 450 1133 „Apud
485 1049 718 1113 Vittamnouam
747 1046 970 1113 Aninioneusis
999 1049 1077 1114 dioc.
1116 1051 1167 1115 VI.
1190 1050 1253 1117 teat.
1277 1052 1416 1132 Augusti
1437 1075 1466 1119 a.
1489 1054 1653 1118 secuudo“.

1028 1187 1125 1269 Apud
1161 1187 1399 1270 thomnooam,
1432 1193 1518 1256 1354
1539 1191 1696 1299 1111117.

362 1378 396 1433 lb
415 1378 477 1435 Vct.
496 1384 547 1432 244
566 1377 586 1430 C
605 1380 738 1446 (trehet.)
756 1397 797 1434 nr.
817 1384 876 1432 110.
899 1409 924 1419 --
941 1379 997 1458 Ed.
1015 1379 1090 1448 apud
1108 1378 1235 1459 Thamar,
1254 1379 1328 1432 Mon.
1347 1379 1407 1433 Pol.
1427 1380 1448 1432 1.
1469 1395 1529 1447 pag.
1549 1385 1608 1433 555.

237 1762 321 1827 266.
345 1761 510 1827 Jottannes
533 1761 662 1825 Nicotai
684 1760 721 1824 de
745 1760 851 1825 Potior
872 1760 1043 1844 supplicat,
1065 1765 1222 1843 quotenus
1244 1761 1305 1827 sibi
1320 1761 1358 1826 de
1373 1761 1517 1843 beneficio
1532 1761 1740 1827 ecclesiastico

391 1864 434 1928 ad
457 1864 653 1928 collationem
675 1865 862 1928 monasterii
885 1865 922 1928 de
945 1864 1032 1928 Auia
1056 1865 1157 1945 Regia
1175 1866 1355 1947 pertinente
1372 1864 1592 1947 provideatur.

1037 2002 1134 2085 Apud
1166 2002 1404 2081 Viilomnooam,
1428 2007 1515 2069 1354
1536 2003 1620 2072 Jutii
1641 2006 1693 2070 28.

363 2191 529 2274 Supplieat
552 2191 592 2257 8¹¹
613 2193 668 2258 111
688 2192 851 2258 Joharuies
886 2193 1043 2273 quondam
1077 2183 1200 2257 Nicolai
1234 2192 1273 2256 de
1309 2192 1413 2257 Poliez
1445 2193 1596 2257 diaeonus
1619 2193 1738 2257 Lutho-

237 2296 401 2388 muslensis
433 2297 523 2380 dioc,
558 2297 679 2362 nullum
703 2297 890 2362 beneficium
913 2296 1164 2361 ecclesiasticum
1195 2301 1370 2378 assecutus,
1405 2301 1561 2376 quatenns
1585 2296 1645 2360 sibi
1668 2315 1739 2378 gra·

237 2398 312 2463 ciam
335 2401 507 2482 specialem
530 2400 693 2482 facientes,
717 2402 757 2465 de
781 2402 887 2481 aliquo
910 2399 1063 2465 beneficio
1087 2400 1306 2464 eeclesiastico
1323 2418 1393 2463 cum
1409 2419 1483 2465 cura
1499 2401 1550 2463 vel
1567 2400 1636 2464 sine
1652 2418 1737 2482 eura,

238 2512 398 2584 spectante
424 2507 601 2570 comuniter
623 2506 675 2570 vel
700 2505 826 2570 divisim
852 2506 891 2569 ad
915 2505 1119 2570 collationem
1144 2513 1204 2569 etc.
1229 2505 1353 2568 abbatis
1377 2509 1411 2568 et
1434 2495 1608 2569 conventus
1631 2523 1739 2569 mona·

238 2608 323 2672 sterii
346 2609 380 2673 in
402 2609 484 2672 Aula
507 2610 609 2689 Regia
631 2610 752 2674 ordinis
776 2608 1000 2674 Cisterciensis
1024 2609 1193 2690 pragensis
1217 2608 1307 2687 dioc,
1331 2609 1359 2671 si
1382 2609 1465 2688 quod
1488 2615 1579 2672 vacat
1602 2608 1642 2672 ad
1665 2626 1738 2690 pre-

238 2727 305 2777 sens
339 2713 373 2777 iu
404 2713 523 2778 diocesi
546 2699 602 2778 rel'
620 2719 712 2778 extra
746 2714 896 2778 diocesim
931 2714 981 2777 vel
1011 2712 1240 2795 quamprimum
1276 2731 1387 2777 vacare
1416 2713 1598 2794 remigant,
1633 2711 1736 2776 eidem

236 2815 368 2881 iohanni
393 2818 568 2899 dignemini
583 2817 834 2882 misericorditer
845 2817 1022 2899 providere,
1038 2835 1106 2881 cum
1124 2816 1357 2898 acceptatione,
1374 2815 1577 2893 inhibitione,
1594 2833 1736 2880 reserva·

237 2920 330 3002 tione,
354 2922 483 2986 decreto
508 2927 542 2987 et
564 2922 707 2986 clausula
730 2921 883 2986 anteferri
907 2929 941 2985 et
963 2939 1033 2984 cum
1057 2922 1201 2985 omnibus
1218 2920 1290 2984 aliis
1306 2912 1585 2984 nonobstantibus
1601 2926 1635 2984 et
1650 2920 1737 2984 clau·

237 3024 309 3088 aulis
332 3027 499 3107 oportunis
522 3044 558 3089 ac
581 3026 805 3089 executoribus
828 3031 864 3088 ut
886 3025 919 3088 in
942 3025 1049 3089 torma

361 3130 435 3194 Fiat
458 3128 494 3194 G.
520 3129 595 3194 Siue
627 3130 690 3194 alie
714 3130 865 3195 lectione.
912 3130 985 3194 Fiat
1008 3130 1043 3194 G.
1090 3131 1126 3193 1).
1150 3129 1234 3211 apud
1257 3128 1488 3193 Villamnouam
1512 3127 1737 3190 Auiuioneusis

235 3232 311 3298 dioc.
335 3234 363 3298 V
387 3235 449 3298 kal.
474 3235 611 3317 Augusti
634 3254 662 3297 a.
687 3234 836 3299 seeundo.
930 3301 932 3306 .

360 3422 392 3476 R
411 3422 507 3491 Suppl.
526 3428 559 3475 25
579 3422 626 3476 iol.
647 3425 713 3475 180'.

881 3583 1088 3591 -——

232 3752 319 3819 267.
341 3752 486 3819 ι1111111
501 3753 630 3819 Nicolai
652 3755 690 3819 de
708 3755 813 3820 Potior
833 3757 1013 3820 reservatur
1036 3751 1216 3833 beneficium
1239 3748 1482 3813 ecclesiasticum
1504 3767 1574 3810 eum
1596 3745 1643 3810 oet
1666 3747 1736 3810 sine

232 3873 316 3931 eura,
339 3858 430 3921 cuius
445 3863 576 3938 fructus
598 3861 641 3923 25
662 3880 745 3942 resp.
770 3860 812 3921 18
833 3878 1016 3923 morcarum
1039 3856 1164 3936 arpenti
1185 3853 1354 3917 secundum
1377 3853 1572 3916 taxationem
1594 3850 1734 3914 decimae

230 3957 366 4023 notorem
388 3982 529 4026 annuum
551 3963 784 4046 11111111111,
807 3962 850 4026 ad
871 3961 1068 4026 mdationern
1089 3957 1274 4022 monasterii
1292 3957 1330 4021 de
1346 3953 1432 4020 Auta
1449 3957 1548 4035 Regia
1558 3956 1734 4038 pertinens,

232 4062 263 4137 si
280 4070 372 4129 uacat
394 4065 442 4130 oet
463 4086 532 4130 curn
553 4068 721 4132 vacaverit.
748 4065 974 4148 „Exigentibus
992 4063 1182 4148 probitatis“
1212 4062 1327 4145 „Apud
1357 4061 1587 4125 Vittomnouam
1601 4059 1734 4124 Aninio·

232 4167 336 4232 uensis
359 4168 437 4233 dioc
477 4171 506 4231 V
522 4170 586 4235 aas.
603 4172 740 4252 Aupusti
757 4170 964 4254 pontificatus
986 4168 1087 4233 nostri
1110 4188 1140 4232 a.
1162 4167 1327 4231 secundo“.
1352 4203 1392 4214 -
1418 4168 1457 4230 Iu
1479 4186 1503 4229 e.
1527 4186 1568 4230 m.
1592 4164 1734 4247 episeopo

235 4268 485 4337 Luttiomusleusi
506 4278 535 4337 et
557 4274 676 4339 decano
707 4273 961 4355 Vissepradensis
988 4292 1088 4355 prope
1110 4273 1253 4354 Prapom
1276 4293 1315 4335 ae
1337 4271 1491 4335 sacristae
1514 4267 1734 4332 111-1111111111

878 4377 1088 4442 ecclesiarum.

280 4513 387 4581 (iratis
405 4537 467 4599 pro
490 4517 553 4584 deo.
679 4463 682 4467 ἡ
784 4467 786 4470 >
1034 4513 1130 4597 Apud
1160 4512 1397 4587 Vittomnooam‚
1422 4513 1508 4575 1354
1528 4510 1613 4577 Jutii
1634 4511 1686 4574 28.

356 4703 389 4757 R.
414 4707 464 4758 av.
491 4704 702 4770 11111111,
727 4705 759 4758 R.
778 4706 839 4759 vat.
867 4712 917 4759 aas
935 4704 984 4759 fol.
1009 4710 1051 4759 aa.

242 5075 320 5149 268.
343 5085 508 5152 Corradus
531 5083 662 5151 Antonii
691 5086 729 5151 de
760 5070 911 5152 deviastis
940 5087 1110 5170 supplicat,
1140 5089 1295 5167 quotenus
1325 5083 1386 5149 sibi
1415 5083 1453 5147 de
1475 5080 1618 5162 beneficio
1641 5079 1731 5144 eccie-

602 5192 731 5257 siastico
753 5193 787 5254 in
809 5190 941 5256 eeclesia
965 5192 1121 5270 Prooensi
1138 5188 1355 5272 provideatur.

1030 5330 1127 5414 Apud
1157 5328 1397 5401 Vittarnnooarn,
1420 5326 1507 5390 1354
1528 5321 1611 5389 Jutii
1633 5324 1686 5387 28.
