3944 6060
884 435 951 485 loos
969 428 1037 485 Maii
1056 437 1097 486 1⁶.
1671 441 1732 506 371

235 638 321 705 933.
347 635 425 703 &im
448 639 541 702 Petro
564 641 640 702 nato
662 639 751 704 Petri
770 639 809 705 ac
830 642 1018 726 damviam)
1042 643 1189 709 canonico
1212 644 1465 728 Vratislauteasi‚
1481 647 1587 730 quiin
1601 649 1731 713 molesia

238 740 432 807 Olomuceusi
448 742 488 818 tt)
511 743 731 809 canonicatum
753 744 869 811 obtinet
890 751 920 812 et
931 746 1155 831 praebendam,
1180 749 1391 834 dispensatur,
1413 753 1450 815 ut
1471 750 1598 832 defectu
1618 754 1736 817 aetatis

236 865 295 909 uon
317 845 459 912 obstante
481 846 668 928 dipnitotcm
697 847 747 913 vel
763 855 979 934 personatum,
1013 852 1057 917 ab
1086 853 1298 936 imperatricis
1319 852 1368 918 oel
1389 854 1591 936 imperatoris
1616 858 1727 921 Roma·

237 969 345 1015 norum
367 971 423 1017 seu
444 951 527 1032 repis
557 949 606 1016 uel
627 953 755 1033 repinae
787 953 958 1019 Bobemiae
991 955 1186 1022 collationem
1209 958 1430 1041 pertinentem,
1464 961 1600 1041 recipere
1621 960 1734 1026 caleat.

507 1054 689 1137 „Nobilitas
710 1059 852 1138 pencris“
884 1058 1057 1134 ,Auinione
1078 1061 1123 1125 id.
1147 1061 1233 1127 Maii
1256 1081 1285 1128 a.
1310 1062 1469 1145 septimo.“

298 1162 366 1264 x}
1236 1199 1400 1302 pontone,
1423 1201 1510 1265 1359
1532 1201 1618 1268 maa
1641 1203 1690 1268 15.

362 1384 394 1440 R.
411 1387 462 1439 Ar.
483 1389 530 1438 111
550 1383 597 1440 101.
616 1390 676 1441 168.
694 1414 727 1424 -
745 1390 773 1453 ΙΙ)
791 1386 950 1453 ,Genowicc‘
968 1389 1018 1441 Ar.

236 1667 327 1736 934.
351 1665 497 1752 officiali
519 1668 676 1752 Propensi
697 1666 879 1750 mandatur,
902 1673 1055 1748 qnatenus
1082 1667 1188 1734 Ulrico
1216 1668 1319 1735 Utrici
1341 1670 1379 1735 ele
1400 1669 1592 1751 suebum)
1616 1670 1731 1735 rectori

230 1770 426 1855 parochialis
437 1769 585 1836 ecclcsiae
607 1771 642 1835 in
652 1769 760 1856 Juocp
775 1771 881 1854 (Eule)
890 1770 928 1857 ¹2),
944 1772 980 1836 in
993 1772 1168 1839 sacerdotio
1187 1775 1361 1850 constituto,
1385 1774 1423 1839 ele
1438 1773 1626 1840 canonicatu
1640 1775 1731 1840 cccle-

234 1875 563 1958 siae-Ratisponeusis
585 1875 642 1939 sub
664 1877 879 1956 expectatione
889 1876 1089 1960 pracbemlae
1102 1878 1265 1959 provideri
1274 1882 1431 1959 procuret,
1457 1897 1519 1943 non
1541 1878 1682 1944 obstonet
1697 1883 1732 1943 ut

235 1979 267 2044 iu
280 1978 510 2065 supplicatione
523 1979 580 2044 sub
594 2000 644 2045 nr.
660 1981 733 2045 932.
755 1981 913 2063 ,Dipnum
929 1980 1144 2046 arbitramur“
1165 1983 1343 2065 „Auinione
1360 1981 1404 2047 ia.
1424 1983 1508 2049 Maii
1524 2005 1554 2049 a.
1569 1983 1729 2067 septimo.“

319 2121 348 2242 ff
1231 2121 1393 2206 Aoinione,
1420 2123 1506 2188 1359
1531 2123 1616 2189 Maii
1639 2123 1689 2186 15.

361 2309 394 2367 B„
412 2311 462 2366 Av.
483 2315 531 2365 141
551 2310 598 2366 fol.
617 2316 676 2365 324.
699 2340 726 2352 -
752 2314 777 2379 ⁸)
795 2310 888 2377 ,Vlric
909 2309 989 2364 vlrici
1007 2309 1042 2364 de
1060 2309 1220 2380 Sulczpech‘
1238 2313 1289 2365 Ar.
1308 2310 1336 2377 b)
1354 2310 1491 2384 ,Vglsuiu‘
1509 2313 1559 2365 Ae.

233 2593 322 2659 935.
370 2589 516 2672 Officiali
544 2592 701 2672 Propensi
735 2591 918 2670 mandatur,
951 2595 1105 2675 quatenus
1141 2589 1284 2656 Jobanni
1314 2590 1490 2655 Frenczlini
1526 2590 1604 2656 dicti
1632 2593 1732 2656 Korn·

230 2694 342 2779 puebel
353 2699 385 2780 ⁸)
416 2694 599 2774 beneficium
622 2695 866 2761 ecclesiasticum
889 2717 958 2760 cum
983 2695 1029 2759 rel
1050 2694 1118 2760 sine
1140 2716 1227 2772 curo,
1250 2696 1339 2760 cuius
1362 2698 1486 2760 tructus
1514 2699 1557 2761 25
1586 2718 1667 2780 resp.
1693 2699 1733 2761 18

233 2819 415 2866 marcarum
437 2801 561 2881 arpenti
590 2800 758 2866 secuudum
780 2801 976 2865 taxationem
998 2799 1135 2864 decime
1163 2799 1302 2864 calorem
1325 2820 1465 2864 annuum
1487 2820 1549 2865 non
1569 2801 1731 2880 excedant,
1783 2801 1785 2805 ’

236 2903 278 2967 acl
294 2904 484 2988 praepositi,
507 2903 619 2970 decani
648 2910 676 2969 ct
699 2904 832 2989 capituli
854 2903 1001 2970 ecclcsiae
1031 2903 1284 2986 Vissepraa'eusis
1305 2924 1406 2988 prope
1429 2907 1572 2986 Prapam
1594 2904 1731 2970 collatio·

234 3028 301 3072 nem
317 3009 490 3090 pertinens,
514 3009 544 3074 si
564 3012 658 3074 uocat
679 3009 727 3074 ucl
751 3030 821 3074 cum
842 3009 1011 3087 vocaverit,
1034 3014 1179 3074 reservet.
1207 3009 1365 3091 ,Dipnum
1388 3008 1605 3074 arbitramur“
1633 3009 1732 3093 ,Aui-

730 3113 821 3179 uione
844 3114 887 3178 id.
914 3112 998 3179 Maii
1019 3132 1048 3176 a.
1074 3114 1234 3197 septimo.“

294 3198 365 3320 ..Ξ
1231 3253 1399 3335 Amnisos,
1423 3252 1507 3317 1359
1531 3252 1615 3318 Maii
1638 3252 1687 3316 15.

360 3440 392 3497 R
410 3445 461 3496 Av.
481 3446 528 3497 111
548 3441 595 3498 fol.
615 3447 682 3498 893‘.
705 3473 732 3482 -
757 3446 781 3511 Ι)
797 3442 989 3512 ,Kompuehel‘
1006 3445 1056 3496 Av.

879 3603 1083 3612 ---—-—--

235 3720 322 3790 936.
349 3720 494 3803 Officiali
515 3722 672 3802 Propensi
693 3722 876 3801 mandatur,
911 3725 1064 3806 quatenus
1087 3723 1223 3785 Erasmo
1251 3719 1391 3801 Ulrici·)
1415 3720 1625 3785 Rokeranerii
1645 3720 1731 3786 bene-

227 3824 338 3905 ficium
366 3824 610 3890 ecclesiasticum
638 3824 706 3891 sinc
735 3845 822 3906 cura,
856 3828 945 3892 cuius
968 3828 1103 3905 fructus
1134 3825 1172 3887 18
1203 3844 1384 3889 marcarum
1413 3825 1537 3909 arpenti
1563 3824 1732 3890 secuudum

233 3931 427 3995 taxationem
456 3930 594 3995 decimae
622 3928 760 3995 valorem
790 3951 930 3996 annuum
961 3950 1023 3994 non
1044 3928 1205 4012 secedant,
1240 3928 1283 3992 acl
1306 3927 1535 4013 archicpiscopi
1557 3930 1731 4011 Propensrs

233 4032 428 4099 collationem
441 4035 616 4117 pertinens,
639 4034 669 4098 si
690 4040 786 4099 cacat
806 4034 853 4099 ccl
875 4055 945 4100 cum
967 4032 1136 4113 vacaverit,
1159 4035 1303 4096 reservet.
1330 4034 1491 4114 „Dipnum
1513 4031 1729 4097 arbitramur“

321 4209 348 4261 X
692 4138 868 4221 „Aninione
891 4138 932 4204 id.
958 4138 1042 4205 Maii
1064 4159 1094 4203 a.
1118 4139 1277 4222 septimo.“

298 4277 349 4329 ,Χ
360 4316 366 4329 .
1235 4274 1397 4357 Aniniouc,
1420 4275 1507 4341 1359
1528 4277 1613 4341 Maii
1637 4278 1687 4340 15.

362 4431 395 4487 R.
413 4434 466 4488 Ar.
483 4435 532 4486 141
551 4432 600 4489 sol.
619 4438 677 4489 om.
700 4465 727 4474 -
750 4428 962 4503 ¹),v1n‘c'i‘nu

230 4710 879 4795 937.ofscmn·12rapeuomauoaour,
913 4716 1067 4797 qnatenus
1096 4712 1190 4775 Petro
1214 4708 1381 4774 Laurentii
1410 4707 1556 4774 canonico
1586 4706 1732 4774 ecclesiae

235 4814 446 4882 Olomucensis
462 4816 689 4901 praebendam,
723 4819 752 4883 si
781 4837 843 4902 quo
873 4820 907 4882 in
936 4816 1045 4881 eadem
1072 4814 1200 4881 ecelesia
1229 4817 1323 4879 cacat
1356 4813 1571 4896 adpraesens
1592 4811 1640 4875 uel
1663 4831 1732 4876 cum

231 4921 400 5000 vocaverit,
433 4925 576 5001 reservet,
611 4941 672 4985 non
701 4921 896 4987 obstantibus
926 4923 1016 4985 utin
1039 4918 1267 5003 supplicatione
1297 4917 1353 4982 sub
1375 4937 1423 4981 nr.
1447 4915 1521 4978 932.
1571 4915 1731 4998 ,Dipnum

319 5112 349 5164 X
571 5024 784 5091 arbitramur“
813 5025 988 5108 ,Aninione
1010 5025 1053 5090 iel.
1079 5024 1162 5089 Maii
1186 5044 1215 5087 a.
1239 5022 1399 5104 septimo.‘¹

298 5182 366 5234 .Χ.
1229 5159 1388 5231 Asinum
1420 5158 1506 5224 1359
1530 5159 1613 5224 Maii
1637 5158 1686 5221 15.

361 5353 394 5416 lb
412 5355 463 5414 Ar.
483 5359 531 5414 141
552 5352 599 5415 fol·
618 5359 685 5412 323⁴.

1577 5469 1627 5520 w
