3944 6060
881 422 948 474 reso
965 417 1043 474 auoit
1060 424 1103 474 ac.
1674 422 1738 492 38⁷

238 625 353 693 iudicio
375 633 481 693 tamen
505 628 660 695 dictorum
684 630 808 695 abbatis
830 636 865 695 et
887 636 1070 707 conventus,
1105 635 1263 710 quatenus
1286 631 1490 696 collacionem
1528 639 1562 697 et
1584 633 1737 716 provisio·

236 749 305 794 nem
327 733 491 813 predictas
514 738 549 798 et
571 752 756 816 quecunque
787 735 861 799 iude
885 739 996 799 secuta
1027 733 1199 817 dignemini
1222 735 1315 800 modo
1339 734 1436 799 simili
1459 735 1653 821 confirmare,
1688 739 1739 803 vel

235 833 295 899 sibi
317 836 356 901 de
381 836 466 902 dicta
488 839 634 912 ecclesia,
659 839 758 904 eciam
782 840 808 904 si
832 837 929 905 luerit
951 843 1116 904 reservata
1144 839 1193 903 vel
1218 839 1287 903 eius
1311 840 1441 905 collatio
1465 841 1505 905 ad
1529 841 1639 906 sedem
1663 860 1736 924 apo-

235 939 377 1004 stolicam
401 943 635 1023 quomodolibet
666 944 823 1026 devoluta,
856 944 895 1008 de
919 961 999 1008 novo
1022 943 1199 1024 providere,
1233 943 1286 1007 vel
1308 944 1411 1025 ipsum
1435 943 1467 1008 iu
1490 944 1570 1026 iure,
1605 946 1633 1010 si
1655 947 1738 1028 quod

235 1042 318 1109 dicto
340 1044 478 1111 Heurico
502 1047 534 1111 iu
558 1048 643 1112 dicta
666 1048 802 1113 ecclesia
817 1049 1025 1131 competebat,
1045 1048 1226 1130 subrogare,
1250 1066 1319 1112 cum
1347 1049 1490 1114 omuibus
1518 1070 1580 1116 non
1608 1052 1736 1116 obstan·

235 1147 318 1214 tibus
342 1156 375 1214 et
398 1151 549 1216 clausulis
573 1151 746 1234 oportunis.

362 1359 442 1424 Item
457 1367 482 1437 ⁸)
507 1360 712 1425 collacionem
735 1367 769 1425 et
792 1361 1003 1442 provisionem
1028 1359 1218 1424 auctoritate
1242 1360 1403 1424 ordinaria
1425 1380 1528 1443 nuper
1550 1362 1665 1427 iactam
1682 1363 1736 1428 Ni·

235 1460 323 1556 colao
347 1463 387 1526 de
410 1463 538 1528 Bithom
562 1466 749 1548 presbytero
773 1466 812 1529 de
837 1463 1094 1528 archidiaconatu
1117 1465 1252 1528 ecclesie
1288 1465 1509 1546 Glogoviensis
1532 1467 1736 1533 Wratislaui-

233 1564 320 1630 ensis
343 1567 433 1647 dioc,
457 1574 531 1632 tunc
547 1575 679 1634 vacante
703 1587 761 1651 per
783 1568 901 1634 obitum
924 1566 1077 1632 lobannis
1100 1568 1214 1633 medici
1239 1569 1315 1633 dicti
1339 1570 1613 1637 archidiaconatus
1637 1574 1737 1638 archi·

233 1669 367 1754 diaconi,
392 1673 481 1737 cuius
504 1672 626 1738 fructus
648 1673 737 1738 XXX
760 1673 958 1738 marcharum
982 1673 1105 1755 argenti
1130 1675 1303 1738 secundum
1327 1675 1525 1740 taraciouem
1542 1677 1663 1742 decime
1681 1697 1735 1743 va·

232 1772 332 1839 loram
354 1794 492 1841 aunuum
514 1797 576 1843 non
599 1779 766 1860 excedunt,
790 1795 945 1858 quemque
968 1778 1052 1842 idem
1076 1777 1226 1843 Nicolaus
1249 1797 1307 1861 per
1330 1799 1425 1844 unum
1449 1799 1565 1846 annum
1595 1778 1732 1847 vel‘cir·

232 1878 312 1942 citer
333 1881 439 1945 tenuit
461 1888 494 1946 et
515 1883 667 1965 possedit,
701 1887 795 1964 prout
818 1894 848 1945 et
871 1882 973 1946 adhuc
995 1888 1085 1947 tenet
1107 1888 1141 1947 et
1163 1873 1315 1966 possidet,
1350 1884 1479 1966 pacifice
1503 1891 1537 1950 et
1559 1886 1677 1966 quiete,
1703 1894 1736 1952 et

233 2001 417 2066 quecunque
440 1987 514 2050 inde
539 1993 648 2051 secuta
671 1986 844 2069 dignemini
867 1987 958 2051 modo
983 1987 1078 2051 simili
1103 1985 1287 2052 confirmare
1311 1989 1362 2052 vel
1386 1989 1447 2053 sibi
1472 1991 1510 2054 de
1532 1991 1616 2056 dicto
1633 1990 1733 2056 archi·

233 2087 409 2173 diaconatu,
432 2092 532 2156 eciam
556 2092 582 2155 si
606 2092 744 2174 dignitas
768 2091 940 2155 animarum
966 2111 1072 2155 curam
1095 2091 1215 2156 habeus
1239 2093 1366 2176 existat,
1390 2099 1423 2158 et
1447 2095 1517 2159 eius
1541 2097 1672 2161 collacio
1696 2097 1736 2161 ad

235 2193 342 2258 sedem
365 2196 570 2276 apostolicam
594 2196 756 2278 pertineat
778 2196 992 2278 quovismodo,
1017 2197 1057 2260 de
1081 2215 1161 2262 novo
1184 2198 1362 2281 providere,
1385 2217 1448 2263 non
1472 2201 1628 2282 obstante,
1651 2201 1735 2281 quod

234 2298 387 2378 quoddam
410 2300 511 2365 altare
534 2301 567 2364 iu
590 2300 727 2365 ecclesia
749 2299 1005 2364 Wratislauiensi
1029 2301 1168 2383 obtinet,
1206 2321 1274 2366 cum
1299 2305 1416 2368 ceteris
1446 2323 1508 2369 non
1532 2305 1732 2370 obstantibus

234 2409 266 2468 et
288 2403 438 2469 clausulis
462 2406 634 2488 oportuuis.
649 2405 674 2485 ⁴)

360 2527 442 2591 Item
467 2547 535 2591 cum
559 2527 716 2593 Hernicus
739 2534 833 2592 iratus
856 2528 999 2593 Haimici
1023 2528 1062 2592 de
1078 2529 1164 2611 Egra
1180 2529 1409 2610 parrochialem
1425 2531 1591 2596 ecclesiam
1615 2533 1648 2596 in
1664 2532 1735 2596 Tal-

234 2630 363 2696 kirchen
387 2633 630 2715 Ratisponensis
654 2633 743 2712 dioc,
768 2651 862 2714 quam
886 2634 1003 2697 dudum
1027 2633 1136 2698 extitit
1158 2639 1334 2712 assecutus,
1358 2651 1416 2715 per
1439 2634 1548 2699 decem
1568 2654 1666 2700 anuos
1684 2636 1735 2700 vel

234 2735 315 2799 circa
336 2737 442 2801 tenuit
464 2742 497 2801 et
519 2743 629 2801 teneat
651 2736 774 2802 fructus
807 2737 987 2820 percipiens
1011 2754 1050 2800 ex
1073 2736 1193 2817 eadem,
1229 2738 1269 2801 ad
1293 2738 1538 2804 subdiaconatus
1569 2741 1736 2807 dumtaxat

234 2840 372 2905 ordinem
395 2848 567 2923 promotus,
592 2843 751 2924 supplicat
781 2843 864 2906 idem
888 2841 938 2924 H,
974 2853 1130 2922 quatenus
1161 2858 1284 2905 ornnem
1314 2841 1526 2907 inhabilitatis
1549 2849 1583 2907 et
1603 2841 1732 2910 inlamie

233 2945 384 3009 maculam
409 2963 466 3027 per
488 2964 559 3009 eum
583 2953 712 3028 propter
734 2948 890 3029 premissa
912 2952 1106 3011 contractam
1119 2946 1293 3028 abolentes,
1317 2947 1386 3028 sibi,
1411 2950 1463 3028 qui
1481 2948 1623 3029 pluribus
1640 2950 1731 3014 annis

234 3048 263 3112 in
297 3049 366 3114 iure
403 3050 551 3115 canonico
575 3051 706 3134 studuit,
742 3052 781 3116 de
812 3052 897 3116 dicta
920 3051 1056 3115 ecclesia
1085 3050 1256 3132 dignemini
1288 3051 1327 3115 de
1350 3070 1431 3116 novo
1454 3052 1632 3135 providere,
1670 3072 1733 3119 non

234 3153 432 3219 obstantibus
455 3157 729 3221 reservacionibus
745 3157 992 3239 quibuscunque,
1017 3174 1073 3220 seu
1089 3156 1171 3250 quod
1188 3173 1245 3237 per
1261 3155 1434 3237 capitulum
1450 3157 1584 3222 ecclesie
1601 3157 1729 3222 Veteris

233 3258 352 3340 capelle
376 3259 617 3342 Ratisponensis
640 3260 673 3324 in
696 3260 765 3340 ipsa
788 3261 924 3325 ecclesia
946 3261 978 3325 in
1002 3250 1185 3324 canonicum
1206 3261 1249 3324 sit
1264 3266 1427 3344 receptus3
1452 3280 1521 3326 cum
1537 3262 1653 3326 ceteris
1669 3281 1732 3327 non

234 3363 431 3429 obstantibus
454 3371 487 3429 et
511 3365 661 3430 clausulis
684 3365 858 3447 oportunis.

359 3486 439 3550 ltem
463 3506 532 3552 cum
555 3487 676 3569 pridem
699 3493 832 3552 vacante
855 3487 1056 3569 prepositura
1079 3487 1213 3552 ecclesio
1240 3494 1349 3552 curate
1372 3488 1404 3552 iu
1421 3485 1564 3566 stauai),
1588 3507 1646 3571 per
1660 3508 1730 3571 pre-

232 3590 367 3672 positum
391 3591 484 3657 solite
509 3591 686 3674 gubernari,
720 3592 840 3656 ordinis
864 3610 888 3655 s.
911 3592 1079 3656 Benedicti
1102 3592 1272 3674 Progensis
1295 3592 1384 3674 dioc,
1407 3610 1465 3675 per
1488 3593 1607 3658 obitum
1631 3612 1727 3674 quon-

233 3695 301 3759 dam
324 3694 432 3760 lratris
455 3696 612 3761 Dominici
636 3696 713 3762 dicti
736 3697 895 3778 prioratus
918 3697 1043 3780 prioris,
1071 3695 1286 3761 Theodericus
1310 3697 1448 3761 Minardi
1471 3716 1510 3761 ex
1533 3699 1731 3779 presentaci-

233 3817 289 3864 one
313 3801 436 3865 abbatis
459 3797 645 3866 monasterii
668 3803 707 3866 de
729 3802 838 3866 Insula
861 3801 980 3866 ordinis
1003 3808 1037 3867 et
1060 3801 1139 3865 dioc.
1163 3801 1377 3882 predictarum
1399 3808 1434 3866 ct
1456 3802 1661 3868 institucione
1678 3823 1729 3868 or-

233 3905 345 3970 dinarii
369 3906 485 3971 dictam
507 3907 740 3989 preposituram
771 3905 868 3971 luerit
900 3906 1049 3972 canonico
1074 3912 1239 3972 assecutus
1262 3913 1295 3971 et
1318 3923 1387 3971 eam
1411 3907 1574 3990 possideat
1597 3905 1729 3990 pacifice

232 4015 265 4073 et
286 4010 403 4094 quiete,
437 4012 585 4094 dignetur
615 4011 673 4077 8²⁸⁸
688 4012 744 4077 pr.
766 4011 1051 4095 presentacionem,
1085 4011 1320 4077 institucionem
1345 4018 1379 4076 et
1402 4012 1638 4095 assecuciouem
1660 4030 1731 4094 pre·

233 4114 333 4180 dictas
356 4134 393 4181 ac
415 4135 603 4198 quecunque
626 4118 700 4182 inde
732 4123 841 4181 secuta
863 4117 955 4183 modo
990 4116 1085 4182 simili
1116 4117 1300 4183 confirmare
1331 4117 1381 4181 vel
1405 4117 1465 4182 sibi
1490 4117 1528 4181 de
1552 4117 1637 4182 dicta
1661 4135 1730 4199 pre·

232 4221 373 4303 positura
396 4223 435 4286 de
459 4241 539 4287 novo
562 4222 739 4305 providere,
763 4241 825 4288 non
849 4221 1049 4287 obstantibus
1079 4221 1354 4287 reservocionibus
1377 4221 1624 4303 quibuscunque,
1659 4239 1728 4285 cum

233 4328 347 4394 ceteris
370 4347 432 4394 uon
456 4328 654 4394 obstantibus
678 4334 711 4392 et
734 4327 883 4391 clausulis
905 4327 1108 4409 oportunisll

359 4537 563 4602 Sanctissime
586 4543 686 4620 pater,
710 4536 881 4619 dignemini
905 4555 1013 4602 omues
1045 4543 1078 4601 et
1102 4537 1242 4617 singulas
1265 4534 1437 4617 premissas
1461 4533 1637 4616 peticiones
1660 4552 1723 4598 non

233 4643 431 4726 cancellatas,
457 4642 622 4708 dummodo
646 4642 690 4706 sit
712 4642 765 4724 ita,
789 4647 825 4705 ut
848 4650 994 4706 narratur
1016 4641 1120 4724 ineis,
1143 4640 1269 4722 signare
1293 4646 1326 4706 et
1348 4640 1498 4704 mandare
1515 4638 1667 4721 expediri,
1692 4644 1728 4702 ut

233 4749 358 4829 petitur,
382 4747 444 4812 nisi
466 4746 564 4813 fuerit
587 4747 680 4812 alteri
704 4747 752 4811 ius
768 4746 936 4830 quesitum,
961 4766 1030 4811 cum
1046 4745 1252 4812 restitucione
1276 4751 1382 4811 tameo
1406 4743 1562 4810 fructuum
1583 4743 1724 4808 indebite

233 4859 469 4938 perceptorum,
493 4872 562 4918 cum
585 4852 737 4917 clausulis
761 4852 934 4934 oportunis.

357 4977 431 5042 liat
454 4975 490 5041 G.
514 4976 558 5041 Et
580 4974 648 5039 sine
672 4975 736 5039 alia
758 4975 909 5039 leccione.
933 4974 1006 5039 Fiat
1022 4975 1058 5041 G.
1084 4975 1120 5038 D.
1144 4974 1228 5056 apud
1245 4972 1474 5039 Villamnouam
1503 4971 1728 5039 Auinioneusis

233 5081 310 5149 dioc.
333 5080 394 5148 VH
416 5079 479 5145 lral.
501 5079 580 5146 Julii
604 5098 630 5144 a.
656 5079 802 5161 septimo.

323 5271 355 5325 R.
375 5271 470 5339 Suppl.
490 5275 523 5323 30
542 5269 590 5323 iol.
613 5274 756 5322 rot-112.
779 5297 804 5307 —
830 5270 854 5334 fl)
874 5270 912 5335 ,ln
932 5285 1013 5337 marg.
1034 5267 1122 5322 dext:
1142 5285 1200 5337 ‚pro
1219 5271 1342 5324 carnera‘.
1364 5270 1389 5334 b)
1409 5267 1533 5336 Corrige:
1562 5267 1662 5335 ,Slana‘
1680 5263 1729 5331 (id-

234 5367 273 5413 est
290 5357 529 5429 Slani—Sclrlan).
564 5359 583 5423 ¹)
602 5357 677 5411 Cous.
697 5372 736 5410 ur,
756 5361 815 5412 673.
839 5356 859 5422 ²)
878 5357 952 5411 Haec
971 5355 1136 5427 supplicatio
1155 5372 1204 5425 pro
1230 5355 1356 5414 Johaooc
1376 5354 1581 5411 berniciorum
1603 5353 1631 5406 in
1660 5352 1728 5406 Coll.

1557 5473 1607 5528 ab*
