3944 6060
230 377 295 442 516
838 378 908 428 Acts
927 374 1082 429 Innocentii
1101 375 1148 429 Vl.

232 584 351 651 1293.
375 583 544 650 lodicibus
566 584 749 665 scandatur,
775 587 929 667 quatenus
951 584 1152 648 Leooordam
1185 583 1223 647 dc
1245 585 1378 648 Znoima
1397 588 1562 670 surroqcnt
1584 583 1628 648 ad
1650 604 1743 650 omne

232 688 293 763 ius,
317 686 399 770 qaod
421 687 578 769 quondam
602 688 744 751 Martiam
767 688 805 751 dc
831 687 902 752 Telo
922 687 957 751 ia
979 686 1164 770 parochiali
1185 687 1316 752 ccclesia
1339 688 1377 752 de
1407 687 1524 767 Vrbica,
1557 709 1653 772 super
1675 709 1742 773 qua

781 790 962 872 liiiqabaat,
985 791 1185 874 competebat.

302 880 334 887 ...-

279 913 348 1032 ‚},
1168 928 1331 1004 Aeinioac,
1354 931 1440 994 1362
1462 931 1619 996 Januon'i
1640 934 1692 994 22.

364 1118 498 1183 Dilectis
528 1118 601 1183 filiis
631 1166 638 1181 .
675 1171 680 1183 .
711 1120 818 1184 abbati
851 1121 1036 1185 monasterii
1069 1119 1223 1183 Lucensis
1253 1118 1473 1184 Olomucensis
1507 1120 1586 1184 dioc.
1615 1126 1677 1184 et.
1713 1170 1721 1184 .

236 1241 259 1287 s.
275 1223 362 1287 Petri
375 1240 411 1285 ac
431 1272 437 1284 .
473 1271 481 1286 .
500 1240 524 1286 s.
538 1223 678 1304 Agricoli
693 1223 919 1288 Aninionensis
935 1224 1142 1287 ecclesiarum
1165 1223 1294 1287 decanis
1306 1223 1441 1288 salntem
1464 1230 1526 1288 etc.
1549 1223 1738 1287 Laudabilia

232 1326 402 1409 probitatis
432 1331 466 1389 et
489 1327 641 1390 virtutum
673 1327 797 1409 merita,
829 1344 926 1408 super
955 1327 1070 1408 quibus
1095 1377 1101 1390 .
1122 1378 1129 1392 .
1148 1379 1155 1392 .
1175 1375 1183 1391 .
1201 1327 1388 1391 Leonardns
1412 1327 1452 1391 de
1476 1328 1623 1409 Znoyma,
1647 1344 1736 1409 pres-

233 1432 326 1511 byter
349 1429 570 1494 Olonnucensis
609 1430 690 1495 dioc.
716 1431 799 1511 apud
833 1449 891 1494 nos
924 1429 1154 1512 indedignorunr
1189 1430 1427 1495 commendatur
1461 1430 1656 1511 testimonio,
1678 1447 1738 1495 nos

233 1533 396 1615 inducunt,
432 1540 466 1598 ut
490 1535 551 1598 sibi
574 1534 745 1597 reddamur
779 1534 818 1597 ad
842 1535 981 1615 graciam
1013 1533 1174 1598 liberales
1209 1533 1363 1597 Exhibita
1386 1533 1542 1613 siquidem
1565 1533 1656 1598 nobis
1678 1552 1738 1615 pro

148 1703 150 1706 Α
232 1643 324 1719 parte
348 1638 425 1702 dicti
447 1638 607 1702 Leonardi
630 1639 748 1718 peticio
772 1638 963 1718 continebat,
988 1638 1071 1719 quod
1095 1643 1165 1701 orta
1188 1637 1307 1701 dudum
1328 1637 1414 1701 inter
1436 1638 1571 1701 eundem
1594 1638 1736 1702 Leonar-

233 1741 307 1805 dum
330 1759 369 1804 ex
393 1747 485 1822 parte
508 1760 572 1804 una
595 1748 629 1805 et
652 1742 808 1821 qnondam
832 1741 1005 1805 Martinam
1029 1742 1068 1805 de
1092 1740 1224 1820 Talem)
1249 1741 1397 1804 clericum
1422 1741 1506 1804 dicte
1537 1741 1616 1806 dioc.
1641 1758 1738 1822 super

232 1844 424 1925 parrochiali
448 1844 584 1909 ecclesia
606 1846 639 1909 in
662 1844 794 1908 Wrun'cz
818 1845 961 1909 eiusdem
985 1845 1076 1921 dioc,
1101 1845 1140 1908 de
1164 1863 1234 1925 qua,
1257 1849 1333 1907 tunc
1355 1862 1413 1925 per
1435 1845 1556 1908 obitum
1579 1845 1736 1924 quondam

233 1947 355 2011 Mathis
379 1949 418 2012 de
442 1950 582 2030 Znoyrna
604 1949 747 2013 eiusdem
771 1948 907 2012 ecclesie
931 1949 1064 2012 rectoris
1096 1954 1238 2029 vacante,
1270 1948 1428 2012 Martinus
1451 1949 1626 2030 apostolica
1649 1948 1679 2011 ei
1703 1953 1738 2011 et

233 2051 417 2116 Leonardus
441 2053 579 2133 predicti
603 2053 764 2117 ordinaria
786 2052 847 2115 sibi
871 2052 1062 2117 anctoritate
1093 2052 1253 2132 provisum
1288 2051 1397 2125 inisse,
1430 2058 1526 2133 prout
1546 2051 1631 2116 idem
1655 2051 1734 2115 Leo·

232 2156 360 2237 nardus,
385 2157 440 2237 qui
462 2157 563 2237 ipsam
587 2157 756 2220 ecclesiam
780 2162 946 2220 assecutus
969 2156 1158 2238 possederat
1187 2160 1221 2220 et
1244 2154 1346 2219 adhuc
1369 2155 1523 2236 possidet,
1547 2154 1672 2234 asserit,
1696 2171 1736 2215 ex

233 2259 335 2324 altera
350 2261 485 2324 materia
508 2261 685 2341 questionis
696 2267 731 2324 et
743 2257 872 2338 causab)
895 2259 1075 2324 huiusmodi
1098 2277 1157 2340 per
1173 2259 1422 2340 appellacionem
1446 2258 1523 2322 dicti
1540 2257 1672 2322 Martini
1695 2256 1737 2320 ad

233 2364 341 2428 sedem
365 2364 570 2444 apostolicam
594 2365 734 2446 legitime
759 2364 908 2428 devoluta
924 2369 957 2429 et
972 2382 1076 2427 coram
1100 2363 1129 2426 d.
1143 2361 1164 2425 i.
1184 2362 1354 2426 Guillelmo
1378 2362 1417 2425 de
1434 2362 1543 2426 Lenne
1558 2363 1600 2442 li)
1612 2362 1734 2426 decano

233 2466 367 2531 ecclesie
392 2468 614 2551 cicestrensis,
639 2468 803 2550 capellano
825 2473 934 2531 nostro
958 2472 992 2530 et
1007 2483 1173 2530 causarum
1197 2465 1311 2548 palacii
1335 2465 1502 2547 apostolici
1526 2464 1673 2546 auditori,
1696 2481 1737 2526 en

233 2572 454 2636 commissione
485 2579 596 2637 nostra
630 2572 754 2636 diucius
789 2571 951 2650 ventilata,
987 2569 1115 2634 tandem
1139 2570 1243 2635 dictus
1266 2569 1425 2633 Martinus
1448 2587 1542 2633 unam
1564 2585 1621 2651 pro
1645 2586 1680 2633 se
1703 2575 1739 2630 et

234 2676 485 2739 contradictum
508 2676 710 2741 Leonnrdum
733 2682 807 2741 tunc
831 2678 996 2740 absentem
1019 2676 1052 2739 in
1076 2693 1171 2738 causa
1194 2674 1375 2740 huiusmodi
1390 2673 1592 2739 diffinitivam
1607 2679 1735 2738 senten·

233 2777 313 2841 ciam
336 2778 520 2860 reportavit,
550 2796 611 2858 que
635 2796 675 2842 ex
698 2797 736 2843 eo
760 2779 791 2841 in
822 2798 888 2843 rem
912 2778 1066 2842 transisse
1098 2778 1215 2842 dicitur
1236 2778 1418 2860 iudicatam,
1441 2778 1526 2858 quod
1549 2779 1588 2841 ab
1611 2794 1652 2840 sa
1674 2796 1737 2842 non

233 2880 295 2946 init
317 2900 374 2963 pro
397 2887 489 2963 parte
514 2882 593 2946 dicti
615 2881 772 2946 Leonardr¹
798 2882 1002 2964 appellatum,
1036 2882 1114 2946 licet
1148 2883 1216 2964 ipse
1252 2887 1374 2947 certum
1397 2881 1546 2946 nuncium
1568 2900 1626 2964 pro
1650 2881 1736 2946 dicte

232 3002 328 3049 cause
350 2986 576 3066 prosecucione
593 2986 633 3049 ad
649 2986 782 3049 eandem
806 2986 915 3050 sedem
939 2986 1144 3057 destinasset,
1168 2986 1223 3066 qui
1239 2991 1346 3049 tamen
1367 2986 1402 3048 in
1424 2986 1541 3050 itinere
1565 2986 1605 3049 ad
1627 2986 1738 3050 sedern

233 3089 382 3153 veniendi
415 3090 592 3170 predictam
627 3090 830 3172 constitutus,
866 3090 1026 3167 adibam,
1061 3090 1150 3170 gravi
1182 3088 1368 3154 infirmitate
1392 3090 1552 3168 detentus,
1584 3090 1739 3154 accedere

235 3192 388 3272 nequivit,
413 3199 448 3258 et
470 3194 595 3257 demum
619 3193 724 3258 dictus
748 3193 915 3274 Martinus,
939 3198 1108 3274 antequam
1129 3193 1234 3257 dictus
1257 3193 1453 3270 Leonardus,
1477 3193 1518 3258 ad
1541 3193 1630 3258 cuius
1653 3194 1736 3259 noti-

233 3295 315 3359 ciam
337 3295 517 3362 huiusmodi
540 3296 709 3362 infirmitas
732 3302 931 3379 pervenerat,
956 3302 1129 3379 propterea
1152 3298 1192 3361 ad
1216 3298 1324 3363 sedem
1348 3296 1504 3380 prefatam
1540 3298 1753 3362 accessisset-

233 3400 318 3481 apud
340 3418 409 3464 eam
434 3400 545 3464 extitit
567 3401 634 3465 vita
656 3400 792 3481 iunctus,
816 3400 902 3464 dicta
925 3401 1090 3464 sentencia
1112 3401 1251 3466 nondum
1274 3401 1458 3466 enecucioni
1479 3402 1637 3465 mandata.
1669 3401 1739 3466 Nos

232 3503 341 3583 itaque
364 3504 508 3568 volentes
531 3504 651 3569 dictum
674 3505 874 3569 Leonardum
893 3553 901 3567 .
921 3552 927 3564 .
948 3554 955 3567 .
976 3553 982 3565 .
1007 3503 1115 3569 favore
1139 3505 1288 3587 prosequi
1304 3505 1411 3586 gracie
1434 3498 1592 3587 specialis,
1617 3505 1737 3569 disere

232 3607 315 3671 cioni
338 3612 445 3672 vestre
476 3627 534 3689 per
557 3609 733 3691 apostolica
756 3608 876 3690 scripta
898 3607 1094 3689 mandamus,
1125 3613 1283 3688 qnatenus
1303 3657 1310 3672 .
1331 3661 1336 3671 .
1357 3656 1390 3671 ..
1415 3606 1574 3690 prefatum
1597 3609 1737 3674 Leonsr·

233 3711 306 3775 dum
330 3711 362 3774 in
386 3713 470 3799 omni
494 3712 561 3775 iure
586 3718 620 3776 et
642 3712 681 3776 ed
705 3731 796 3776 omne
820 3713 879 3793 ius,
904 3711 987 3791 quod
1010 3711 1095 3776 dicto
1119 3711 1259 3775 Martino
1274 3712 1308 3776 in
1325 3712 1412 3776 dicta
1433 3712 1571 3776 ecclesia
1593 3721 1738 3794 tempore

233 3813 282 3877 sui
306 3814 411 3878 obitus
446 3814 684 3894 quomodolibet
717 3817 918 3897 competebat
952 3832 1009 3878 seu
1033 3820 1214 3896 competere
1238 3821 1374 3897 poterat,
1402 3815 1568 3881 dummodo
1591 3822 1736 3898 tempore

234 3917 309 3980 dcte
332 3918 531 3999 presencium
553 3937 618 3982 non
642 3918 686 3982 sit
708 3919 740 3982 in
764 3919 833 3999 ipso
857 3920 925 3982 iure
949 3917 1044 3982 alicui
1068 3918 1253 3999 specialiter
1276 3919 1326 3983 ius
1350 3920 1519 4002 quesitum,
1544 3920 1736 3985 auctoritate

232 4021 406 4102 apostolica
429 4022 604 4102 surrogatis
626 4021 808 4102 dictumque
824 4023 875 4087 ins
891 4022 951 4087 sibi
968 4020 1139 4086 conferatis
1155 4028 1190 4087 et
1204 4023 1429 4108 provide[a]tis
1441 4025 1540 4090 eciam
1558 4025 1598 4088 de
1614 4025 1736 4107 eodem,

232 4125 399 4207 ipsumque
423 4125 623 4190 leonardum
647 4126 688 4189 ad
710 4127 968 4207 prosecucionern
1000 4131 1034 4191 et
1056 4125 1273 4192 defensionem
1304 4126 1485 4193 huiusmodi
1507 4128 1587 4193 iuris
1610 4134 1645 4192 et
1666 4145 1736 4194 sen·

233 4229 337 4293 tencie
354 4228 518 4310 ipsiusque
535 4230 757 4294 enecucionem
773 4231 924 4312 vigorisc)
940 4230 973 4294 in
989 4249 1027 4295 eo
1043 4234 1130 4294 statu
1153 4231 1332 4296 admittatis
1352 4238 1387 4296 et
1398 4232 1524 4297 admitti
1546 4231 1682 4314 faciatis,
1704 4232 1738 4296 in

233 4350 293 4412 quo
318 4331 421 4397 dictus
444 4331 611 4415 Martinus,
635 4333 662 4397 si
686 4334 818 4416 viveret,
840 4340 952 4415 posset
975 4338 1010 4397 et
1033 4332 1167 4398 deberet
1190 4334 1369 4402 admitti..
1390 4385 1424 4400 ..
1447 4336 1487 4419 D.v
1510 4334 1668 4401 Auinione
1690 4336 1739 4405 XI

234 4435 296 4499 kal.
322 4436 487 4502 Februarii
511 4457 538 4502 a.
565 4437 695 4503 decimo.

363 4624 394 4678 R.
413 4627 464 4677 Av.
485 4630 535 4677 149
554 4624 602 4679 iol.
621 4630 681 4679 363.
700 4656 730 4665 -
752 4631 777 4692 ³)
796 4625 922 4694 corrige:
942 4625 1047 4694 ,Telcz‘.
1069 4624 1083 4666 b
1119 4630 1169 4694 ,ca‘
1187 4627 1236 4680 Aa.
1258 4629 1281 4694 0)
1299 4627 1409 4696 ,vigore‘
1428 4630 1474 4680 Av.

881 4864 1086 4874 ———.

233 5041 351 5108 1294.
376 5037 519 5105 Jobaom'
541 5041 578 5105 dc
602 5042 848 5121 Komeadorfl)
871 5046 1033 5122 consertor
1052 5042 1248 5125 parochialis
1270 5043 1403 5109 ecclesia
1434 5045 1469 5109 ia
1498 5042 1737 5111 Schwaocnlcir·

231 5141 341 5222 camb)
367 5144 570 5208 Pataoicnsis
592 5144 681 5221 dioc,
704 5144 993 5226 nonobstantibus,
1017 5148 1100 5231 qood
1122 5147 1280 5232 quoddam
1303 5149 1407 5215 aliare
1426 5148 1464 5213 in
1475 5147 1605 5215 ccclesia
1635 5150 1737 5214 Vrati·

229 5243 383 5310 claviensi
404 5246 528 5312 obtinet.
555 5247 648 5328 „Vite
671 5269 711 5313 ac
732 5253 870 5312 mosam
906 5248 1081 5331 „Aoioioae
1110 5252 1174 5315 VH
1189 5251 1254 5316 kal.
1277 5251 1446 5318 bimaris·
1467 5275 1497 5318 a.
1522 5251 1667 5320 decima·
1694 5244 1738 5300 ⁴.
