3944 6060
231 442 294 506 194
829 439 899 491 Acta
920 436 1073 491 Innocentii
1093 436 1140 491 VI.

228 651 321 718 468.
356 648 473 714 Abbati
502 646 687 712 raoaasterir'
708 646 949 710 Breoaorr'easis
979 645 1151 726 Propeasis
1172 644 1250 712 dioc.
1274 643 1459 728 mandator,
1489 651 1646 730 owenus
1669 645 1741 710 Fri-

229 752 333 817 derioo
363 751 557 832 bocconis-s
588 750 626 814 oe
656 750 785 814 Lesaict
813 748 923 814 clerico
956 747 1170 815 Olomacensr's
1200 750 1276 814 dioc.
1307 749 1345 812 de
1374 751 1562 815 canonicatu
1590 749 1742 815 adauae

238 856 492 938 lb'ssepradeasis
520 873 622 938 prope
656 854 798 936 Prapam
832 852 889 917 sub
918 854 1132 935 expectatione
1161 853 1362 936 praebendae
1390 854 1553 936 provideri
1582 857 1742 936 procuret.

235 961 396 1042 „Dipoeni
420 959 635 1024 arbitramur‘*
666 956 781 1039 „Apud
810 955 1042 1021 lbllcmaooom
1064 956 1289 1022 Aaiaioaensis
1311 956 1387 1021 dioc.
1420 957 1497 1022 VIII
1513 957 1578 1022 aaz.
1601 956 1744 1039 Auraei

887 1080 917 1124 a.
941 1066 1082 1143 qroarto.‘⁴

281 1151 352 1271 dd
1044 1198 1140 1278 Apud
1168 1197 1404 1278 Villamaooam,
1429 1201 1515 1264 1356
1536 1197 1623 1266 Jalti
1644 1201 1699 1264 25.

363 1392 395 1445 R.
414 1392 464 1443 Ar.
485 1396 534 1442 134
554 1389 601 1443 sol.
620 1395 687 1442 333¹.
709 1419 740 1428 -
763 1392 787 1455 ι)
807 1388 977 1455 ,Boczkonis‘
997 1389 1047 1440 Ar.

473 1791 566 1858 469.
592 1787 751 1871 corona
775 1767 926 1853 daona
948 1788 1018 1851 narr
1041 1785 1209 1851 aroanna
1231 1787 1269 1851 a
1294 1787 1494 1851 arenosam.

1431 1929 1517 1990 roos
1539 1925 1624 1991 oua
1646 1926 1700 1990 28.

365 2104 516 2183 Queltor)
540 2107 633 2165 uatus
657 2101 771 2165 nobilis
791 2099 851 2163 viri
867 2100 1049 2164 PrzibconiS
1077 2101 1116 2164 de
1132 2099 1412 2183 Trzevowyetdcz]
1435 2100 1547 2165 militis
1569 2099 1744 2182 Pragensis

233 2211 314 2274 dioc.
340 2208 452 2273 eodem
476 2226 557 2271 anilo
581 2202 828 2287 [nicaeorum
853 2210 887 2268 et
909 2204 1046 2267 XXVIII
1070 2204 1121 2267 die
1144 2204 1222 2267 Julii
1253 2204 1399 2285 promisit
1429 2202 1667 2285 protractibus
1691 2222 1742 2269 ec·

233 2315 330 2378 clesie
354 2314 387 2376 in
410 2313 493 2376 Zwol
519 2311 603 2374 dicte
626 2311 707 2373 dioc.
732 2329 789 2390 per
811 2309 915 2390 ipsum
938 2307 1079 2371 indebite
1103 2307 1263 2389 perceptis
1287 2307 1341 2370 Lx
1364 2305 1431 2372 tlon.
1455 2306 1534 2370 auri.

360 2500 420 2554 obl.
441 2505 468 2551 et
486 2498 540 2551 Sol.
560 2504 612 2551 ‘aaa
631 2497 678 2549 fol.
698 2501 738 2549 32.
759 2525 791 2534 —
805 2501 831 2560 Β)
849 2495 974 2564 Corrige:
1003 2497 1125 2562 ,Czenco‘
1151 2506 1180 2548 ut
1205 2496 1232 2547 in
1252 2512 1291 2548 nr.
1311 2501 1361 2548 441
1386 2501 1414 2548 et
1432 2500 1490 2548 445.
1529 2495 1555 2561 b)
1575 2494 1741 2564 Suppletum

230 2603 264 2641 ex
283 2586 405 2655 metgias
424 2584 568 2654 superlori.

885 2775 1089 2785 ———

232 2969 323 3034 470.
360 2969 486 3031 Decono
509 2965 657 3028 ecclesiae
686 2957 938 3042 Visseprodeasc's
960 2964 1144 3046 mandatur,
1174 2967 1329 3043 quatenus
1359 2961 1520 3025 Prodotae
1551 2962 1681 3026 Zdesloi
1703 2963 1741 3027 dc

242 3072 350 3135 Victot
372 3067 553 3150 beneficium
576 3066 818 3131 ecclesiasticum
842 3068 884 3130 ad
906 3067 1101 3132 collationem
1125 3067 1353 3149 archiepiscopi
1376 3066 1548 3146 Propensis
1571 3067 1737 3148 pertineas

323 3262 332 3273 .
916 3176 1060 3239 reservet.

282 3263 349 3380 i.
1041 3308 1136 3391 Apud
1168 3307 1404 3382 llllaraaooom,
1428 3309 1515 3372 1356
1536 3306 1622 3373 Julii
1644 3313 1697 3375 29.

361 3501 400 3564 D.
417 3499 438 3562 f.
457 3551 463 3563 .
479 3551 484 3563 .
502 3500 621 3565 decano
645 3499 779 3562 ecclesie
804 3499 1076 3580 wissegradensis
1092 3517 1190 3580 prope
1207 3499 1339 3580 Pragam
1356 3500 1491 3562 salntem
1515 3507 1575 3563 etc.
1601 3500 1739 3582 IIIgnum

232 3607 501 3670 arbitramur...
523 3655 529 3666 .
554 3602 706 3667 Volentes
730 3603 837 3683 itaque
862 3603 890 3667 d.
908 3601 929 3665 f.
947 3603 1117 3666 Prudotam
1134 3602 1258 3666 Sdeslai
1282 3604 1321 3665 de
1338 3604 1465 3667 Wsetat
1487 3611 1643 3668 rectorem
1667 3624 1740 3687 par-

232 3709 381 3774 rochialis
404 3707 539 3771 ecclesie
563 3708 594 3771 ln
619 3707 745 3771 Wsetat
767 3707 935 3788 PragenSIs
960 3706 1038 3770 dioc.
1060 3758 1066 3770 .
1086 3755 1092 3766 .
1114 3757 1145 3770 ..
1174 3707 1483 3771 consideracione..
1512 3743 1537 3772 ·.
1562 3709 1654 3774 Anne
1678 3709 1739 3773 Ro·

233 3831 395 3876 manorum
425 3811 645 3892 imperatricis
791 3830 847 3891 pro
878 3812 988 3875 eodem
1013 3811 1152 3874 Prndota
1184 3810 1299 3875 devoto
1323 3828 1380 3875 suo
1400 3859 1406 3872 .
1426 3863 1432 3876 .
1454 3861 1488 3874 ..
1520 3812 1741 3893 supplicantis,

234 3916 394 3980 favoribus
418 3914 566 3995 prosequi
591 3914 750 3994 gracciosis
775 3915 962 3978 discrecioni
987 3921 1040 3977 tus
1062 3965 1069 3977 .
1088 3967 1095 3979 .
1116 3965 1122 3975 .
1143 3963 1149 3975 .
1173 3915 1366 3995 mandamus,
1389 3921 1546 3994 quatenus
1565 3966 1572 3979 .
1593 3968 1598 3979 .
1620 3965 1655 3979 ..
1688 3918 1744 3981 be-

235 4017 380 4082 neficium
404 4018 652 4081 ecclesiasticum
685 4038 753 4081 cum
778 4036 854 4081 cura
876 4019 925 4081 vel
951 4019 1020 4082 sinc
1043 4038 1127 4098 cura,
1159 4026 1193 4082 et
1223 4019 1250 4082 si
1281 4018 1414 4100 simplex
1445 4018 1580 4083 officinm
1612 4021 1744 4092 existat,

235 4122 577 4197 cuiusf1·uctus,....
603 4123 629 4185 si
654 4141 723 4185 cum
746 4141 830 4203 cura,
855 4123 1134 4203 vigintiquinque,
1159 4124 1185 4186 si
1209 4142 1284 4188 vero
1308 4123 1375 4188 sino
1400 4143 1476 4187 cura
1497 4123 1604 4202 inierit,
1628 4125 1741 4190 decem

234 4234 265 4290 et
291 4232 361 4291 octo
385 4226 582 4288 rmncbarum
614 4226 737 4306 argenti
768 4226 940 4289 secundnm
972 4227 1170 4291 tenaciorem
1201 4228 1321 4291 decime
1346 4228 1484 4291 valorem
1515 4246 1655 4292 aurinum
1678 4249 1742 4295 non

234 4331 399 4411 excedant,
435 4335 691 4410 spectans...
728 4330 766 4392 ad
791 4329 996 4394 collacionem
1015 4382 1022 4394 .
1043 4381 1048 4390 .
1070 4378 1104 4392 ..
1141 4331 1372 4412 archiepiscopi
1404 4331 1572 4413 Progensis
1604 4339 1638 4396 et
1657 4381 1665 4396 .
1685 4383 1720 4398 ..

233 4435 398 4516 prepositi,
423 4434 533 4497 ‹lecani
557 4440 590 4496 et
607 4434 736 4514 capituli
760 4434 894 4497 ecclesie
915 4435 1083 4515 Progensis
1104 4488 1110 4499 .
1131 4489 1136 4499 .
1158 4489 1164 4501 .
1185 4487 1201 4515 .,
1225 4434 1449 4499 conferendum
1472 4434 1575 4498 cidem
1600 4436 1742 4502 Prudote

235 4592 241 4602 .
263 4588 269 4600 .
289 4588 295 4598 .
316 4590 322 4603 .
342 4537 507 4603 donacioni
530 4544 585 4600 tue
610 4539 798 4602 auctoritate
816 4546 924 4602 nostra
940 4559 1085 4606 reserves
1105 4592 1112 4605 .
1132 4592 1139 4605 .
1160 4591 1166 4602 .
1185 4590 1203 4621 .,
1227 4560 1289 4604 non
1312 4539 1539 4604 obstantibus.
1560 4593 1565 4606 .
1587 4592 1593 4604 .
1614 4591 1631 4623 .,
1654 4544 1741 4624 quod

233 4642 319 4705 idem
343 4641 480 4704 Prudota
504 4642 619 4704 dictam
643 4643 870 4723 parrochialem
894 4643 1060 4709 ecclesiam
1094 4645 1235 4709 noscitur
1258 4645 1411 4708 obtinere.
1448 4642 1598 4709 Volumus
1621 4654 1743 4729 autem,

236 4746 320 4825 qnod
342 4745 428 4808 idem
451 4746 599 4823 Prmlota
624 4765 716 4826 quam
740 4747 873 4828 primum
893 4797 1004 4814 .....
1024 4756 1166 4813 curatum
1190 4747 1376 4812 beneficium
1392 4748 1490 4815 fuerit
1505 4748 1634 4829 pacifice
1655 4769 1744 4818 asse·

234 4854 336 4921 cutus,
367 4849 542 4930 predictam
572 4850 801 4930 parrochialem
832 4852 997 4915 ecclesiam
1030 4853 1191 4916 dimittere
1222 4858 1379 4917 teneatur.
1425 4854 1464 4917 Ι).
1500 4853 1584 4935 apud
1608 4854 1742 4921 Villam·

235 4971 349 5015 nonrun
374 4952 598 5016 llninioncnsis
623 4953 701 5016 dioc.
724 4953 787 5016 IllI
811 4954 871 5017 kal.
896 4956 1030 5036 Augusti
1055 4975 1082 5019 a.
1107 4964 1228 5037 quarto.

364 5140 394 5193 R.
414 5144 463 5193 Aa.
485 5148 533 5194 133
552 5141 599 5194 fol.
619 5149 659 5195 51.
