3944 6060
231 426 294 489 208
837 426 1070 480 Actalnnocentii
1089 427 1134 480 VI.

232 635 321 700 518.
345 636 516 698 Franciseo
542 634 680 699 bbnrodi
703 634 740 696 de
767 637 833 715 Tpn
856 636 1001 699 emeonieo
1024 636 1171 699 eeclesiae
1202 636 1454 717 Visseprodenszs
1478 638 1680 722 ,coneeditnq
1710 643 1745 702 nt

232 739 297 801 eins
322 740 497 819 acceptatio
516 738 716 819 praebendae
738 740 887 802 eeclesiae
914 740 1168 818 inssepraoensis
1191 747 1220 803 el
1231 742 1371 823 prorisio
1388 742 1424 805 dc
1441 743 1550 806 eadem
1559 742 1745 823 praebendo

866 845 894 906 ei
911 848 1009 922 facto
1032 844 1170 907 valeant.

282 985 351 1065 .ir·.
1207 1000 1368 1077 nerano,
1393 1005 1478 1065 reso
1504 1001 1647 1066 onaan
1670 1005 1700 1066 o.

367 1189 402 1250 ll.
428 1188 449 1250 l'.
474 1189 642 1251 Frurrcisco
667 1190 802 1253 Conradi
827 1191 866 1252 de
890 1190 949 1252 'l'in
984 1192 1133 1254 carrouico
1168 1192 1301 1255 ecclesie
1338 1192 1611 1273 wissegradensis
1646 1211 1744 1274 prope

238 1292 380 1373 l‘ragam,
406 1293 539 1356 salutem
565 1301 625 1356 etc.
650 1293 823 1356 Probitatis
847 1300 880 1355 et
903 1294 1108 1357 virtutum..
1131 1348 1133 1351 .
1157 1345 1162 1356 .
1187 1294 1339 1357 Exhibita
1363 1295 1519 1373 siquidem
1536 1297 1627 1361 nobis
1643 1315 1746 1377 nuper

237 1416 293 1476 pro
318 1404 408 1477 parto
433 1405 488 1460 tua
511 1398 628 1478 peticio
664 1398 855 1475 continebat,
892 1399 974 1477 quod
1012 1399 1085 1461 olim
1122 1398 1308 1460 canonicatu
1344 1404 1377 1461 et
1412 1400 1574 1478 prebenda
1608 1400 1745 1463 ecclesie

239 1502 511 1583 wissegradensis
535 1520 633 1583 prope
657 1503 800 1582 Pragaru,
825 1519 903 1580 quos
927 1503 1084 1580 quondam
1109 1501 1256 1564 Sisfridus
1274 1501 1312 1564 de
1329 1503 1475 1566 Lestkaw
1492 1502 1593 1584 ipsius
1610 1504 1746 1568 ecclesie

238 1606 406 1669 collonicus
428 1607 461 1669 iu
485 1607 622 1668 ecclesia
645 1606 723 1686 ipsa,
743 1606 830 1670 ilion.
845 1606 976 1677 viveret,
1000 1607 1172 1672 obtinebat.
1195 1623 1253 1684 per
1275 1605 1375 1684 ipsius
1403 1605 1523 1669 Siflridi
1540 1608 1670 1688 obitum,
1693 1608 1747 1688 qui

239 1717 329 1773 extra
353 1711 525 1773 Romanam
549 1712 667 1772 erulam
691 1710 773 1772 diem
798 1709 913 1774 clausit
936 1715 1126 1789 extremum,
1151 1708 1345 1784 vacamtibuS,
1377 1715 1412 1772 tu
1436 1710 1544 1789 vigore
1579 1711 1747 1774 literarum

239 1821 418 1878 nostrarum
442 1832 499 1894 per
522 1832 599 1893 quas
623 1814 842 1876 canonicatum
865 1814 897 1875 in
922 1814 1007 1876 dieta
1030 1813 1166 1876 ecclesia
1190 1814 1346 1892 obtinens,
1371 1813 1564 1892 prebendam
1588 1814 1668 1879 inibi
1694 1832 1748 1878 cx·

240 1918 429 1999 pectabaS,¹)
455 1918 648 1998 prebendam
672 1918 845 1998 predictam
870 1917 915 1980 sic
939 1924 1102 1979 vacantem
1127 1917 1268 1996 nullique
1285 1915 1339 1978 alii
1356 1917 1395 1979 de
1412 1917 1480 1980 iure
1508 1919 1649 1982 debitam
1665 1917 1750 1982 inira

241 2031 367 2103 tempus
390 2023 565 2102 legitimum
591 2021 764 2101 acceptasti
790 2021 910 2100 tibique
935 2022 973 2082 de
998 2021 1053 2083 illa
1076 2021 1235 2094 canonice,
1261 2021 1321 2082 nisi
1339 2022 1513 2100 apostolica
1529 2023 1674 2086 obstaret
1698 2041 1749 2086 re·

241 2127 393 2206 servacio,
416 2126 574 2206 provideri
598 2125 711 2187 fecisti.
738 2125 854 2187 Verum
877 2142 957 2202 cum,
983 2125 1065 2187 sicut
1088 2125 1198 2187 eadem
1224 2124 1340 2203 peticio
1373 2125 1594 2207 subiungebat,
1631 2131 1666 2189 tu
1692 2126 1747 2189 du·

242 2232 325 2294 bites
348 2231 539 2310 prebendam
564 2231 664 2310 ipsam
689 2236 831 2308 tempore
856 2228 1086 2307 acceptaciouis
1110 2237 1144 2291 et
1167 2227 1356 2307 provisionis
1380 2226 1557 2292 huiusmodi
1593 2227 1661 2293 fore
1697 2230 1750 2293 do·

241 2335 364 2396 nacioni
389 2334 563 2413 apostolice
586 2341 781 2396 reservatam
805 2338 900 2410 teque
924 2338 1093 2411 propterca
1117 2349 1210 2411 posse
1235 2349 1331 2411 super
1365 2351 1403 2395 ea
1437 2333 1645 2414 imposterum
1682 2353 1748 2398 mo-

243 2439 363 2518 lestari,
386 2438 477 2500 nobis
500 2437 663 2499 humiliter
687 2436 883 2516 supplicasti,
908 2442 943 2497 ut
966 2435 1132 2514 providere
1156 2436 1214 2498 tibi
1250 2453 1346 2515 super
1381 2436 1440 2499 hoc
1474 2437 1513 2499 de
1550 2437 1751 2518 benignitate

244 2542 419 2623 apostolica
444 2542 654 2622 dignaremur,
680 2559 735 2604 nos
759 2541 856 2620 igitur
875 2588 881 2599 .
902 2589 908 2600 .
931 2590 963 2601 ..
999 2539 1174 2619 apostolica
1197 2539 1265 2615 tibi,
1291 2541 1389 2603 eciam
1414 2541 1603 2604 decanatum
1627 2543 1751 2624 capelle

245 2648 333 2727 regie
370 2646 517 2709 Ornuium
554 2644 738 2708 Sanctorum
767 2645 799 2706 iu
828 2650 931 2706 castro
959 2643 1110 2723 Pragensi
1134 2643 1299 2724 obtinenti,
1324 2646 1513 2708 auctoritate
1537 2646 1752 2729 concedimus,

244 2752 326 2831 ‹qarod
351 2751 532 2831 acceptorio
556 2757 590 2812 et
612 2749 750 2829 provisio
774 2748 917 2828 predicte
942 2748 981 2809 de
1006 2748 1090 2810 dicto
1114 2748 1283 2827 prebenda,
1319 2754 1354 2810 ut
1377 2748 1581 2829 premittitur,
1610 2748 1695 2813 facte
1719 2755 1754 2813 ct

246 2873 431 2933 quecunque
466 2855 539 2916 inde
564 2860 674 2915 secuta
697 2853 829 2932 perinde
854 2871 871 2913 a
895 2851 970 2914 clato
994 2852 1194 2932 presencium
1219 2853 1350 2915 valeant
1372 2853 1560 2933 plenamque
1585 2853 1754 2916 obtineant

245 2959 367 3022 roboris
391 2958 582 3032 bonitatem,
607 2976 642 3018 ac
666 2959 692 3019 si
728 2958 766 3019 de
802 2957 872 3035 ipsa
905 2956 1067 3035 prebenda
1091 2955 1176 3017 nulla
1200 2972 1257 3035 per
1281 2957 1390 3019 sedem
1414 2956 1621 3037 apostolicam
1646 2974 1752 3020 reser-

247 3062 334 3124 vacio
358 3062 442 3123 facta
466 3061 548 3124 l'oret
567 3111 573 3121 .
594 3111 600 3122 .
621 3112 625 3122 .
646 3111 651 3122 .
676 3062 711 3122 ll.
738 3061 893 3122 munione
921 3059 976 3121 l'll
1002 3060 1043 3121 iil.
1070 3058 1217 3121 Octobris
1242 3080 1268 3122 a.
1294 3067 1415 3138 quarto.

371 3267 401 3319 R.
421 3269 469 3318 nv.
491 3272 539 3318 132
560 3265 605 3319 fol.
626 3272 683 3318 bin.
705 3297 735 3303 —
760 3267 777 3330 ¹)
797 3265 872 3317 Cous.
893 3281 931 3316 ur.
952 3270 993 3317 88.

896 3476 1101 3484 ———-———

247 3652 337 3717 519.
362 3651 523 3714 Jolronnes
546 3651 707 3728 episcopos
738 3646 932 3710 l'ornriensis
955 3647 1098 3728 quitotnr
1128 3645 1165 3708 de
1187 3646 1339 3708 solutione
1359 3649 1467 3728 portis
1499 3648 1551 3710 sui
1584 3648 1758 3712 coneinnnis

247 3757 371 3818 seruitii
404 3776 547 3818 correerue
570 3751 761 3830 apostolieae
785 3774 846 3833 per
868 3771 982 3813 irrorans
1006 3749 1175 3818 Simonis¹l
1207 3751 1244 3812 dc
1275 3748 1445 3829 Leptitani)
1479 3751 1623 3815 cononici
1654 3751 1757 3815 Vroti·

248 3859 414 3921 stomensis
432 3861 537 3936 socio.
562 3856 763 3938 „Stephanus
785 3860 861 3918 etc.·‘
886 3854 1063 3935 „Aninione
1086 3853 1136 3915 die
1160 3854 1228 3915 XII
1255 3853 1538 3917 reiensis-Octobris
1563 3878 1593 3920 a.
1617 3854 1759 3941 [deretini

338 3959 540 4037 itlo'CCti'r,
563 3960 734 4022 indiccione
762 3956 815 4035 IX,
844 3957 1048 4038 pronitiflcotns
1070 4008 1076 4020 .
1096 4009 1102 4020 .
1123 4006 1129 4018 .
1151 4012 1156 4022 .
1182 3959 1356 4020 lniroeencii
1387 3958 1432 4020 VI
1449 3982 1477 4021 a.
1503 3956 1703 4043 quarto]“.⁶)

1197 4115 1359 4190 elvinione,
1387 4117 1468 4177 1356
1495 4115 1637 4180 Octobris
1660 4120 1712 4181 12.

382 4323 441 4375 tllrl.
462 4332 488 4373 et
507 4321 561 4373 Sol.
582 4326 614 4372 ‘so
635 4319 679 4370 l'ol.
704 4327 768 4383 123,
797 4320 826 4369 n.
847 4322 894 4370 Ar.
919 4325 965 4369 12²2
986 4318 1031 4370 l'ol
1052 4326 1109 4370 lle.
1132 4319 1368 4386 -u,‚5y11101113‘
1394 4319 1453 4374 Obl.
1472 4327 1499 4373 et
1511 4325 1560 4372 Ar.
1588 4320 1612 4388 b)
1631 4321 1760 4389 ,Legucz‘

251 4411 300 4460 Ar.
323 4422 346 4472 c)
366 4410 526 4477 &oppletum
547 4423 579 4458 ex
599 4406 697 4458 litteris
717 4406 744 4457 iu
763 4405 886 4472 registris
908 4405 1141 4471 praecedentibus.
1171 4435 1203 4442 —
1231 4405 1272 4457 De
1300 4406 1392 4458 eadem
1423 4407 1559 4459 solutione
1585 4422 1634 4474 per
1661 4423 1760 4462 manus

252 4496 372 4548 eiusdem
393 4495 509 4546 Simonis
530 4495 601 4546 lacta
620 4493 646 4544 in
666 4493 717 4543 lut.
737 4503 764 4544 et
783 4492 854 4544 llxit.
876 4497 965 4546 113513)
985 4498 1035 4543 278
1055 4492 1100 4544 iol.
1124 4496 1152 4543 18
1173 4492 1223 4544 suli
1243 4493 1336 4545 eodem
1357 4493 1420 4546 dato
1443 4493 1543 4546 mentio
1562 4492 1601 4546 fit.

252 4879 342 4941 520.
389 4876 531 4940 Jobonni
555 4874 743 4937 Hercben-en'i
774 4875 1030 4938 l'rob‘sluoiensis
1054 4876 1130 4939 dioc.
1155 4875 1334 4937 concreditur·
1356 4875 1498 4952 officium
1521 4874 1761 4942 eaeobtonaros.

373 5034 394 5150 Ι(
1202 5013 1363 5088 ili-inante,
1388 5015 1473 5076 1356
1499 5012 1640 5077 Octobris
1664 5017 1717 5080 16.

386 5225 422 5286 n.
439 5224 460 5286 f.
484 5224 620 5288 iohanni
644 5222 838 5286 Houbeuerii
862 5223 976 5284 clerico
1001 5241 1062 5284 non
1083 5221 1250 5299 coniugato
1268 5240 1326 5285 nee
1342 5222 1374 5284 iu
1391 5221 1489 5285 sacris
1506 5221 1671 5287 ordinibus
1690 5241 1763 5288 con·

255 5329 368 5392 stituto
392 5328 666 5391 Wrotislauiensis
691 5327 769 5389 dioc.
794 5327 929 5389 salutem
944 5332 1002 5388 etc.
1020 5325 1067 5387 Ne
1084 5332 1304 5390 contractuum
1320 5326 1471 5389 memoria
1487 5326 1653 5407 deperiret
1672 5378 1678 5391 .
1699 5377 1705 5392 .
1727 5377 1734 5391 .
1754 5375 1763 5391 .
