3944 6060
234 442 300 508 430
836 440 906 494 heta
923 437 1077 494 Innocentil
1094 439 1140 494 VI.

235 657 332 716 retm.
367 648 432 715 Nos
455 651 564 731 itaque
587 650 658 714 iura
680 652 814 716 ecclesie
848 651 991 735 predicte
1028 668 1142 733 sponse
1177 657 1285 717 nostre
1309 651 1461 715 adversus
1485 655 1747 733 presumptorem

234 757 421 839 predictum,
452 760 547 838 prout
576 761 730 828 tenemur,
764 756 982 836 spiritualibus
1014 761 1047 820 et
1077 757 1304 837 temporalibus
1327 753 1494 820 defensare
1518 755 1673 819 remediis
1698 755 1747 818 in·

235 861 405 926 tendentes
427 864 461 923 et
483 858 731 940 considerantes
755 860 838 939 quod
862 860 946 923 idem
971 861 1132 924 Bernabos
1155 860 1188 924 in
1211 860 1371 925 nonnullis
1394 858 1577 923 civitatibus
1601 867 1637 923 et
1660 859 1745 925 loeis

233 965 266 1028 in
290 963 453 1046 provincia
483 962 671 1027 lombardie
703 963 951 1027 consistentibus
983 963 1137 1027 carissimi
1161 963 1192 1026 iu
1218 963 1345 1027 Christo
1370 960 1426 1025 lilii
1449 962 1555 1027 Caroli
1581 964 1745 1028 Romano-

235 1089 303 1133 rum
327 1067 528 1150 imperatoris
552 1085 677 1148 semper
701 1069 827 1149 augusti
851 1087 887 1131 ac
910 1068 1039 1131 Boemie
1064 1068 1148 1149 regis
1171 1067 1307 1131 illustris
1330 1066 1440 1131 vicarii
1462 1085 1578 1131 nomen
1602 1065 1691 1148 gerit
1707 1085 1747 1130 ac

234 1173 366 1256 proinde
401 1172 467 1236 suis
502 1172 635 1236 deberet
669 1171 819 1236 devocius
853 1173 1055 1252 acquiescere
1087 1171 1214 1237 monitis
1237 1178 1271 1236 et
1294 1171 1473 1254 prompcius
1496 1170 1628 1236 obedire
1653 1190 1745 1234 man-

235 1279 328 1360 datis,
351 1277 453 1342 eidem
478 1276 663 1357 imperatori
687 1276 869 1359 precamina
891 1281 1000 1341 nostra
1024 1276 1199 1358 dirigimus,
1223 1283 1259 1341 ut
1274 1277 1343 1358 ipse
1368 1275 1490 1358 prefate
1513 1276 1652 1340 ecclesie
1669 1294 1746 1340 can·

235 1401 312 1463 sam,
336 1381 424 1447 cuius
449 1380 674 1446 devotissimus
697 1378 782 1445 filius
805 1387 839 1445 et
862 1379 1004 1445 fervidus
1032 1382 1154 1445 zelator
1177 1381 1298 1463 existit,
1334 1399 1422 1445 suam
1445 1385 1610 1461 reputans,
1634 1379 1746 1462 prefa-

234 1493 301 1551 tam
324 1486 545 1550 Bernabouenr
567 1484 627 1549 viis
641 1490 675 1549 et
687 1484 798 1565 modia,
821 1485 935 1564 quihus
959 1485 1018 1548 sibi
1039 1485 1208 1550 convenire
1226 1484 1397 1564 videbitur,
1413 1483 1544 1548 inducat
1559 1488 1594 1547 et
1608 1485 1749 1550 mandet

233 1592 347 1672 eidem,
372 1595 407 1653 ut
430 1590 469 1653 ab
493 1589 655 1654 invasione
678 1594 711 1654 et
734 1588 973 1671 oppuguacione
997 1589 1149 1670 predictis
1165 1594 1199 1654 et
1215 1588 1286 1654 aliis
1302 1587 1582 1653 molestationibus
1599 1587 1744 1652 ecclesie

234 1694 390 1778 prelibate
414 1692 539 1758 omnino
563 1692 701 1757 desistat
734 1711 771 1756 ac
793 1696 899 1757 castra
921 1692 960 1756 de
985 1692 1131 1757 districtu
1155 1692 1255 1774 ipsius
1279 1692 1420 1757 civitatis
1444 1691 1658 1756 Bononiensis
1681 1711 1745 1774 per

234 1818 307 1864 suas
341 1804 453 1881 gentes
483 1797 644 1863 hostiliter
677 1803 831 1879 occupata
864 1797 963 1862 libere
987 1797 1138 1861 restituat
1171 1803 1205 1861 et
1228 1797 1370 1861 dimittat
1403 1814 1439 1860 ac
1470 1794 1603 1860 venir.
1627 1802 1744 1861 nostro

233 1903 348 1986 Egidio
379 1901 526 1984 episcopo
551 1901 727 1976 Sabinensi,
758 1901 931 1982 apostolice
956 1901 1041 1966 sedis
1072 1901 1188 1982 legato,
1224 1920 1280 1982 pro
1304 1899 1547 1965 conservacione
1572 1905 1606 1963 et
1630 1898 1744 1964 delen-

234 2008 322 2071 sione
346 2007 489 2071 eiusdem
512 2005 652 2070 civitatis
675 2011 709 2069 et
732 2005 887 2069 dictarum
910 2011 1065 2069 terrarum
1089 2004 1224 2070 ecclesie
1247 2004 1403 2085 prelibate
1428 2003 1503 2085 suis,
1528 2009 1624 2086 prout
1640 2022 1744 2085 expe-

234 2112 302 2177 dire
326 2111 450 2191 viderit,
480 2110 627 2174 intendat
652 2109 779 2174 auxiliis
803 2115 836 2173 et
858 2106 1018 2173 favoribus
1042 2107 1216 2188 oportunis.
1263 2107 1367 2184 erare
1392 2106 1627 2172 fraternitatem
1651 2113 1743 2172 tuam

233 2216 423 2296 requirimus
446 2222 480 2278 et
502 2214 676 2289 hortamur,
711 2213 862 2293 quatinus
898 2232 954 2294 pro
979 2217 1088 2277 nostra
1111 2220 1144 2276 et
1167 2212 1342 2294 apostolice
1366 2212 1453 2276 sedis
1476 2212 1667 2276 reverencia
1689 2230 1742 2276 su-

232 2339 290 2402 per
313 2319 476 2401 premissis
500 2318 583 2400 apud
607 2318 829 2399 imperatorem
853 2317 999 2394 eundem,
1023 2324 1058 2380 nt
1081 2319 1219 2382 votivum
1243 2317 1275 2381 iu
1298 2317 1346 2380 eis
1369 2316 1547 2380 senciamus
1578 2315 1741 2399 effectum,

234 2425 309 2488 dare
334 2423 464 2487 studeas
481 2442 608 2505 operam
632 2422 801 2501 efficacem,
827 2440 896 2484 ven.
918 2422 954 2484 fr.
981 2427 1087 2485 nostro
1111 2421 1225 2502 Egidio
1249 2421 1397 2503 episcopo
1422 2421 1624 2499 Vincentius,
1643 2438 1740 2502 quem

233 2546 329 2610 super
361 2527 423 2591 hiis
454 2527 579 2608 plenius
610 2527 810 2590 informatum
834 2525 874 2588 ad
898 2543 986 2588 snam
1010 2532 1180 2606 propterea
1211 2525 1409 2606 presenciam
1440 2525 1648 2608 destinamus,
1672 2524 1740 2590 tuis

233 2632 374 2697 consiliis
397 2637 432 2696 et
454 2631 613 2695 favoribus
638 2629 825 2693 assistendo.
849 2630 887 2694 l).
913 2629 1068 2692 Aninione
1094 2628 1135 2692 Vl
1158 2628 1218 2692 kal.
1244 2629 1321 2692 llaii
1345 2649 1372 2693 a.
1397 2634 1517 2693 octavo.

362 2736 398 2799 ln
421 2754 448 2798 e.
473 2755 503 2798 m
506 2785 620 2798 .....
647 2734 829 2798 Boenrundo
853 2733 1089 2814 archiepiscopo
1113 2732 1312 2796 Treverensi.

362 2839 399 2901 Ιιι
422 2858 449 2902 e.
474 2859 513 2901 m.
535 2890 540 2901 .
561 2889 567 2900 .
587 2890 593 2903 .
615 2888 622 2900 .
646 2837 883 2919 archiepiscopo
907 2837 1157 2918 Salsehurgensi.

363 2943 398 3006 ln
423 2960 450 3005 e.
474 2962 504 3005 m
508 2992 619 3005 .....
644 2941 839 3005 Theoderico
862 2942 1010 3023 episcopo
1035 2942 1202 3007 llindensi.

363 3047 399 3110 ln
424 3065 451 3109 e.
476 3066 505 3109 m
510 3095 620 3112 .....
644 3044 781 3110 Hemico
805 3045 954 3127 episcopo
978 3044 1226 3109 Constauciensi.

362 3151 398 3213 Ιιι
422 3168 450 3213 e.
474 3170 503 3213 ιιι
508 3200 621 3216 .....
647 3148 882 3231 archiepiscopo
907 3149 1100 3229 hlagnutiuo.

363 3254 398 3316 Iu
423 3273 449 3317 e.
474 3273 513 3317 m.
535 3305 540 3316 .
563 3304 568 3316 .
590 3305 595 3316 .
616 3303 622 3315 .
647 3255 783 3316 hrnesto
807 3253 1045 3334 archiepiscopo
1069 3253 1232 3335 Prsgeusi.

362 3358 398 3421 ln
422 3377 450 3422 e.
474 3378 514 3422 ιιι.
540 3357 709 3422 (luillelmo
733 3359 852 3421 decano
876 3357 1012 3421 ecclesie
1038 3357 1298 3439 vissegradensis
1311 3358 1480 3439 Prugensis
1497 3358 1590 3435 dioc,
1608 3365 1738 3439 aposto-

234 3465 294 3528 lice
308 3463 394 3528 sedls
417 3462 542 3543 nuncio,
567 3461 702 3526 salutem
726 3466 785 3525 etc.
811 3461 888 3525 Cum
912 3461 951 3524 de
975 3466 1031 3525 tua
1054 3461 1235 3538 devocione,
1259 3480 1352 3541 quam
1368 3461 1408 3525 ad
1424 3478 1482 3526 nos
1505 3467 1539 3525 et
1562 3461 1739 3526 Romanam

233 3567 400 3632 ecclesiam
423 3567 518 3648 geris,
543 3565 690 3630 liduciam
714 3566 901 3647 obtinemus,
925 3565 1007 3645 quod
1031 3584 1087 3646 pro
1111 3563 1218 3630 lavore
1241 3565 1384 3629 eiusdem
1408 3564 1543 3629 ecclesie
1567 3571 1602 3629 et
1626 3565 1739 3631 defeu-

233 3672 321 3735 sione
345 3671 460 3735 iuriam
484 3687 611 3735 suornm
635 3671 711 3735 dare
735 3670 880 3735 studebis
903 3689 960 3751 pro
985 3669 1103 3734 viribus
1119 3669 1302 3734 favorabilis
1319 3668 1530 3734 solicitudinis
1546 3673 1600 3733 tue
1617 3687 1738 3735 curam.

233 3776 315 3840 Saue
339 3782 399 3840 etc.
423 3781 459 3840 ut
482 3794 578 3856 supra
600 3775 731 3839 mutatis
754 3775 925 3838 scrutandis.

364 3965 394 4017 li.
414 3966 475 4018 Vnt.
495 3970 545 4017 hid
564 3965 612 4018 lol.
631 3962 681 4017 57‘.
701 3995 733 4005 -
754 3965 818 4033 ch.
843 3964 916 4032 apud
938 3964 1101 4033 ll'erunslrp,
1125 3964 1263 4032 Excerpta
1287 3980 1326 4017 nr.
1346 3969 1396 4017 hil
1415 3970 1442 4017 et
1461 3963 1563 4031 lluhcr,
1583 3963 1651 4034 Reg.
1670 3963 1742 4031 imp.

232 4051 297 4103 vlll
316 4066 376 4122 pag.
397 4057 445 4104 79⁶3
464 4067 505 4104 ur.
523 4057 581 4105 376.

879 4265 1083 4273 *—

535 4441 653 4506 1077.
684 4436 830 4501 Visitoiio
856 4435 1014 4501 Johonais
1037 4436 1173 4518 episcopi
1198 4435 1419 4500 Oloomocnsis.

1381 4574 1467 4640 1360
1488 4572 1616 4657 Aprilis
1638 4576 1694 4642 29.

361 4773 420 4838 ilie
444 4771 549 4837 Xlllll
572 4770 689 4837 mensis
712 4770 831 4854 Aprilis
866 4770 907 4853 [a.
934 4767 1117 4851 thCCLll]
1135 4767 1161 4848 ¹¹)
1197 4766 1342 4831 dominus
1372 4765 1534 4831 lohannes
1565 4765 1739 4850 episcopus

231 4875 450 4941 Olomucensis
474 4896 530 4958 pro
555 4896 616 4940 uno
640 4876 766 4941 biennio
790 4894 848 4957 per
871 4874 1053 4956 religiosum
1077 4872 1177 4936 virum
1209 4871 1340 4935 fratrem
1367 4871 1494 4934 Petrum
1519 4870 1641 4935 ordinis
1664 4891 1737 4955 pre·

231 4981 414 5060 dicatorum,
440 4981 557 5045 domini
593 4980 692 5045 nostri
717 4998 798 5061 pape
822 4977 1093 5061 perritenciarium,
1128 4981 1364 5058 procuratorem
1388 4992 1490 5054 suum,
1514 4973 1669 5040 visitavit.
1695 5012 1738 5023 —

230 5085 259 5150 J.
284 5086 323 5150 de
348 5087 485 5168 Campis

361 5257 422 5311 Ohl.
441 5263 468 5310 et
487 5255 541 5312 Sol.
560 5262 591 5309 dl
613 5256 659 5310 lol.
679 5262 720 5310 36.
746 5287 767 5296 -
805 5259 829 5324 ι)
848 5253 1011 5322 Suppletum
1030 5268 1063 5306 ex
1082 5252 1204 5321 margine
1224 5251 1366 5322 superiori.

878 5414 1084 5423 ——-
