3944 6060
912 460 984 515 Acts
999 459 1152 516 iunocentii
1168 461 1214 517 Vl.

438 673 519 736 ltem
542 672 709 754 supplicat,
733 677 890 753 quatenus
906 671 1184 754 permutaciouem
1207 689 1266 754 per
1288 673 1390 753 ipsum
1413 690 1520 755 regem
1543 691 1614 737 cum
1632 679 1821 755 precentore

309 784 342 842 et
357 777 577 842 mansionariis
594 775 783 858 supradictis
803 814 832 822 -
854 777 994 859 ipsorum
1008 783 1042 842 et
1054 795 1184 842 suorum
1197 776 1429 860 beneficiorum,
1453 796 1514 857 que
1531 778 1646 842 ibidem
1664 777 1820 859 obtinent,

313 881 453 947 utilitate
480 919 517 927 —
543 882 582 945 de
606 881 702 944 certis
725 880 831 962 terris,
856 881 940 946 villis
963 887 998 946 et
1016 882 1270 963 possessionibus
1294 882 1393 962 magis
1417 881 1529 947 vicinis
1544 888 1579 946 et
1592 882 1726 947 utilibus
1748 902 1819 964 pre-

312 987 434 1053 centori
457 992 492 1050 et
514 983 736 1050 mansionariis
766 985 899 1066 prefatis
924 1005 981 1067 per
1004 985 1140 1049 eundem
1163 1003 1271 1067 regem
1304 986 1343 1049 de
1366 1004 1447 1051 novo
1470 986 1641 1067 assignatis
1667 1005 1724 1068 pro
1748 986 1820 1051 aliis

311 1092 406 1174 villis,
430 1091 527 1157 terris
550 1095 585 1154 et
603 1088 868 1171 possessionibus,
893 1107 954 1170 que
970 1089 1072 1172 magis
1088 1090 1261 1168 distabant,
1278 1089 1366 1170 prius
1382 1089 1503 1153 eisdem
1519 1089 1699 1171 assignatis,
1722 1089 1819 1172 quel)

311 1196 390 1277 ipsis
413 1193 592 1278 precentori
616 1199 650 1258 et
672 1193 896 1257 mansionariis
919 1193 1023 1257 minus
1045 1193 1142 1257 utiles
1165 1194 1355 1275 existebant„
1382 1193 1422 1256 de
1445 1193 1579 1257 licencia
1602 1211 1638 1256 ac
1661 1211 1816 1259 consensu

312 1298 544 1380 archiepiscopi
575 1303 609 1361 et
631 1295 764 1378 capituli
795 1297 1058 1378 supradictorum,
1090 1304 1184 1380 prout
1209 1316 1267 1379 per
1289 1297 1401 1361 literas
1423 1296 1525 1378 ipsius
1547 1297 1633 1380 regis
1657 1316 1693 1361 sc
1717 1299 1818 1364 archi·

315 1403 456 1485 episcopi
479 1408 514 1466 et
536 1400 667 1483 capituli
690 1401 905 1482 predictorum
921 1419 1017 1484 super
1033 1405 1091 1468 boc
1107 1402 1267 1467 confectas
1282 1401 1409 1484 plenius
1436 1405 1569 1483 constet,
1592 1419 1632 1465 er
1648 1408 1737 1466 certa
1759 1404 1817 1468 sci·

316 1508 408 1571 encia
430 1513 530 1571 ratam
554 1512 588 1569 et
610 1510 732 1587 gratam
756 1505 929 1587 dignemini
952 1506 1070 1572 habere
1094 1514 1127 1573 et
1150 1506 1345 1581 confirmare,
1370 1524 1439 1569 cum
1463 1505 1614 1570 clausulis
1637 1511 1696 1571 otc.

442 1628 661 1694 Exhibeantur
690 1626 724 1690 in
747 1627 937 1691 cancellaria
967 1627 1061 1692 litere
1093 1627 1341 1710 permutationis
1371 1626 1550 1691 huiusmodi
1573 1632 1607 1691 et
1630 1627 1702 1710 alia,
1735 1634 1770 1693 et
1792 1629 1820 1692 si

311 1733 520 1798 rationabiles
543 1731 671 1811 luerint,
694 1729 918 1796 confirmentur
941 1732 978 1796 G,

445 1856 526 1919 ltem
557 1853 726 1936 supplicat,
761 1858 919 1933 quatenus
954 1853 1072 1918 dilecto
1102 1852 1266 1935 capellano
1297 1852 1499 1918 courmeusali
1529 1859 1564 1917 ct
1590 1852 1739 1917 familiari
1762 1871 1819 1917 suo

314 1959 452 2024 Stiborio
483 1957 680 2022 Wentreslai
711 1956 750 2020 de
781 1957 900 2020 Borecz
931 1959 1110 2039 precentori
1142 1957 1425 2021 mansionariorum
1470 1956 1557 2021 chori
1591 1958 1684 2021 beate
1717 1957 1820 2021 Marie

314 2062 539 2145 predictorum,
564 2062 603 2125 de
628 2060 815 2125 canonicatu
839 2060 974 2124 ecclesie
999 2066 1059 2125 etc.
1085 2061 1119 2142 (l)

444 2182 516 2248 Nou
538 2181 601 2246 fuit
623 2181 789 2264 signata.⁸)

445 2305 525 2368 Item
549 2303 716 2386 supplicat,
740 2309 898 2384 quatenus
921 2302 1024 2366 eidem
1042 2300 1179 2367 Stiborio
1195 2302 1376 2384 preceptori
1392 2300 1615 2384 confessorem,
1639 2302 1693 2382 qui
1715 2302 1820 2384 ipsum

315 2410 348 2474 in
372 2409 482 2474 mortis
506 2409 639 2472 articulo
670 2409 709 2472 ab
733 2407 876 2473 omnibus
906 2405 1047 2488 peccatis
1070 2405 1224 2471 confessis
1255 2413 1288 2470 et
1311 2407 1456 2471 contritis
1480 2406 1671 2471 auctoritate
1695 2413 1820 2488 aposto-

315 2515 428 2579 lica..
450 2566 456 2577 .
477 2566 483 2577 .
508 2511 672 2578 absolvere
704 2512 821 2593 valeat,
852 2529 910 2575 uec
941 2529 1004 2575 uon
1034 2511 1137 2575 cidem
1170 2509 1307 2574 Stiborio
1338 2517 1372 2574 et
1400 2509 1520 2574 Wlasto
1556 2511 1625 2574 eius
1656 2511 1751 2574 matri
1786 2529 1822 2573 ac

315 2618 413 2682 Paulo
436 2618 537 2700 ipsius
553 2616 645 2681 fratri
665 2617 790 2698 plenam
807 2616 1025 2680 remissionem
1042 2633 1169 2680 suorum
1185 2615 1321 2679 omnium
1338 2619 1539 2696 peccatorum
1559 2667 1565 2679 .
1586 2664 1592 2679 .
1612 2665 1619 2679 .
1640 2615 1693 2679 .iu
1710 2613 1821 2679 mortis

317 2721 453 2787 articulo
477 2721 650 2804 dignemini
674 2720 812 2802 elargiri.

446 2843 519 2907 Fiat
541 2843 577 2907 G.
602 2843 645 2907 Et
667 2841 751 2922 quod
773 2846 921 2905 transeat
944 2841 1013 2906 siue
1037 2841 1100 2906 alia
1121 2840 1273 2907 leccioue.
1302 2841 1374 2906 Fiat
1397 2841 1435 2906 G.

448 2964 486 3026 D.
510 2962 666 3027 Auinioue
690 2961 736 3027 XI
758 2961 822 3026 kal.
846 2961 1011 3026 Februarii
1034 2982 1061 3027 a.
1087 2964 1234 3028 secundo.

445 3150 477 3204 R.
496 3150 591 3220 Suppl.
610 3157 642 3205 25
667 3150 714 3204 iol.
734 3154 784 3205 18⁴.
806 3179 832 3188 -
861 3151 886 3214 Ι)
910 3149 986 3204 Haec
1009 3149 1092 3204 uerba
1108 3150 1138 3204 in
1156 3167 1240 3220 marg.
1259 3151 1331 3206 dext.
1349 3151 1532 3221 reperiuntur.
1556 3182 1582 3191 -
1600 3153 1625 3219 b)
1642 3151 1707 3220 ,qui‘
1722 3151 1820 3221 Suppl.

319 3586 409 3655 193.
449 3584 646 3665 Verreeslao·)
677 3589 752 3648 noio
782 3583 940 3648 lobannis
962 3585 1046 3665 repis
1069 3583 1241 3649 Bcdemiac
1270 3589 1300 3648 et
1321 3584 1489 3652 aetarnae
1511 3588 1578 3651 eiua
1603 3586 1697 3651 uxori
1718 3587 1824 3652 indul·

316 3696 416 3775 priter,
444 3694 480 3753 ut
502 3690 662 3773 confessor
689 3709 795 3753 eorum
824 3689 859 3753 r'rr
880 3689 991 3753 mortis
1013 3687 1148 3753 articulo
1174 3688 1303 3772 plenam
1332 3692 1471 3755 omnium
1490 3696 1691 3772 peccatorum
1713 3694 1823 3756 remis·

316 3797 434 3859 sionem
457 3795 502 3859 eis
524 3795 686 3860 concedere
704 3794 814 3876 possit.
842 3794 1025 3872 „Procerum
1056 3793 1230 3875 „Asiaticae
1252 3792 1304 3857 Xl
1323 3794 1387 3860 lral.
1412 3794 1579 3860 Februarii
1600 3817 1631 3860 o.
1653 3795 1823 3860 seeuado“.

363 3920 422 4069 ᾗ
1254 3950 1417 4035 Asanam,
1443 3952 1527 4016 1364
1547 3952 1705 4052 raucam
1727 3956 1781 4019 22.

451 4139 481 4193 R.
500 4141 550 4192 Ar.
572 4145 621 4193 128
639 4138 687 4193 tol.
706 4144 774 4203 617¹,
793 4140 824 4194 It
844 4139 905 4192 Vat.
924 4144 974 4191 226
994 4138 1040 4193 iol.
1058 4144 1126 4193 289¹.
1146 4171 1179 4179 -
1199 4143 1223 4207 a)
1242 4140 1440 4206 ,Wenezesluo‘
1459 4142 1508 4194 Ar.

970 4351 1176 4360 ——n—

321 4523 411 4591 194.
443 4522 617 4588 Wledislao
639 4531 713 4589 nato
736 4523 893 4587 Korimirr'
914 4523 1004 4587 ducis
1029 4523 1223 4587 Tessinerrsis
1244 4522 1434 4604 indulcetur,
1460 4525 1496 4586 at
1517 4521 1678 4607 consessor
1699 4523 1768 4588 eiua
1790 4525 1825 4587 r'rr

321 4630 431 4693 mortis
454 4627 587 4693 articulo
603 4628 734 4712 plenam
757 4628 895 4691 omnium
911 4633 1111 4710 peccatoram
1134 4629 1347 4692 rescissionem
1365 4628 1394 4690 er'
1410 4627 1570 4692 concedere
1587 4628 1700 4710 possit.
1729 4629 1824 4711 „Pro-

625 4733 727 4796 venit“
754 4731 929 4815 „Acinione
952 4728 1003 4795 XI
1023 4730 1086 4795 tol.
1111 4731 1281 4796 Februarii
1305 4754 1334 4795 a.
1358 4731 1522 4796 secundo“.

1256 4888 1418 4971 Asinium,
1444 4890 1528 4953 1354
1549 4889 1709 4955 duruerit
1727 4892 1781 4955 22.

455 5080 485 5132 R.
505 5081 554 5132 riv.
576 5084 625 5133 128
644 5078 691 5132 lol.
712 5083 771 5146 bib,
792 5077 821 5130 lt.
840 5078 901 5131 Vat.
920 5082 970 5130 227
990 5077 1035 5130 lol.
1055 5081 1112 5130 326.

976 5342 1178 5353 -.—
