3944 6060
694 406 760 458 1369
779 400 940 459 Nouembris
962 411 993 459 18
1014 435 1044 443 -
1063 399 1224 459 Novembris
1243 409 1285 457 30.
1672 399 1738 472 403

236 633 358 679 marram
375 615 494 678 cun'am
511 613 595 676 diem
611 613 725 676 clausit
748 620 933 694 extremum,
956 619 1097 692 vacante,
1116 614 1167 676 dd.
1184 612 1216 677 if.
1232 615 1405 695 capitulum
1421 614 1564 679 eiusdem
1590 615 1737 698 ecclesie,

234 720 273 784 ud
296 737 374 799 quos
397 718 515 784 eleccio
538 717 698 782 scolastici
732 718 816 782 dicte
852 718 987 782 ecclesie
1022 718 1062 783 de
1086 719 1218 799 antiqua
1240 725 1273 782 et
1297 719 1472 800 approbata
1506 725 1540 783 et
1575 719 1732 783 hactenus

233 822 361 906 pacifice
385 824 552 911 observata
574 822 803 888 consuetudine
826 823 978 905 pertinet,
1002 829 1045 902 te,
1069 828 1144 887 tunc
1168 822 1398 904 parrochialem
1421 822 1591 887 ecelesiam
1613 823 1646 887 in
1672 823 1734 886 Oe-

233 928 370 1010 syhou·)
394 928 478 992 dicte
503 927 581 991 dioc.
607 926 812 1009 obtinentem,
835 928 867 990 in
892 927 1093 992 scolasticum
1128 928 1212 992 dicte
1237 926 1372 990 ecclesie
1405 926 1604 992 concorditer
1626 927 1733 1009 elege-

234 1038 316 1111 runt,
351 1038 448 1113 tuque
484 1031 638 1096 eleccioni
672 1031 853 1095 huiusmodi
899 1032 938 1095 de
973 1037 1006 1095 te
1039 1030 1123 1097 lacte
1157 1031 1372 1112 consenciens,
1414 1049 1484 1095 eam
1519 1032 1687 1097 obtinuisti
1719 1050 1738 1094 a

235 1136 418 1220 quo[n]dam
442 1134 586 1201 Johaune
612 1133 754 1216 Pauueb)
779 1135 898 1200 decano
930 1134 1064 1200 ecclesie
1096 1135 1369 1225 wissegradensis
1401 1153 1499 1216 prope
1522 1136 1666 1217 Pragam,
1688 1135 1734 1198 vi-

236 1241 318 1305 cario
342 1240 487 1322 generali
509 1257 579 1304 ven.
604 1238 642 1304 ir.
668 1239 770 1303 nostri
793 1238 1025 1321 archiepiscopi
1047 1238 1218 1321 Progensis
1241 1237 1429 1321 confirmari,
1462 1239 1642 1320 dictamque
1667 1257 1734 1303 sco·

235 1344 376 1408 lastriam
400 1344 537 1408 extitisti
560 1343 691 1425 pacifice
715 1350 881 1408 assecutus
898 1350 1026 1426 etcum,
1043 1343 1118 1424 quia
1140 1343 1174 1406 in
1196 1343 1372 1407 continenti
1384 1342 1546 1407 lohannes
1571 1343 1610 1407 de
1627 1343 1739 1408 Lubna

236 1449 369 1513 clericus
392 1448 477 1513 dicte
501 1448 593 1526 dioc,
629 1447 709 1511 falso
733 1465 881 1513 asserens
905 1448 993 1512 illam
1028 1448 1127 1512 adse
1151 1453 1306 1529 spectare,
1343 1453 1377 1511 et
1400 1447 1483 1527 quod
1506 1454 1540 1510 tu
1565 1465 1635 1511 eam
1659 1447 1738 1511 deti·

235 1555 331 1617 nehus
369 1552 511 1617 indebite
534 1558 730 1635 occupatam,
765 1557 798 1617 te
829 1552 1018 1634 superbae,
1049 1555 1188 1634 petendo
1219 1554 1354 1616 eandem
1377 1552 1575 1616 scolastriam
1599 1553 1659 1616 sibi
1684 1552 1738 1616 ad·

235 1657 377 1739 iudicari,
401 1676 505 1722 coram
529 1657 559 1721 d.
582 1656 604 1721 f.
629 1657 766 1722 lletleuo
791 1664 915 1723 rectore
938 1656 1146 1739 parrochialis
1169 1656 1306 1721 ecclesie
1324 1674 1349 1721 s,
1367 1656 1489 1721 Nicolai
1513 1657 1546 1720 in
1574 1656 1642 1722 loro
1666 1656 1736 1736 pul-

234 1759 333 1826 lorum
348 1760 379 1843 ¹),
411 1761 489 1825 dicti
512 1761 743 1844 archiepiscopi
773 1762 805 1825 in
830 1762 1050 1843 spiritualibus
1075 1761 1205 1839 vicario,
1240 1759 1318 1824 lecit
1352 1761 1391 1825 ud
1415 1760 1566 1825 iudicium
1601 1761 1736 1843 evocari,

236 1865 369 1929 durante
392 1865 573 1928 huiusmodi
596 1864 654 1928 lite
678 1872 712 1928 et
735 1865 834 1929 eciam
858 1884 917 1947 per
932 1866 1050 1930 dictum
1066 1865 1237 1929 Dctleuum
1254 1865 1414 1947 vicarium,
1432 1871 1587 1929 tatamen
1604 1867 1736 1930 absente

236 1975 267 2033 et
288 1970 464 2052 ignorante,
488 1969 695 2051 pronunciabo
718 1969 894 2033 iohannem
918 1970 957 2034 de
982 1971 1092 2035 Lubna
1114 1970 1164 2034 ius
1181 1969 1315 2033 indicta
1332 1969 1499 2033 scolastria
1521 1988 1584 2035 non
1607 1969 1736 2051 habere,

236 2079 306 2155 post
328 2073 624 2155 pronunciacionem
647 2072 827 2137 huiusmodi
849 2093 908 2155 per
931 2094 1026 2138 uuum
1049 2093 1190 2139 mensem
1212 2079 1246 2138 et
1269 2073 1353 2138 ultra
1377 2092 1439 2137 una
1462 2093 1532 2138 curn
1556 2074 1643 2138 dicta
1664 2093 1736 2156 par-

236 2174 366 2242 rochiali
389 2176 534 2259 ecclesia,
570 2177 703 2241 eredens
727 2177 785 2241 tihi
807 2177 867 2242 hoc
900 2179 1008 2260 licere,
1042 2179 1176 2242 tenuisti
1199 2183 1233 2242 et
1263 2178 1447 2260 possedisti,
1482 2184 1578 2260 prout
1600 2179 1736 2242 eandem

237 2280 432 2345 scolastriam
465 2286 557 2344 tenes
591 2285 626 2344 et
648 2277 803 2362 possides,
838 2279 960 2346 fructus
994 2282 1199 2365 percipiendo
1234 2300 1273 2346 ex
1305 2282 1352 2346 eis
1376 2288 1410 2347 et
1443 2282 1569 2346 demum
1603 2281 1737 2346 eandem

237 2383 466 2466 parrochialem
489 2384 657 2449 ecelesiam
681 2385 840 2449 dimisisti.
866 2385 971 2462 Quare
994 2386 1086 2451 nobis
1109 2386 1273 2450 humiliter
1288 2387 1486 2469 supplicasti,
1510 2393 1547 2451 ut
1569 2387 1736 2468 prouidere

238 2489 293 2554 tibi
315 2495 350 2553 et
372 2488 471 2553 statui
495 2495 550 2552 tuo
573 2506 671 2571 super
700 2489 760 2553 hoc
791 2490 830 2552 de
860 2482 1059 2572 benignitate
1093 2490 1268 2573 apostolica
1291 2491 1503 2572 dignaremur.
1550 2490 1616 2556 Nos
1639 2491 1738 2572 igitur

238 2594 379 2658 volentes
402 2600 444 2672 te,
480 2594 754 2676 Wissegradensis
783 2613 882 2676 prope
918 2595 1050 2675 Pragam
1081 2615 1152 2659 cum
1174 2595 1339 2677 prebenda
1361 2602 1393 2659 et
1418 2595 1583 2660 Sacoensis
1606 2594 1736 2659 ecclcsi-

238 2719 322 2763 arum
347 2699 539 2763 auctoritate
562 2699 742 2763 litterarum
765 2696 982 2779 nostrarum²l
1018 2699 1076 2763 suh
1100 2699 1324 2779 expectacione
1348 2700 1510 2782 prehende
1533 2699 1737 2764 canonicatus

238 2822 271 2867 ac
293 2803 448 2886 capellam
482 2821 506 2868 s
531 2800 655 2868 Nicolai
689 2805 721 2867 iu
755 2810 862 2867 moute
888 2801 1143 2883 wissegradensi
1175 2803 1259 2867 dicte
1295 2803 1385 2885 dioc,
1422 2822 1555 2884 quarum
1580 2802 1732 2867 videlicet

238 2908 438 2972 canonicatus
461 2914 495 2972 et
518 2908 680 2989 prehende
704 2906 977 2989 ll'issegradensis
1001 2913 1136 2988 quatuor·
1166 2911 1201 2970 et
1223 2906 1345 2988 capelle
1368 2906 1583 2987 predictorum
1607 2905 1736 2989 fructus,

237 3012 378 3077 redditus
401 3018 436 3076 et
457 3018 632 3094 proventus
655 3013 815 3077 sexdecim
831 3012 1020 3076 florenorum
1045 3012 1114 3075 auri
1137 3012 1310 3077 secundum
1334 3029 1529 3075 communem
1553 3011 1735 3076 extimacio-

238 3135 305 3181 nem
329 3117 468 3181 valorem
504 3137 651 3201 munuum,
688 3125 723 3181 ut
746 3119 910 3200 asseritur,
947 3136 1010 3180 non
1033 3117 1201 3199 excedunt,
1235 3117 1442 3198 obtinentem,
1465 3118 1550 3198 apud
1573 3135 1630 3182 nos
1648 3168 1656 3182 .
1677 3168 1682 3180 .

238 3221 494 3301 commendatum,
519 3222 721 3304 prerogativa
752 3223 902 3304 prosequi
925 3221 1030 3303 gracie
1066 3222 1225 3302 specialis,
1246 3273 1252 3286 .
1274 3273 1279 3284 .
1299 3273 1332 3289 ..
1368 3240 1491 3286 ornnem
1525 3221 1736 3287 inhabilitatis

238 3329 269 3388 et
289 3325 418 3389 iniamie
442 3326 596 3389 maculam
620 3326 688 3389 sive
711 3332 818 3389 notam
841 3343 899 3407 per
923 3332 955 3388 te
979 3324 1205 3407 premissorum
1229 3327 1394 3390 occasione
1429 3331 1623 3390 contractam
1646 3325 1736 3406 peni·

237 3435 285 3495 tus
308 3430 479 3493 abolemus.
504 3430 655 3496 Volumus
679 3436 794 3507 tamen,
811 3430 894 3510 quod
919 3447 1042 3492 exnunc
1059 3429 1175 3492 dictam
1199 3430 1396 3493 scolastriam
1413 3429 1545 3493 realiter
1561 3435 1595 3492 et
1610 3429 1735 3492 omnino

239 3535 379 3599 dimittas
398 3585 406 3600 .
425 3585 432 3598 .
451 3584 486 3599 ..

362 3658 399 3721 D.
423 3657 578 3722 Arinione
602 3657 696 3721 llllll
719 3659 781 3721 kal.
808 3656 992 3721 Decembris
1017 3677 1044 3720 a.
1069 3657 1213 3737 septimo.

363 3847 394 3900 R.
414 3847 464 3900 hv.
484 3852 532 3901 140
551 3846 595 3898 sol.
616 3851 684 3912 093',
703 3845 733 3899 R.
759 3848 820 3900 Vat.
846 3851 896 3898 ‘234
915 3845 960 3899 sol.
984 3850 1053 3899 280¹.
1078 3874 1111 3884 -
1130 3848 1156 3910 Δ)
1174 3843 1318 3912 ,Oesihou‘
1345 3843 1415 3910 Vat,
1443 3842 1560 3911 corrige:
1582 3842 1733 3910 ,Ocsihow‘.

237 3932 260 3999 b)
273 3933 396 4001 Corrige:
415 3932 562 3999 ‚Paduauo‘
581 3963 613 3973 —
635 3934 654 3999 ¹)
673 3932 750 3985 (loni.
768 3932 879 3999 'semele
899 3931 1012 4001 Dejepis
1031 3932 1119 3984 mesta
1137 3930 1225 3998 Prahy
1245 3930 1285 3982 lll
1304 3945 1365 3998 pag.
1384 3934 1445 3982 366.
1471 3931 1491 3995 ²)
1512 3928 1588 3983 Cous.
1614 3947 1654 3984 nr.
1674 3934 1732 3984 358.

237 4268 350 4331 10122
375 4263 504 4329 Carolus
529 4268 742 4330 Romanorum
766 4265 937 4346 imperator
959 4267 989 4327 et
1004 4262 1176 4327 Boheruioe
1198 4285 1255 4327 rex
1277 4264 1447 4345 supplicet,
1471 4267 1624 4340 puuteaus
1643 4261 1731 4341 ,Fri-

236 4368 337 4433 derico
359 4369 531 4434 Stromuiri
569 4370 605 4433 de
627 4369 838 4450 Nem-enubere
873 4367 996 4431 rectorio
1031 4388 1088 4430 suo
1111 4372 1140 4430 et
1163 4366 1318 4432 collectori
1351 4367 1530 4431 reddituum
1552 4386 1678 4430 suorum
1700 4366 1735 4428 t'u

235 4472 429 4539 districtibus
463 4473 704 4556 Korlsleiuemi,
742 4473 1001 4556 eresburgensi,
1036 4471 1244 4555 Burglineust'
1280 4476 1310 4534 cl
1333 4471 1531 4535 Kalatcensm
1570 4470 1735 4534 demedio

234 4577 412 4657 praebenda
441 4576 475 4639 r'u
497 4576 626 4642 ecelesia
650 4578 816 4660 Propensi,
852 4597 947 4658 quum
970 4575 1183 4652 Peibiszausu
1208 4575 1376 4639 eanonicus
1400 4575 1571 4657 Propensis
1593 4573 1667 4637 olim
1691 4577 1733 4636 te-

236 4683 311 4757 mu't,
335 4685 467 4745 coeunte
489 4702 529 4746 er
549 4701 592 4761 eo,
616 4682 697 4764 quod
719 4681 801 4745 idem
824 4679 1044 4766 erubescatur)
1074 4680 1301 4762 possessiouem
1326 4679 1528 4759 praebendae
1561 4678 1733 4759 Propensis

234 4807 289 4866 per
320 4786 438 4849 obitum
459 4785 588 4850 Nicolai
621 4785 697 4850 dicti
730 4785 767 4848 de
790 4785 948 4863 Eusordia
980 4786 1123 4848 uecuutis
1158 4788 1319 4848 essecutus
1347 4786 1403 4865 est,
1436 4782 1652 4864 provideatur.
1693 4819 1726 4828 —

241 4889 329 4970 ,mae
355 4890 393 4956 G.
418 4891 460 4954 m
483 4890 564 4971 quod
586 4894 729 4954 transeut
751 4891 818 4953 siue
841 4889 909 4954 aliu
927 4888 1066 4953 leccioue.
1097 4890 1174 4953 Item
1198 4887 1278 4970 quod
1300 4906 1431 4951 examen
1453 4887 1668 4950 corremiilutur
1691 4886 1734 4946 ud

395 4998 517 5077 pordes.
543 4995 617 5058 Fial
642 4995 680 5060 G.
706 4997 746 5058 D.
771 4995 927 5058 Auim'one
957 4994 996 5056 II
1024 4991 1088 5056 leel.
1113 4990 1295 5054 Decembris
1316 5013 1347 5056 a.
1370 4988 1571 5072 septnnoflb)

1133 5130 1297 5203 Aeduioae,
1320 5132 1407 5193 1359
1432 5126 1616 5192 Novembris
1638 5127 1689 5191 30.

360 5322 390 5378 R.
410 5321 506 5394 Suppl.
524 5330 559 5379 ³0
577 5321 625 5377 iol.
643 5327 711 5378 246¹.
735 5352 759 5361 -
786 5327 811 5386 r)
828 5319 1014 5388 ‚Praibislaus‘
1033 5318 1129 5392 Suppl.
1150 5318 1175 5388 b)
1194 5320 1224 5372 lu
1244 5317 1365 5386 margine
1385 5316 1477 5370 dext:
1496 5332 1554 5386 ,pro
1574 5317 1690 5369 camera‘

1577 5437 1627 5493 26·
