3944 6060
231 471 295 534 228
836 467 907 518 Acta
925 464 1076 519 Innocentii
1095 464 1139 518 Vl.

230 675 373 744 Johanm'
388 675 470 741 dicto
485 672 616 758 Zuffraa
630 673 752 738 custodi
766 673 916 739 ecclcsiae
933 675 1127 756 Epstetensis
1145 672 1364 756 parochialem
1388 674 1553 740 malasiam
1568 695 1595 739 a.
1610 675 1736 739 Mariae

231 779 364 860 oiryinis
382 778 643 862 Bamlrerpeusem
658 781 835 857 conferant,
858 797 920 842 non
935 777 1140 856 obstantibus,
1163 776 1245 860 quod
1266 777 1301 840 in
1315 778 1496 858 Eystetensi
1511 798 1582 843 cum
1596 777 1736 843 custodia

230 888 260 949 et
269 881 614 960 inSclrmallratdensi0)
632 881 866 964 Herbipolensis
881 882 960 946 dioc.
975 880 1114 946 ecclesiis
1128 881 1333 947 canonicatus
1347 884 1377 945 et
1387 880 1589 964 praebendas
1602 881 1739 947 noscitur

400 987 545 1051 obtinere.
573 987 749 1067 ,Honestos
770 993 909 1048 mormn“
938 984 1113 1066 „Aninione
1134 984 1197 1049 aa.
1224 986 1342 1050 Marcii
1364 1007 1393 1049 a.
1417 987 1553 1066 quinta*

319 1114 353 1282 ἶ
1233 1139 1395 1224 Acinione,
1419 1142 1505 1206 13:37
1527 1143 1645 1207 Martii
1669 1144 1696 1206 l.

364 1335 395 1386 R.
416 1337 464 1385 Au
488 1338 533 1386 137
554 1332 601 1384 fol.
620 1336 678 1384 330.
699 1361 729 1369 —
750 1335 775 1396 a)
793 1327 1079 1397 ‚Bildahaseusis‘Au
1102 1331 1128 1398 b)
1147 1328 1401 1397 ,Sinalkalden‘hu
1416 1336 1440 1399 c)
1458 1332 1679 1398 ‚Smallmldeusi‘
1691 1339 1739 1386 Ar.

234 1716 325 1784 568.
358 1714 521 1779 lllernhero
551 1713 699 1779 'Creceros
724 1712 909 1795 providetur
945 1711 983 1775 de
1012 1714 1200 1777 canonicatu
1222 1714 1368 1778 ecdesiae
1398 1714 1657 1779 lbatislaoiensis
1685 1715 1742 1780 ab

235 1819 450 1902 expectatione
467 1817 678 1901 praebendae,
701 1835 763 1878 non
785 1814 978 1879 obstantibus
989 1821 1023 1877 ut
1045 1815 1079 1879 in
1102 1815 1331 1899 supplicatione
1354 1816 1411 1882 sub
1433 1836 1484 1883 nr.
1507 1817 1583 1883 565.
1615 1817 1743 1894 ,Probi—

236 1924 314 1986 tatis
337 1927 367 1986 et
388 1923 557 1985 virtutum“
588 1919 761 1999 ,Aninione
783 1917 846 1984 lcal.
864 1919 984 1983 Marcii
995 1941 1025 1983 a.
1037 1920 1173 1999 quinto.“
1203 1958 1239 1966 —
1265 1923 1303 1985 In
1318 1943 1342 1985 e.
1359 1941 1401 1986 in.
1417 1942 1440 1986 s.
1456 1920 1600 2003 Apricoli
1616 1921 1745 1987 Acinio-

238 2028 343 2091 nensis
367 2029 443 2090 ets.
470 2022 579 2089 Crucis
610 2023 866 2087 l'ratistavieusis
887 2023 1015 2087 decanis
1046 2045 1083 2088 ac
1105 2024 1287 2089 scholastico
1310 2025 1447 2089 eiusdem
1469 2046 1494 2090 s.
1520 2021 1633 2091 Crucis
1654 2025 1744 2092 uete-

923 2147 1056 2191 staram.

340 2251 373 2350 h
1236 2266 1397 2341 aeruna,
1419 2267 1505 2333 reor
1530 2267 1648 2331 Martii
1673 2269 1701 2332 r.

285 2287 391 2407 l

366 2458 397 2510 R.
417 2458 467 2509 Av.
490 2463 534 2509 137
555 2455 601 2508 lul.
623 2459 679 2519 178,
700 2453 729 2506 R.
750 2455 811 2506 Vat.
830 2458 880 2506 232
900 2453 945 2507 fol.
966 2461 1031 2508 191¹.
1051 2485 1084 2493 —
1102 2455 1167 2522 lteg.
1187 2456 1216 2508 in
1233 2457 1331 2510 Zvuh
1350 2456 1507 2511 Schlesieus
1520 2456 1598 2510 XXV
1611 2474 1673 2529 pag.
1686 2463 1747 2513 297.

235 2840 325 2906 669.
349 2839 492 2906 Jobanni
511 2837 662 2901 Paduano
679 2835 794 2899 decano
810 2834 959 2899 ecclesiae
981 2836 1232 2916 Vissepradeusis
1249 2836 1432 2916 mandatur,
1448 2842 1747 2920 qnateunsfrnotus

237 2949 266 3006 et
289 2942 432 3006 redditus
446 2944 646 3023 dipnitatum,
672 2943 908 3022 personatuum,
934 2939 1256 3014 administrationum,
1280 2940 1465 3019 officiomm,
1491 2941 1747 3020 canonicatuum,

233 3046 488 3127 praebendarum
519 3051 548 3109 et
579 3044 714 3108 aliorum
744 3044 956 3121 beneficiorum
990 3044 1279 3123 ecclesiasticorum,
1311 3065 1455 3109 camerae
1485 3045 1677 3126 apostolicae
1698 3068 1747 3110 rc-

435 3154 583 3229 serootos,
607 3149 640 3210 iu
663 3168 755 3227 ropac
778 3146 949 3212 Botemtae
971 3151 1001 3209 et
1019 3148 1170 3229 partibus
1194 3148 1412 3212 adiacentibus
1434 3149 1551 3231 enipat.

1214 3286 1376 3365 Aoiuione,
1404 3287 1486 3350 1357
1509 3288 1625 3352 Martii
1648 3291 1702 3353 17.

370 3479 407 3541 Ι).
439 3477 460 3542 f.
492 3478 628 3541 Johunni
659 3478 807 3540 Paduauo
839 3476 957 3540 decano
988 3477 1123 3541 ecclesie
1155 3476 1437 3559 Vuissegradensis
1460 3477 1631 3560 Prageusis
1665 3477 1747 3543 dioc.

228 3583 416 3665 ,apostolice
440 3583 525 3646 sedis
548 3583 700 3656 nuncios)
723 3581 832 3663 Nuper
847 3581 1074 3644 necessitatum
1091 3581 1309 3661 multiplicium
1326 3599 1432 3664 onem,
1457 3582 1570 3663 quibus
1586 3579 1749 3663 camerni)

239 3694 349 3751 nostra
364 3688 576 3768 premebatur,
598 3693 692 3767 prout
715 3685 869 3767 premitur
892 3702 988 3765 supra
1012 3685 1103 3762 vires,
1136 3693 1169 3748 et
1192 3685 1261 3749 eius
1285 3686 1449 3750 raritatem
1473 3692 1685 3768 proventuum
1709 3687 1749 3751 ad

240 3808 280 3854 ea
302 3792 519 3872 supportanda
543 3809 739 3871 nequaquam
762 3787 989 3852 sufficientium
1012 3789 1159 3869 diligenti
1182 3789 1392 3854 meditatione
1417 3797 1599 3872 pensantes
1623 3791 1692 3856 vias
1715 3798 1751 3855 et

240 3894 350 3958 modos
380 3894 532 3958 honestos
562 3900 597 3958 et
626 3894 730 3957 licitos
760 3893 898 3957 libenter
927 3892 1130 3973 quesivimus,
1162 3911 1220 3974 per
1249 3912 1327 3973 quos
1358 3894 1538 3974 aliqualiter
1566 3913 1663 3977 super
1686 3895 1751 3961 hiis

244 4015 368 4061 camere
391 3998 611 4062 consuleretur
634 3998 747 4060 eidem.
779 3996 918 4077 Ideoque
941 3996 1109 4078 prehabito
1131 4014 1227 4078 super
1250 3997 1343 4077 hooc)
1367 3998 1601 4064 deliberacione
1624 4004 1750 4065 matura

244 4101 376 4180 tructus,
407 4101 552 4165 redditus
582 4106 616 4164 et
646 4106 816 4182 proventus
847 4101 939 4181 primi
967 4101 1041 4163 aurii
1064 4100 1263 4184 dignitatum,
1288 4107 1523 4186 personatuum,
1547 4103 1751 4170 administra·

244 4204 377 4287 eionum,
401 4202 583 4287 officiorum,
607 4204 844 4268 canonicatuum
862 4211 896 4267 et
911 4206 1143 4285 prebendarum
1166 4210 1200 4268 ct
1224 4205 1355 4269 aliorum
1372 4225 1631 4287 quorumcunque
1653 4209 1753 4274 bene·

244 4306 385 4374 liciorum
407 4308 694 4373 ecclesiastieorum
725 4308 913 4372 secularium
944 4313 979 4372 et
1008 4309 1209 4392 regularium,
1241 4316 1459 4391 exemptomm
1488 4316 1522 4375 et
1551 4329 1615 4377 uon
1643 4328 1750 4379 exem·

244 4416 379 4493 ptorum,
403 4412 540 4476 omnium
563 4418 597 4475 et
619 4412 821 4495 singulorum,
846 4432 915 4475 oum
939 4431 1014 4476 cura
1037 4412 1086 4477 vel
1125 4414 1193 4477 sine
1225 4433 1308 4506 curra,
1339 4433 1400 4494 que
1434 4415 1518 4496 apud
1540 4416 1651 4481 sedem
1675 4436 1750 4500 apo·

244 4515 387 4580 stolioam
418 4518 469 4580 vel
493 4517 668 4597 ubicunque
700 4516 775 4580 alibi
806 4517 846 4579 ad
869 4516 1112 4597 disposicionem
1143 4523 1282 4582 nostram
1313 4536 1352 4581 ex
1376 4518 1508 4599 speciali
1532 4520 1581 4583 vel
1606 4522 1751 4602 generali

245 4624 354 4681 nostra
383 4636 440 4681 seu
470 4621 730 4701 predecessorum
761 4626 939 4683 nostrorum
964 4621 1174 4684 Romanorum
1204 4620 1398 4702 pontificum
1415 4623 1636 4688 reservatione
1661 4642 1751 4708 spec-

245 4723 351 4787 tancia
374 4729 447 4786 tunc
470 4725 625 4788 vacabant
655 4730 689 4787 et
711 4729 862 4788 vrtcarent
884 4724 1013 4787 inantea
1036 4724 1146 4803 quovis
1170 4726 1271 4806 modo,
1303 4732 1477 4808 eteorum,
1505 4745 1566 4807 que
1589 4745 1630 4791 ex
1654 4748 1753 4795 causa

244 4825 515 4907 permutacionum
538 4843 596 4906 per
618 4844 675 4890 nos
699 4844 756 4889 seu
779 4827 968 4891 auctoritate
992 4834 1100 4892 nostra
1116 4827 1330 4893 faciendarum
1354 4831 1393 4893 de
1415 4829 1479 4894 illis
1496 4849 1609 4895 vacare
1632 4839 1666 4897 et
1688 4851 1751 4915 que

245 4946 304 5010 per
333 4948 390 4994 uos
420 4928 513 4992 alicui
544 4948 601 4995 seu
625 4930 791 5010 aliquibus,
816 4938 851 4995 ut
880 4931 1000 4996 inillis
1024 4933 1166 4996 securius
1192 4951 1356 4996 seruauere
1382 4933 1534 5013 valerent,
1571 4935 1752 5003 confirmari

246 5033 455 5115 contingeret,
490 5034 557 5098 sive
588 5034 849 5115 qualitercunque
882 5053 940 5117 per
969 5037 1095 5100 modum
1130 5036 1380 5102 coinfirmacionis
1414 5044 1469 5101 aut
1503 5038 1583 5103 alias
1613 5040 1663 5105 ius
1693 5060 1753 5124 per

246 5141 372 5201 nostras
394 5137 520 5203 litteras
543 5137 591 5203 eis
613 5138 809 5202 tribueretur
831 5140 863 5202 in
885 5139 960 5223 illis,
984 5147 1017 5204 et
1041 5159 1101 5221 que
1125 5141 1232 5222 vigore
1256 5160 1513 5223 quarumcunque
1536 5143 1689 5209 unionum
1711 5146 1751 5210 de

245 5239 311 5305 illis
341 5240 504 5321 quibusvis
533 5242 678 5306 ecclesiis
708 5243 809 5308 eciam
838 5244 1113 5327 patriarchalibus,
1144 5246 1397 5329 metropolitanis
1428 5253 1494 5332 aut¹
1513 5247 1752 5333 cathedralibus

247 5343 320 5409 aliis
335 5362 393 5410 seu
408 5346 619 5424 monasteriis,
643 5347 852 5433 dignitatibus
868 5347 962 5428 seui)
985 5349 1216 5432 personatibus,
1236 5348 1359 5430 officiis,
1382 5334 1563 5436 prebendis,
1587 5342 1751 5435 beneficiis
