3944 6060
716 428 781 478 reu
801 422 927 477 annuam
943 428 977 476 aa
996 454 1027 463 -
1047 423 1188 479 naamam
1210 389 1267 477 a(
1670 427 1735 494 475

364 630 528 713 Supplicat
551 630 592 696 Sti
615 633 669 697 Vf⁰
701 635 836 699 devotus
853 638 960 700 vester
974 633 1137 700 lohannes
1159 634 1265 716 legum
1289 635 1408 717 doctor,
1425 634 1634 700 ambassiator
1649 634 1733 716 regis

233 736 370 818 ungarie
390 786 1733 807 ................................

362 858 441 923 Item
466 859 624 940 supplicat
654 861 738 924 idern
769 859 941 942 lohannes,
971 866 1129 941 qnatenus
1160 860 1220 925 sibi
1243 861 1276 924 in
1302 878 1469 942 personam
1492 859 1604 925 dilecti
1628 858 1733 941 capel·

233 963 296 1027 lani
320 963 370 1026 sni
401 963 488 1027 Petri
511 963 666 1028 Joharmis
698 965 737 1028 de
767 965 914 1029 Bancovo
939 964 1214 1029 Wratislaniensis
1238 965 1317 1029 dioc
1343 965 1382 1028 de
1406 962 1560 1028 beneficio
1584 962 1733 1028 ecclesia·

233 1067 311 1132 stica
335 1085 406 1130 cnm
430 1086 505 1132 cura
527 1068 579 1131 vel
602 1067 670 1132 sine
694 1086 777 1149 cura,
803 1073 968 1150 spectante
1000 1069 1040 1132 ad
1062 1068 1267 1134 collacionem
1291 1074 1351 1134 etc.
1376 1068 1606 1151 archiepiscopi
1631 1067 1734 1133 Sulca·

233 1172 407 1253 burgensis,
433 1172 605 1253 dignemini
630 1173 796 1253 providere
817 1225 823 1237 .
842 1221 850 1236 .
871 1224 877 1238 .
897 1223 904 1237 .
924 1180 958 1237 et
981 1192 1051 1237 cum
1075 1174 1147 1238 aliis
1170 1193 1233 1239 non
1255 1174 1455 1253 obstantibus
1479 1180 1537 1237 etc.
1565 1178 1601 1236 nt
1624 1191 1721 1254 supra

362 1294 435 1357 Fiat
459 1293 495 1357 G.

363 1415 444 1479 Item
468 1417 627 1499 supplicat
650 1418 689 1484 Sti
718 1417 771 1482 Vre
803 1418 887 1482 idern
910 1416 1081 1497 lohannes,
1113 1424 1270 1500 qnatenus
1295 1419 1355 1483 sibi
1380 1420 1411 1482 in
1435 1435 1603 1500 personam
1625 1417 1735 1482 dilecti

233 1519 388 1602 capellani
419 1539 563 1587 necnon
586 1525 702 1589 notarii
735 1524 784 1588 sni
807 1523 931 1588 Nicolai
953 1524 1063 1590 Jacobi
1094 1525 1133 1588 de
1156 1525 1242 1588 Brun
1278 1524 1317 1588 de
1341 1522 1494 1588 beneficio
1517 1522 1735 1588 ecclesiastico

233 1643 302 1688 cum
326 1643 401 1688 cura
424 1625 475 1689 rel
499 1625 568 1692 siue
599 1647 682 1710 cura,
713 1634 880 1711 spectante
904 1631 943 1694 ad
967 1630 1172 1696 audaciorem
1202 1636 1262 1694 etc.
1287 1628 1428 1712 episcopi
1452 1628 1736 1710 lllratislaniensis,

234 1729 407 1812 dignemini
438 1732 616 1814 prouidere,
652 1735 894 1818 nonobstante,
929 1736 1012 1815 qnod
1046 1733 1276 1817 parrochialem
1299 1733 1467 1797 ecclesiam
1495 1735 1528 1797 in
1552 1733 1736 1797 Namslauia

234 1835 317 1899 dicte
342 1835 421 1901 dioc.
445 1837 577 1918 obtinet,
602 1856 695 1918 qnam
718 1843 848 1920 paratus
865 1845 915 1904 est
930 1840 1101 1922 dimittere,
1124 1845 1289 1921 postquam
1306 1839 1415 1920 rigore
1439 1836 1639 1920 presencium
1661 1854 1736 1919 pos-

234 1939 408 2005 sessionem
432 1940 577 2005 beneficii
601 1943 702 2006 curati
725 1941 823 2007 fuerit
846 1944 975 2025 pacifice
1000 1951 1173 2026 assecutus,
1197 1963 1266 2008 cum
1297 1944 1369 2007 aliis
1393 1962 1454 2008 uon
1479 1942 1679 2007 obstantibus
1703 1946 1737 2006 et

234 2028 385 2109 clausulis
409 2046 573 2126 oportunis
597 2065 633 2110 ac
656 2047 890 2113 executoribus.

364 2168 389 2231 F
391 2169 436 2232 iat
459 2167 487 2232 G
490 2215 1734 2239 ..............................

366 2290 403 2353 Ι).
428 2289 584 2355 Aninione
608 2290 639 2355 II
662 2310 734 2357 non.
759 2292 924 2358 Febmarii
948 2311 976 2357 a.
1000 2312 1090 2359 nono.

366 2478 397 2532 R.
416 2479 510 2550 Suppl.
530 2486 562 2534 32
580 2480 628 2535 fol.
648 2487 690 2536 68.

885 2627 1085 2640 -—-———-·-

239 2813 354 2879 1185.
380 2813 513 2878 Nicolao
536 2815 650 2881 Jacabi
672 2815 710 2879 de
736 2816 824 2879 Brun
846 2821 1026 2880 reserentur
1048 2814 1228 2898 beneficium
1253 2811 1497 2879 ecclesiasticum
1517 2809 1648 2877 manuel
1670 2811 1738 2876 sine

236 2937 322 2997 curu,
347 2917 436 2982 cuius
452 2922 583 2997 fractus
606 2921 649 2984 25
672 2942 754 3003 resp.
781 2921 821 2983 18
844 2941 1026 2984 marcarum
1051 2919 1176 3002 arpenti
1198 2918 1365 2985 secundum
1389 2919 1585 2982 taxationem
1600 2916 1738 2981 dociacus

236 3020 372 3085 calorem
395 3043 535 3086 annatim
558 3044 618 3088 aaa
640 3025 802 3110 excedunt,
835 3025 877 3088 ad
899 3027 1036 3110 episcopi
1065 3023 1323 3089 Vratislanieasis
1345 3023 1540 3089 collationem
1565 3022 1738 3105 pertinens,

236 3126 264 3188 si
285 3132 378 3190 uacat
407 3127 454 3190 uel
477 3149 546 3192 cam
576 3130 746 3205 vacaverit,
783 3149 844 3194 non
876 3129 1072 3194 obstantibus
1104 3133 1140 3192 ut
1167 3130 1202 3192 ia
1232 3128 1461 3212 supplicatione
1492 3126 1548 3190 sul>
1570 3148 1617 3190 ur.
1645 3125 1737 3188 1184.

240 3229 331 3306 ,Vite
352 3252 390 3295 ac
410 3237 549 3296 marum“
578 3233 753 3318 „Aulaioae
767 3235 803 3297 II
814 3256 883 3298 nun.
907 3234 1076 3299 Februarii
1098 3256 1129 3301 a.
1146 3238 1255 3300 aon0.“
1277 3269 1314 3281 -
1328 3235 1366 3297 In
1389 3255 1413 3295 e.
1436 3252 1477 3294 m.
1503 3230 1735 3312 archiepiscopo

240 3335 393 3415 Prapeusi
414 3340 444 3400 et
465 3337 606 3419 episcopo
631 3338 886 3403 ertlaamuslcmsi
915 3361 954 3403 ac
977 3339 1092 3404 decurro
1122 3339 1269 3404 ecclesiae
1297 3356 1322 3400 a.
1347 3332 1489 3416 Apricoli
1511 3333 1736 3398 Aniniauensis

284 3460 396 3543 ,ῖῗ
1171 3476 1332 3548 Aricinae,
1356 3476 1438 3539 1361
1466 3472 1638 3537 Februarii
1660 3475 1690 3535 4.

366 3663 398 3717 R.
418 3668 466 3717 AV.
488 3672 536 3717 145
556 3665 602 3719 sol.
622 3673 673 3720 26⁴.

885 3826 1089 3835 ——-

239 4013 356 4079 1186.
381 4014 580 4077 Innocentius
611 4015 655 4078 VI
674 4015 818 4080 declarat
834 4015 877 4079 ud
892 4015 1153 4097 supplicationem
1177 4010 1284 4076 Caroli
1307 4013 1523 4075 Romanorum
1538 4009 1738 4094 imperatoris

239 4121 268 4179 et
289 4115 463 4180 Belem-iae
483 4118 574 4200 repis,
595 4142 655 4200 per
677 4119 847 4184 Araestnm
870 4118 1138 4201 archiepiscopum
1160 4118 1350 4198 Prapeusem
1371 4121 1399 4179 et
1421 4113 1600 4180 Jolraaaem
1621 4116 1736 4197 episco-

233 4241 312 4302 pum
334 4221 592 4303 Arpentiaeasem
615 4245 652 4288 aa
677 4224 868 4290 Guilelmum
890 4224 1042 4289 decanum
1056 4221 1201 4287 ecclesiae
1225 4220 1476 4303 Vissepradensis
1489 4223 1736 4305 praesentatam,

233 4327 364 4403 famam
386 4326 517 4392 Hearici
541 4329 753 4393 aomanorum
785 4329 988 4410 imperatoris
1015 4349 1076 4410 per
1112 4326 1346 4392 constitutiones
1379 4346 1434 4390 seu
1463 4323 1632 4390 decretales
1663 4321 1737 4386 olim

236 4451 293 4511 per
317 4428 504 4495 Clementem
530 4454 655 4514 papum
685 4434 832 4498 Veditas
854 4455 910 4498 aec
939 4433 1059 4497 laesam
1088 4453 1143 4496 nec
1166 4433 1354 4509 alienatum,
1383 4431 1436 4494 secl
1455 4453 1515 4512 per
1537 4450 1593 4493 eus
1615 4427 1738 4491 iuribus

239 4533 388 4598 ecclesiae
417 4535 582 4615 prouisum
608 4539 725 4616 fuisse.
767 4540 931 4614 „Romana
961 4535 1110 4601 ecclesiu“
1162 4535 1368 4618 „Arriaione·)
1402 4537 1456 4598 Ill
1488 4533 1530 4597 id.
1568 4531 1738 4597 Februarii

903 4665 933 4709 a.
958 4644 1065 4706 acino.l
1697 4645 1699 4649 ’

287 4777 350 4826 -L-
1153 4779 1314 4858 avinione,
1340 4777 1422 4841 1361
1449 4775 1617 4840 Februarii
1641 4777 1690 4840 11.

368 4995 441 5063 Orig.
460 4991 607 5045 membran.
628 4991 742 5045 archivii
762 4989 877 5058 capituli
896 4988 973 5056 Prag.
993 4987 1045 5040 XII
1065 4992 1107 5050 24,
1126 4985 1159 5039 R.
1179 4988 1228 5039 Au.
1249 4989 1297 5037 116
1317 4983 1364 5037 iol.
1384 4987 1442 5035 55⁹.
1480 5012 1514 5021 -
1549 4981 1599 5034 Ed.
1618 4995 1652 5034 ex
1671 4980 1738 5048 orig.

238 5085 311 5155 apud
329 5080 508 5150 Pelzel,Karl
527 5080 564 5134 lv
583 5079 632 5132 Th.
653 5079 677 5131 ll
696 5075 873 5131 Urknndenb.
894 5091 953 5143 pag.
973 5079 1024 5126 330
1051 5090 1091 5126 nr.
1110 5079 1169 5138 298,
1194 5089 1248 5141 reg.
1275 5071 1348 5140 apud
1374 5070 1476 5137 Huber,
1502 5070 1566 5136 Reg.
1585 5067 1653 5137 lmp.
1672 5065 1738 5118 Vlll

239 5189 298 5243 pag.
318 5176 368 5226 611
389 5187 430 5223 nr.
450 5175 491 5222 69.
513 5198 542 5205 -
564 5173 589 5231 ³)
607 5167 706 5219 Datum
726 5164 805 5218 deest
823 5163 850 5215 in
870 5165 918 5217 aa.
940 5193 970 5201 -
991 5161 1067 5214 Cani.
1087 5176 1126 5213 nr.
1153 5166 1212 5213 995.

884 5374 1090 5384 ·——-——-
