3944 6060
230 426 295 501 482
828 425 898 479 Acta
918 420 1071 477 innocentii
1090 423 1137 477 Vl.

231 637 375 717 Prudote
393 636 432 700 da
457 635 597 699 Wsietat
619 635 808 715 presbytero
832 633 1003 716 Pragensis
1026 633 1106 697 dioc.
1131 631 1356 697 conferendum
1379 636 1601 713 reservaverit,
1619 633 1739 697 dictus·

232 759 292 821 que
315 740 456 805 Pmdota
479 744 622 821 tempora
647 737 877 803 reservacionis
900 737 1081 803 huiusmodi
1104 737 1334 819 parrochialem
1358 737 1526 803 ecclesiam
1548 739 1582 804 in
1599 737 1742 803 Wsietat

231 851 266 909 ct
287 845 321 909 in
344 844 497 927 Pragensi
533 844 634 908 altare
669 861 694 907 s.
726 842 908 924 Margarete
943 861 979 906 ac
1001 842 1035 906 in
1066 860 1090 905 s.
1112 842 1221 922 Egidii
1244 842 1397 924 Pragensi
1420 861 1491 907 cum
1513 842 1680 926 prebenda
1703 860 1741 906 ac

232 948 265 1013 in
288 947 549 1013 Wratislauiensi
583 946 728 1012 ecclesiis
760 947 817 1010 sub
841 946 1066 1028 expectacione
1097 945 1259 1027 prebende
1293 945 1497 1012 canonicatus
1520 946 1685 1013 obtineret
1706 949 1741 1009 ct

232 1058 404 1134 propterea
427 1052 562 1135 dubitet,
599 1050 684 1131 quod
706 1050 793 1115 dicta
815 1049 977 1132 beneficia,
1014 1069 1075 1131 que
1099 1051 1223 1116 obtinet
1252 1055 1287 1114 et
1309 1056 1469 1132 expectat,
1493 1051 1597 1134 quoad
1620 1049 1742 1115 dictam

232 1156 486 1226 reservationem
510 1154 653 1221 debitum
687 1173 851 1220 numerum
874 1174 937 1220 uon
961 1156 1127 1239 excedant,
1159 1154 1323 1219 humiliter
1345 1154 1506 1238 supplicat
1526 1155 1613 1220 idem
1637 1151 1739 1219 archi·

233 1251 412 1344 episcopus,
443 1266 601 1340 quatenus
632 1259 809 1342 predictam
842 1259 1097 1324 reservaciouem
1119 1266 1153 1325 et
1176 1259 1315 1341 graciam
1338 1277 1396 1341 per
1418 1277 1490 1324 eum
1512 1258 1630 1324 iactam
1653 1256 1741 1322 dicto

233 1365 372 1430 Prudote
406 1363 572 1447 premissis
595 1383 657 1429 non
682 1363 882 1429 obstantibus
906 1381 946 1428 ex
969 1370 1057 1428 certa
1080 1363 1217 1428 sciencia
1250 1362 1434 1428 confirmare
1457 1364 1509 1428 vel
1532 1362 1637 1428 eidem
1661 1361 1741 1426 Pru·

234 1471 308 1534 dote
332 1470 372 1534 de
396 1489 457 1535 uno
485 1471 625 1552 ipsorum
649 1469 972 1550 archidiaconatuum,
997 1467 1037 1533 ad
1060 1469 1266 1534 collacionem
1290 1468 1367 1533 dicti
1391 1467 1626 1551 archiepiscopi
1650 1483 1742 1550 spec-

233 1574 382 1657 tancium,
415 1580 547 1638 vacante
577 1574 627 1639 vel
652 1581 811 1656 vacaturo,
835 1573 1003 1656 providere
1028 1573 1067 1638 de
1090 1592 1171 1638 novo
1195 1572 1408 1657 [digneminil.

256 1774 259 1779 ‚
362 1697 498 1778 Ipseque
532 1697 672 1762 Prudota
706 1702 837 1778 paratus
871 1701 930 1773 est,
965 1700 1060 1776 prout
1093 1696 1126 1759 in
1157 1696 1264 1777 gracia
1296 1695 1357 1760 sibi
1380 1692 1465 1758 iacta
1488 1694 1527 1758 de
1551 1691 1741 1758 canonicatu

233 1803 292 1865 sub
315 1801 543 1881 expectacione
567 1802 728 1883 prebende
759 1801 792 1866 in
815 1800 952 1865 ecclesia
975 1800 1234 1865 Wratislauiensi
1257 1798 1402 1881 predicta
1432 1816 1467 1863 se
1490 1796 1614 1878 obtulit,
1636 1794 1742 1860 dimit·

235 1912 304 1971 tere
329 1905 559 1988 parrochialem
584 1907 752 1970 ecclesiam
784 1912 818 1970 ct
840 1906 944 1970 altare
972 1905 1128 1988 predicta,
1152 1924 1222 1969 cum
1254 1904 1334 1968 dicti
1364 1902 1640 1967 archidiaconatus
1670 1918 1742 1980 pos·

234 2010 409 2075 sessionem
450 2009 548 2075 fuerit
584 2009 747 2092 pacificam
786 2015 962 2093 assecutus,
1001 2016 1035 2073 et
1072 2028 1141 2072 cum
1180 2009 1331 2073 clausulis
1369 2015 1403 2072 et
1440 2027 1502 2072 non
1539 2007 1742 2072 obstantibus

234 2116 408 2198 oportunis.

365 2357 530 2440 Supplicat
552 2355 591 2422 8¹¹
614 2357 668 2420 V‘⁶
693 2358 785 2422 Anna
808 2357 1002 2422 conthoralis
1027 2356 1144 2420 domini
1175 2357 1323 2421 Beuessii
1357 2357 1396 2421 de
1420 2357 1643 2436 Wartcmberg
1665 2353 1744 2417 Pra-

235 2464 342 2545 gensis
358 2463 448 2545 dioc,
464 2469 621 2544 quatenus
634 2462 704 2544 sibi,
718 2461 779 2545 [ut]
796 2482 866 2527 cum
882 2467 1018 2543 quatuor
1030 2461 1183 2527 matronis
1199 2462 1344 2527 honestis
1358 2461 1468 2544 possit,
1481 2459 1632 2543 quamdiu
1644 2458 1745 2526 vivet,

235 2570 284 2633 bis
307 2569 340 2632 iu
363 2587 444 2633 anno
476 2568 596 2632 intrare
627 2567 854 2631 monasterium
884 2585 909 2631 s.
935 2564 1027 2630 Clare
1050 2567 1211 2647 Progensc
1243 2567 1363 2632 ordinis
1387 2566 1531 2631 eiusdem
1554 2569 1675 2646 sancte,
1697 2562 1747 2627 in'

237 2674 368 2756 dulgere
392 2673 566 2755 dignemini
590 2677 627 2735 ut
648 2672 681 2736 iu
704 2670 814 2736 forma.

366 2794 551 2876 Supplicant
581 2791 621 2857 ΒΝ
654 2791 855 2857 V‘⁰·devote
889 2798 1036 2856 creature
1067 2797 1173 2856 vestre
1197 2792 1354 2856 Arnestus
1385 2790 1644 2874 archiepiscopus
1667 2790 1747 2855 Pra-

236 2899 343 2981 gensis
377 2904 410 2962 et
433 2897 597 2962 lohannes
633 2897 801 2979 episcopus
825 2896 1080 2979 Argentinensis,
1115 2902 1272 2976 quatenus
1302 2896 1363 2961 sibi
1386 2896 1418 2960 in
1441 2914 1610 2978 personam
1633 2894 1747 2983 dilecti

237 3004 286 3068 sui
308 3003 462 3067 Johannis
496 3002 573 3066 dicti
603 3000 725 3066 Zuffras
758 3001 876 3066 domini
907 3001 1109 3083 imperatoris
1144 3001 1260 3066 notarii
1291 3006 1325 3065 et
1348 3000 1513 3065 secretarii
1550 3000 1589 3064 de
1614 2998 1748 3064 cellaria

237 3107 372 3172 ecclesie
387 3105 639 3187 BambergensiS,
653 3124 713 3186 que
730 3105 864 3187 simplex
878 3103 1017 3170 officinm
1032 3105 1152 3186 existit,
1167 3156 1174 3169 .
1189 3155 1194 3166 .
1210 3149 1216 3168 .
1232 3154 1237 3166 .
1252 3110 1385 3169 vacante
1399 3155 1406 3170 .
1420 3156 1427 3169 .
1442 3156 1448 3168 .
1464 3155 1471 3169 .
1485 3104 1662 3185 dignemini
1673 3122 1747 3187 pro·

237 3212 356 3293 videre,
380 3229 442 3274 non
466 3211 623 3291 obstante,
660 3210 743 3290 quod
778 3211 997 3273 canonicatum
1021 3214 1054 3273 et
1077 3210 1270 3291 prebendam
1305 3208 1441 3273 ecclesie
1476 3208 1682 3291 Eystetcnsis
1712 3207 1748 3273 et

238 3314 469 3397 parrochialem
495 3315 662 3379 ecclesiam
687 3332 711 3378 s.
736 3313 840 3377 blarie
864 3315 1132 3396 Bambergensern
1167 3313 1291 3379 obtinet
1324 3319 1359 3378 et
1381 3331 1478 3395 super
1501 3314 1689 3378 canonicatu
1713 3317 1748 3376 et

239 3419 402 3502 prebenda
425 3419 561 3482 ecclesia
578 3419 824 3500 bambergensis
856 3419 998 3483 noscitur
1027 3418 1166 3501 litigare,
1201 3437 1270 3483 cunr
1295 3417 1446 3482 clausulis
1470 3417 1681 3500 oportunis.·)

369 3542 442 3606 Fiat
465 3542 504 3605 de
529 3541 674 3606 omnihus
699 3540 735 3605 G.

368 3665 448 3729 Item
473 3680 606 3728 examen
630 3663 847 3745 predictorum
871 3663 911 3726 ad
934 3668 1045 3743 partes
1069 3661 1269 3726 committere
1294 3660 1478 3744 dignemini.
1503 3661 1575 3725 Fiat
1600 3661 1636 3726 G.

369 3786 443 3852 Sine
466 3786 530 3850 alia
552 3785 703 3851 leccione.
729 3783 801 3848 Fiat
824 3783 862 3848 G.

369 3909 407 3971 Ι).
433 3908 590 3972 Aninione
615 3907 645 3971 ll
669 3907 733 3971 hal.
759 3905 837 3970 Maii
857 3925 887 3983 a.
910 3924 1002 3970 nono.

368 4096 400 4149 R.
420 4096 514 4165 Suppl.
533 4101 565 4148 32
583 4094 632 4149 fol.
652 4099 763 4148 49-50.
788 4125 812 4133 -
830 4101 855 4161 ε)
874 4095 906 4147 In
923 4109 1008 4163 marg.
1027 4094 1114 4148 dext:
1141 4094 1200 4162 ,Pro
1216 4100 1341 4148 camera‘.
1362 4094 1387 4158 b)
1406 4093 1530 4164 Corrige:
1557 4094 1698 4161 ,Wteluat
1716 4126 1749 4135 -

241 4184 260 4246 ¹)
280 4181 357 4236 Coni.
377 4198 417 4235 nr.
437 4187 494 4234 756.
516 4185 536 4246 ²)
555 4182 631 4235 Conf.
652 4198 691 4234 nr.
712 4187 770 4233 752.
793 4211 818 4220 κ
841 4181 872 4233 ln
892 4196 975 4249 marg.
995 4180 1069 4234 dext.
1089 4173 1143 4236 alia
1161 4197 1243 4235 manu
1262 4180 1422 4234 adnotatum
1441 4187 1496 4235 est:
1516 4181 1656 4249 ,Atteudra
1672 4182 1750 4252 ¹(prod

243 4284 337 4323 omues
356 4267 578 4338 supplicaciones
598 4267 784 4337 suprascripte
803 4273 881 4321 erant
908 4267 936 4321 iu
956 4267 1046 4323 rotulo
1064 4268 1265 4337 archiepiscopi
1285 4268 1431 4337 Prageusis
1452 4268 1503 4323 sub
1522 4284 1578 4323 una
1596 4268 1680 4324 data‘

242 4655 360 4719 12⁰1.
399 4640 545 4734 Os'jicialr'
580 4651 735 4731 Properat
767 4651 950 4733 lavariocam,
987 4656 1142 4733 quatenus
1175 4651 1419 4716 Bartholomaco
1453 4652 1490 4716 de
1514 4651 1624 4734 Propo
1646 4653 1755 4720 altare

243 4779 267 4820 s.
293 4757 483 4823 Calhcrincc
505 4757 536 4818 iu
561 4755 692 4820 ecclesio
719 4756 872 4836 Propensa'
894 4758 1047 4833 conferat,
1070 4776 1140 4820 cam
1172 4778 1231 4819 noa
1254 4755 1452 4820 obstantibus
1473 4760 1510 4819 ut
1532 4757 1567 4820 in
1588 4757 1753 4840 supplica·

244 4864 325 4926 tione
348 4861 404 4925 sub
439 4883 488 4924 ar.
513 4862 599 4924 1200
632 4864 662 4922 ct
684 4860 740 4923 auh
763 4859 948 4942 conditione,
979 4865 1015 4923 ut
1039 4862 1142 4925 altare
1175 4882 1200 4924 s.
1234 4858 1397 4924 l'cuceslai
1430 4862 1464 4924 in
1486 4861 1595 4926 eodem
1619 4860 1755 4927 ccclesia

393 4966 544 5028 diacittal.
572 4965 732 5044 „Dignum
756 4961 970 5027 arbitramur“
1002 4963 1174 5044 „Arairrioac
1198 4965 1233 5026 II
1252 4965 1315 5028 tat.
1340 4962 1423 5028 Maii
1446 4986 1476 5030 α.
1500 4968 1609 5029 aono.“
1670 4991 1672 4995 ¹

333 5074 367 5192 ’hy'
1215 5102 1377 5186 Aaiaionc,
1400 5106 1481 5169 1361
1509 5102 1633 5187 Aprilis
1655 5107 1711 5171 30.

312 5250 317 5261 .
333 5211 362 5260 X
375 5246 382 5260 .

375 5293 407 5345 R.
426 5293 476 5346 Av.
498 5296 546 5344 145
566 5289 613 5344 fol.
636 5294 694 5343 160.
