3944 6060
238 412 340 489 xxvi

237 632 329 697 dibus
339 650 374 696 se
382 633 517 697 invicem
525 632 782 715 contingentibus
791 631 853 695 iam
862 637 1058 697 contractum
1074 638 1153 709 erat,
1163 631 1352 697 cancellaria
1364 632 1538 711 apostolica
1549 632 1735 713 plerumque

237 737 378 801 mandati
386 736 487 801 torma
495 737 652 802 utebatur.
663 737 697 800 lu
709 735 891 801 narratione
900 735 940 800 de
952 735 1107 816 qualitate
1119 735 1405 818 consanguinitatis
1417 735 1468 799 xel
1484 734 1651 799 affinitatis
1664 752 1736 816 per·

238 858 396 922 sonarum,
409 858 490 921 quae
503 839 737 906 matrimonium
749 840 815 904 tale
828 845 1061 917 contraxerant,
1074 839 1159 904 etde
1176 838 1407 922 supplicatione
1423 856 1541 916 earum,
1559 843 1595 902 ut
1609 857 1679 902 cum
1696 839 1738 902 iis

238 944 277 1006 de
302 944 501 1009 matrimonio
524 944 587 1008 iam
612 950 773 1009 contracto
799 943 1012 1025 dispensetur,
1050 942 1133 1026 quia,
1169 943 1197 1008 si
1228 943 1397 1008 divortium
1428 943 1513 1007 inter
1534 943 1622 1024 ipsos
1646 941 1741 1006 lieret

237 1066 350 1128 magua
373 1048 524 1113 scandala
546 1054 580 1113 et
603 1048 779 1113 seditiones
802 1048 853 1111 rel
876 1065 1025 1111 rancores
1055 1048 1141 1112 inter
1164 1047 1415 1130 consanguineos
1438 1047 1574 1111 suboriri
1597 1051 1737 1128 possent

237 1153 390 1217 certiores
414 1150 514 1217 fimus.
538 1153 716 1234 Dispositio
728 1151 823 1217 huius
835 1158 886 1216 est
898 1153 1034 1217 tenoris:
1059 1151 1146 1231 „Nos
1162 1151 1321 1234 igitur...
1339 1202 1344 1215 .
1368 1151 1565 1216 iratemitati
1578 1156 1652 1225 tuae
1667 1199 1671 1209 .
1689 1201 1695 1212 .
1712 1205 1715 1212 .
1732 1201 1738 1213 .

237 1256 430 1336 mandamuS,
465 1263 632 1337 quatenus,
664 1257 691 1320 si
714 1263 766 1321 est
787 1257 843 1330 ita,
879 1256 958 1339 ipsis
981 1255 1019 1345 N.
1044 1262 1078 1321 et
1099 1255 1139 1320 N.
1163 1258 1202 1322 ab
1225 1256 1360 1321 invicem
1383 1257 1424 1320 ad
1446 1261 1583 1338 tempus,
1615 1255 1654 1319 de
1678 1272 1740 1335 quo

236 1359 295 1424 tibi
318 1359 479 1425 videbitur
501 1360 663 1443 expedire,
696 1360 863 1442 separatis,
887 1360 1072 1426 eosadicta
1096 1360 1430 1426 excommunicationis
1453 1359 1624 1440 sententia,
1647 1378 1740 1439 quarn

238 1469 367 1545 propter
389 1464 565 1545 praemissa
587 1464 759 1530 incurrisse
775 1469 958 1547 uoscuutm,
982 1464 1172 1529 auctoritate
1194 1471 1305 1530 nostra
1326 1465 1416 1529 iuxta
1430 1464 1585 1528 ecclesiae
1609 1463 1739 1527 ienuam

237 1567 382 1633 absolvas
399 1617 405 1631 .
424 1616 429 1627 .
448 1619 454 1632 .
474 1619 480 1631 .
504 1574 539 1632 et
561 1569 587 1632 si
600 1568 659 1633 tibi
672 1568 818 1633 videatur
836 1568 1020 1650 expediens,
1037 1569 1120 1648 quod
1133 1568 1312 1634 huiusmodi
1328 1568 1525 1650 dispensatio
1538 1568 1740 1647 coucedatur,

236 1689 415 1753 superque
439 1664 525 1736 tuam
549 1672 776 1737 conscientiam
800 1690 979 1751 oneramus,
1003 1691 1074 1738 cum
1096 1672 1217 1737 eisdem
1241 1672 1279 1736 N.
1304 1678 1339 1737 et
1361 1672 1410 1754 N,
1445 1678 1480 1737 ut
1502 1672 1739 1754 impedimento,

236 1776 320 1854 quod
331 1793 370 1839 ex
382 1776 660 1858 consanguinitate
683 1776 863 1843 huiusmodi
886 1777 1043 1860 provenit,
1068 1795 1131 1842 non
1155 1779 1311 1855 obstante,
1347 1776 1581 1841 matrimonium
1604 1775 1739 1839 invicem

236 1878 276 1942 de
300 1897 380 1944 novo
404 1879 591 1946 contrahere
615 1886 649 1945 et
664 1881 697 1945 iu
712 1899 761 1958 eo,
785 1885 953 1963 postquam
968 1885 1164 1946 contractum
1181 1881 1287 1955 luerit,
1311 1898 1477 1944 remanere
1500 1879 1588 1945 licite
1601 1878 1738 1959 valeant,

236 1981 349 2047 eadem
372 1984 563 2050 auctoritate
587 1984 762 2066 dispenses,
798 1986 920 2068 prolem
954 1991 1134 2067 susceptam
1169 1991 1203 2049 et
1236 1985 1470 2066 suscipiendam
1494 2001 1534 2047 ex
1557 1982 1738 2047 huiusmodi

236 2087 437 2153 matrimonio
459 2089 634 2170 legitimam
658 2090 890 2154 decernendo.“

365 2207 468 2290 (Cous.
491 2210 600 2291 Tangi,
628 2211 949 2294 Kanzleiordnungen
965 2230 1035 2294 pag.
1053 2213 1126 2276 348.
1150 2211 1301 2292 Theiuer,
1325 2212 1410 2277 Mon.
1435 2211 1500 2276 Pol.
1525 2211 1540 2275 l
1563 2229 1634 2292 pag.
1649 2210 1737 2276 534.)

365 2345 544 2429 Simplicior
567 2367 690 2429 quoque
715 2368 947 2430 nonnumquam
970 2348 1071 2416 forma
1094 2350 1342 2432 dispensationis
1365 2350 1460 2414 huius
1482 2349 1574 2414 nobis
1590 2350 1737 2427 occurrit,

236 2449 268 2513 in
292 2469 354 2531 qua
376 2452 557 2517 mandatum
581 2454 621 2518 de
646 2453 848 2536 separatione
872 2454 1040 2536 coniugum
1064 2455 1166 2530 deest,
1191 2461 1226 2519 ut
1238 2455 1398 2536 sequitur:
1426 2454 1639 2534 ,mandamus
1663 2472 1736 2534 qua-

236 2560 338 2636 tenus,
361 2555 388 2620 si
411 2556 456 2620 ita
479 2563 539 2637 est,
564 2576 634 2622 cum
657 2557 779 2623 eisdem
802 2558 839 2623 N.
863 2564 897 2623 et
919 2556 957 2621 N.
983 2563 1019 2623 ut
1041 2558 1279 2641 impedimento,
1301 2560 1384 2640 quod
1408 2577 1448 2622 ex
1461 2548 1737 2639 consanguinitate

234 2657 414 2725 huiusmodi
437 2662 592 2743 provenit,
616 2664 858 2744 nonobstante,
892 2663 924 2727 iu
948 2662 1032 2727 dicto
1063 2663 1265 2729 matrimonio
1300 2663 1389 2728 licite
1412 2679 1578 2727 remanere
1601 2659 1737 2740 valeant,

235 2764 426 2828 auctoritate
450 2770 559 2828 nostra
581 2765 779 2847 dispenses“.

364 2882 467 2964 (Cous.
492 2885 576 2950 Mon.
602 2886 673 2951 Vat.
698 2887 714 2950 I
736 2906 781 2950 nr.
807 2889 874 2962 64.)

365 3022 399 3088 Si
422 3023 619 3105 dispensatio
643 3026 683 3090 de
705 3026 905 3091 matrimonio
939 3031 1102 3090 contracto
1132 3025 1262 3089 litterae
1286 3024 1445 3106 gratiosae
1469 3022 1570 3087 forma
1592 3020 1736 3086 confecta

234 3126 303 3190 fuit.
328 3128 459 3192 mutatis
482 3128 642 3193 mutandis
665 3128 721 3193 illa
737 3130 922 3212 simpliciori
937 3130 1038 3194 forma
1053 3132 1218 3194 utebatur:
1246 3129 1435 3209 ,vobiscum
1458 3126 1736 3206 utimpedimento

234 3235 294 3294 etc.
320 3237 355 3296 ut
377 3249 522 3313 supra..
542 3280 548 3294 .
568 3283 573 3294 .
599 3233 852 3314 dispensamus“.
889 3266 891 3271 ⁴

363 3351 464 3427 (Conf.
487 3352 635 3434 Theiner,
659 3352 743 3418 Mon.
768 3353 834 3422 Pol.
858 3355 873 3418 l
896 3374 966 3438 pag.
991 3356 1078 3434 584).

362 3491 396 3558 Si
418 3491 651 3557 matrimonium
683 3493 768 3558 inter
797 3495 1048 3575 consanguineos
1079 3500 1113 3560 et
1147 3493 1259 3559 affines
1282 3493 1420 3558 nondum
1444 3496 1640 3556 contractum
1662 3488 1734 3567 fuit,

232 3613 251 3657 a
273 3595 350 3659 sede
373 3596 548 3678 apostolica
571 3596 767 3679 dispensatio
792 3597 831 3661 de
854 3599 1055 3664 matrimonio
1071 3598 1251 3663 huiusmodi
1267 3596 1484 3663 contrahendo
1500 3594 1637 3677 petenda
1654 3599 1733 3657 crat.

231 3698 379 3764 Narratio
401 3699 476 3764 talis
498 3699 629 3765 litterae
653 3700 749 3765 simili
773 3702 875 3780 modo,
909 3721 970 3783 quo
1003 3702 1036 3767 in
1067 3701 1359 3784 dispensationibus
1382 3700 1423 3764 de
1447 3699 1648 3765 matrimonio
1671 3699 1733 3762 iam

231 3808 402 3877 contracto,
441 3804 573 3885 gradum
611 3805 897 3887 consanguinitatis
935 3806 986 3871 vel
1024 3804 1190 3871 affinitatis
1228 3823 1443 3888 personarum,
1481 3821 1562 3884 quae
1599 3802 1734 3866 invicem

230 3907 463 3972 matrimonium
488 3908 676 3974 contrahere
700 3908 820 3987 volunt,
855 3916 1022 3975 enumerat
1052 3912 1148 3976 etde
1172 3910 1405 3992 supplicatione
1430 3926 1537 3971 earum
1561 3906 1601 3970 ad
1625 3906 1733 3971 sedem

231 4011 438 4092 apostolicam
462 4012 610 4093 loquitur.
654 4013 779 4078 Accidit
801 4032 935 4094 quoque,
971 4021 1007 4078 ut
1029 4014 1155 4095 quidam
1180 4015 1220 4078 de
1244 4014 1388 4078 domibus
1411 4009 1639 4094 principalibus
1662 4028 1732 4090 pro-

232 4121 347 4196 gnatus
370 4116 538 4197 supplicet,
573 4122 609 4180 ut
644 4117 704 4181 sibi
735 4134 831 4198 super
862 4118 1060 4183 matrimonio
1084 4138 1154 4182 cum
1177 4135 1362 4199 quacunque
1385 4115 1518 4181 muliere
1543 4113 1604 4180 sibi
1627 4112 1733 4193 aliquo

231 4219 516 4301 consanguinitatis
552 4221 602 4285 vel
637 4218 802 4286 affinitatis
836 4221 936 4304 gradu
972 4210 1140 4287 coniuncta
1170 4224 1380 4305 dispensetur.
1427 4221 1464 4284 ln
1486 4217 1668 4283 narratione
1692 4216 1732 4280 de

231 4323 463 4404 supplicatione
487 4323 557 4388 eius
580 4324 761 4389 huiusmodi
784 4325 1002 4407 comperimus.
1050 4326 1225 4409 Dispositio
1256 4326 1529 4409 dispensationum
1560 4322 1599 4386 de
1622 4320 1732 4385 matri-

230 4426 335 4491 monio
358 4427 573 4493 contrahendo
597 4427 692 4493 huius
715 4436 767 4493 est
781 4429 919 4495 tenoris:
943 4430 1133 4512 „vobiscum
1157 4439 1192 4494 ut
1208 4429 1452 4513 impedimentis,
1477 4445 1558 4509 quae
1571 4444 1611 4490 ex
1622 4426 1731 4491 huius·

230 4530 314 4594 modi
338 4532 614 4614 consanguinitate
638 4532 703 4612 (vel
726 4531 896 4615 affinitate)
919 4536 1120 4616 proveniunt,
1156 4554 1218 4599 uon
1252 4534 1464 4614 obstantibus,
1498 4531 1731 4596 matrimonium

229 4633 364 4699 invicem
386 4635 487 4699 libere
511 4637 698 4701 contrahere
721 4642 756 4700 et
778 4636 810 4700 iu
834 4656 881 4720 eo,
905 4644 1072 4720 postquam
1096 4644 1292 4704 contractum
1315 4637 1421 4719 luerit,
1455 4636 1543 4701 licite
1566 4651 1731 4699 remanere

230 4738 372 4820 valeatis,
396 4740 587 4805 auctoritate
610 4741 787 4822 apostolica
810 4747 921 4806 tenore
944 4743 1160 4825 praesentium
1177 4744 1216 4808 de
1234 4742 1365 4825 speciali
1381 4739 1485 4824 gratia
1500 4741 1732 4822 dispensamus,

229 4841 350 4923 prolem
374 4860 413 4906 ex
436 4843 506 4926 ipso
529 4844 762 4924 suscipiendam
785 4846 985 4912 matrimonio
1008 4845 1183 4928 legitimam
1206 4845 1425 4927 nunciantes“,
1449 4843 1593 4927 (mutatis
1608 4847 1730 4907 mutan-

229 4945 279 5009 dis
302 4948 442 5012 mandati
465 4947 565 5013 forma
588 4948 835 5024 executoribus).

360 5068 462 5143 (Geni.
487 5070 562 5134 Mon
599 5070 667 5135 Vat.
693 5070 707 5134 1
731 5089 777 5135 ur.
802 5071 845 5135 50
868 5076 902 5135 et
925 5071 1009 5134 Mon.
1035 5070 1106 5136 Vat.
1130 5071 1170 5135 ll.
1194 5091 1240 5136 nr.
1269 5073 1375 5145 1271.)

359 5207 396 5271 ln
420 5207 560 5273 editione
594 5215 703 5273 nostra
738 5209 995 5291 dispensationes
1030 5208 1069 5272 de
1104 5208 1314 5273 matrimoniis
1337 5209 1456 5273 maiore
1479 5213 1570 5290 parte
1593 5207 1731 5289 regestis

229 5314 352 5374 tautum
375 5312 460 5393 typis
484 5306 607 5376 dautur.
