<?xml version="1.0" encoding="UTF-8"?>
<!DOCTYPE html PUBLIC "-//W3C//DTD XHTML 1.0 Transitional//EN"
    "http://www.w3.org/TR/xhtml1/DTD/xhtml1-transitional.dtd">
<html xmlns="http://www.w3.org/1999/xhtml" xml:lang="en" lang="en">
 <head>
  <title>
</title>
<meta http-equiv="Content-Type" content="text/html;charset=utf-8" />
  <meta name='ocr-system' content='tesseract 3.04.00' />
  <meta name='ocr-capabilities' content='ocr_page ocr_carea ocr_par ocr_line ocrx_word'/>
</head>
<body>
  <div class='ocr_page' id='page_1' title='image "./monumentavatica00vatigoog_0208.png"; bbox 0 0 3944 6060; ppageno 0'>
   <div class='ocr_carea' id='block_1_1' title="bbox 775 380 1746 460">
    <p class='ocr_par' dir='ltr' id='par_1_1' title="bbox 775 380 1746 460">
     <span class='ocr_line' id='line_1_1' title="bbox 775 380 1746 460; baseline 0.012 -19"><span class='ocrx_word' id='word_1_1' title='bbox 775 386 841 443; x_wconf 77' lang='lat'><strong>1356</strong></span> <span class='ocrx_word' id='word_1_2' title='bbox 860 386 929 442; x_wconf 89' lang='lat' dir='ltr'>Julii</span> <span class='ocrx_word' id='word_1_3' title='bbox 948 394 981 442; x_wconf 77' lang='lat'>29</span> <span class='ocrx_word' id='word_1_4' title='bbox 1000 419 1033 428; x_wconf 92' lang='lat'><em>-</em></span> <span class='ocrx_word' id='word_1_5' title='bbox 1052 380 1169 458; x_wconf 80' lang='lat' dir='ltr'><strong>Augusti</strong></span> <span class='ocrx_word' id='word_1_6' title='bbox 1188 393 1230 443; x_wconf 88' lang='lat' dir='ltr'>at.</span> <span class='ocrx_word' id='word_1_7' title='bbox 1686 387 1746 460; x_wconf 74' lang='grc'>151</span> 
     </span>
    </p>
   </div>
   <div class='ocr_carea' id='block_1_2' title="bbox 243 594 1748 1620">
    <p class='ocr_par' dir='ltr' id='par_1_2' title="bbox 243 594 1748 1394">
     <span class='ocr_line' id='line_1_2' title="bbox 374 594 1747 681; baseline 0.001 -19"><span class='ocrx_word' id='word_1_8' title='bbox 374 596 537 681; x_wconf 83' lang='lat' dir='ltr'>Supplicat</span> <span class='ocrx_word' id='word_1_9' title='bbox 568 594 609 661; x_wconf 75' lang='lat' dir='ltr'>gn</span> <span class='ocrx_word' id='word_1_10' title='bbox 638 597 692 661; x_wconf 78' lang='lat' dir='ltr'>Vre</span> <span class='ocrx_word' id='word_1_11' title='bbox 722 597 923 678; x_wconf 83' lang='lat' dir='ltr'>Raynrundus</span> <span class='ocrx_word' id='word_1_12' title='bbox 953 599 1140 680; x_wconf 71' lang='lat' dir='ltr'>Deseaus,³)</span> <span class='ocrx_word' id='word_1_13' title='bbox 1175 599 1317 664; x_wconf 81' lang='lat' dir='ltr'>existens</span> <span class='ocrx_word' id='word_1_14' title='bbox 1341 598 1372 661; x_wconf 92' lang='lat' dir='ltr'>in</span> <span class='ocrx_word' id='word_1_15' title='bbox 1396 598 1529 664; x_wconf 91' lang='lat' dir='ltr'>servicio</span> <span class='ocrx_word' id='word_1_16' title='bbox 1553 600 1747 665; x_wconf 90' lang='lat' dir='ltr'>soldatorum</span> 
     </span>
     <span class='ocr_line' id='line_1_3' title="bbox 244 701 1746 782; baseline 0.002 -15"><span class='ocrx_word' id='word_1_17' title='bbox 244 702 299 767; x_wconf 77' lang='lat' dir='ltr'>Vre</span> <span class='ocrx_word' id='word_1_18' title='bbox 324 701 390 780; x_wconf 66' lang='lat'>8¹1⁸,</span> <span class='ocrx_word' id='word_1_19' title='bbox 424 702 572 782; x_wconf 81' lang='lat' dir='ltr'>quatinus</span> <span class='ocrx_word' id='word_1_20' title='bbox 596 701 754 766; x_wconf 91' lang='lat' dir='ltr'>eidemin</span> <span class='ocrx_word' id='word_1_21' title='bbox 777 719 944 781; x_wconf 82' lang='lat' dir='ltr'><strong>personam</strong></span> <span class='ocrx_word' id='word_1_22' title='bbox 978 702 1087 768; x_wconf 90' lang='lat' dir='ltr'>dilecti</span> <span class='ocrx_word' id='word_1_23' title='bbox 1111 703 1275 768; x_wconf 78' lang='lat' dir='ltr'><strong>servitoris</strong></span> <span class='ocrx_word' id='word_1_24' title='bbox 1299 703 1348 768; x_wconf 88' lang='lat' dir='ltr'>sui</span> <span class='ocrx_word' id='word_1_25' title='bbox 1371 704 1498 769; x_wconf 86' lang='lat' dir='ltr'>Ricardi</span> <span class='ocrx_word' id='word_1_26' title='bbox 1522 702 1660 770; x_wconf 85' lang='lat' dir='ltr'>Suttoris</span> <span class='ocrx_word' id='word_1_27' title='bbox 1683 705 1746 770; x_wconf 89' lang='lat' dir='ltr'>cle·</span> 
     </span>
     <span class='ocr_line' id='line_1_4' title="bbox 243 804 1748 890; baseline 0.001 -19"><span class='ocrx_word' id='word_1_28' title='bbox 243 807 301 871; x_wconf 93' lang='lat' dir='ltr'>rici</span> <span class='ocrx_word' id='word_1_29' title='bbox 325 805 596 871; x_wconf 87' lang='lat' dir='ltr'>Wratislabieusis</span> <span class='ocrx_word' id='word_1_30' title='bbox 627 805 707 870; x_wconf 91' lang='lat' dir='ltr'>dioc.</span> <span class='ocrx_word' id='word_1_31' title='bbox 739 805 876 886; x_wconf 83' lang='lat' dir='ltr'>graciam</span> <span class='ocrx_word' id='word_1_32' title='bbox 898 804 1062 890; x_wconf 82' lang='lat' dir='ltr'>facientes,</span> <span class='ocrx_word' id='word_1_33' title='bbox 1092 806 1132 870; x_wconf 93' lang='lat' dir='ltr'>de</span> <span class='ocrx_word' id='word_1_34' title='bbox 1155 807 1307 872; x_wconf 87' lang='lat' dir='ltr'>beneficio</span> <span class='ocrx_word' id='word_1_35' title='bbox 1331 807 1548 873; x_wconf 84' lang='lat' dir='ltr'>ecclesiastico</span> <span class='ocrx_word' id='word_1_36' title='bbox 1579 826 1649 882; x_wconf 80' lang='lat' dir='ltr'>cum</span> <span class='ocrx_word' id='word_1_37' title='bbox 1673 827 1748 873; x_wconf 91' lang='lat' dir='ltr'>cura</span> 
     </span>
     <span class='ocr_line' id='line_1_5' title="bbox 243 906 1747 1000; baseline 0.002 -25"><span class='ocrx_word' id='word_1_38' title='bbox 243 911 294 975; x_wconf 88' lang='lat' dir='ltr'>vel</span> <span class='ocrx_word' id='word_1_39' title='bbox 317 910 387 975; x_wconf 89' lang='lat' dir='ltr'>sine</span> <span class='ocrx_word' id='word_1_40' title='bbox 411 928 494 994; x_wconf 85' lang='lat' dir='ltr'>ema,</span> <span class='ocrx_word' id='word_1_41' title='bbox 519 906 711 993; x_wconf 72' lang='lat' dir='ltr'>spectanteb)</span> <span class='ocrx_word' id='word_1_42' title='bbox 744 910 950 975; x_wconf 90' lang='lat' dir='ltr'>communiter</span> <span class='ocrx_word' id='word_1_43' title='bbox 979 911 1030 977; x_wconf 85' lang='lat' dir='ltr'>vel</span> <span class='ocrx_word' id='word_1_44' title='bbox 1060 910 1184 975; x_wconf 86' lang='lat' dir='ltr'>divisim</span> <span class='ocrx_word' id='word_1_45' title='bbox 1217 912 1257 976; x_wconf 88' lang='lat' dir='ltr'>ad</span> <span class='ocrx_word' id='word_1_46' title='bbox 1287 911 1501 989; x_wconf 82' lang='lat' dir='ltr'>collationem,</span> <span class='ocrx_word' id='word_1_47' title='bbox 1535 913 1747 1000; x_wconf 77' lang='lat' dir='ltr'>provisionem</span> 
     </span>
     <span class='ocr_line' id='line_1_6' title="bbox 244 1013 1746 1100; baseline 0.001 -20"><span class='ocrx_word' id='word_1_48' title='bbox 244 1035 301 1080; x_wconf 91' lang='lat' dir='ltr'>seu</span> <span class='ocrx_word' id='word_1_49' title='bbox 324 1014 467 1096; x_wconf 88' lang='lat' dir='ltr'>quamvis</span> <span class='ocrx_word' id='word_1_50' title='bbox 490 1015 584 1079; x_wconf 88' lang='lat' dir='ltr'>aliam</span> <span class='ocrx_word' id='word_1_51' title='bbox 608 1013 850 1096; x_wconf 82' lang='lat' dir='ltr'>disposicionem</span> <span class='ocrx_word' id='word_1_52' title='bbox 875 1014 1016 1098; x_wconf 80' lang='lat' dir='ltr'>episcopi</span> <span class='ocrx_word' id='word_1_53' title='bbox 1041 1015 1321 1100; x_wconf 78' lang='lat' dir='ltr'>WratislabiensiS,</span> <span class='ocrx_word' id='word_1_54' title='bbox 1347 1016 1374 1080; x_wconf 90' lang='lat' dir='ltr'>si</span> <span class='ocrx_word' id='word_1_55' title='bbox 1397 1015 1481 1096; x_wconf 92' lang='lat' dir='ltr'>quod</span> <span class='ocrx_word' id='word_1_56' title='bbox 1496 1016 1529 1080; x_wconf 93' lang='lat' dir='ltr'>iu</span> <span class='ocrx_word' id='word_1_57' title='bbox 1545 1017 1675 1082; x_wconf 89' lang='lat' dir='ltr'>civitate</span> <span class='ocrx_word' id='word_1_58' title='bbox 1695 1019 1746 1082; x_wconf 87' lang='lat' dir='ltr'>vel</span> 
     </span>
     <span class='ocr_line' id='line_1_7' title="bbox 243 1119 1745 1204; baseline 0.001 -20"><span class='ocrx_word' id='word_1_59' title='bbox 243 1121 322 1186; x_wconf 91' lang='lat' dir='ltr'>dioc.</span> <span class='ocrx_word' id='word_1_60' title='bbox 347 1125 439 1184; x_wconf 89' lang='lat' dir='ltr'>vacat</span> <span class='ocrx_word' id='word_1_61' title='bbox 462 1120 502 1184; x_wconf 88' lang='lat' dir='ltr'>ad</span> <span class='ocrx_word' id='word_1_62' title='bbox 524 1137 655 1201; x_wconf 89' lang='lat' dir='ltr'>presens</span> <span class='ocrx_word' id='word_1_63' title='bbox 679 1119 728 1183; x_wconf 89' lang='lat' dir='ltr'>vel</span> <span class='ocrx_word' id='word_1_64' title='bbox 756 1119 984 1201; x_wconf 81' lang='lat' dir='ltr'>quamprimum</span> <span class='ocrx_word' id='word_1_65' title='bbox 1002 1137 1115 1184; x_wconf 89' lang='lat' dir='ltr'>vacare</span> <span class='ocrx_word' id='word_1_66' title='bbox 1144 1120 1323 1203; x_wconf 86' lang='lat' dir='ltr'>contigerit,</span> <span class='ocrx_word' id='word_1_67' title='bbox 1347 1121 1452 1186; x_wconf 90' lang='lat' dir='ltr'>eidem</span> <span class='ocrx_word' id='word_1_68' title='bbox 1478 1120 1613 1196; x_wconf 84' lang='lat' dir='ltr'>Ricardo</span> <span class='ocrx_word' id='word_1_69' title='bbox 1637 1122 1745 1204; x_wconf 89' lang='lat' dir='ltr'>digne·</span> 
     </span>
     <span class='ocr_line' id='line_1_8' title="bbox 243 1224 1746 1307; baseline 0.003 -19"><span class='ocrx_word' id='word_1_70' title='bbox 243 1225 319 1289; x_wconf 91' lang='lat' dir='ltr'>mini</span> <span class='ocrx_word' id='word_1_71' title='bbox 341 1224 592 1289; x_wconf 82' lang='lat' dir='ltr'>misericorditer</span> <span class='ocrx_word' id='word_1_72' title='bbox 614 1224 781 1305; x_wconf 89' lang='lat' dir='ltr'>providere</span> <span class='ocrx_word' id='word_1_73' title='bbox 805 1242 875 1288; x_wconf 89' lang='lat' dir='ltr'>eum</span> <span class='ocrx_word' id='word_1_74' title='bbox 898 1224 1118 1307; x_wconf 88' lang='lat' dir='ltr'>acceptacione</span> <span class='ocrx_word' id='word_1_75' title='bbox 1142 1231 1202 1290; x_wconf 89' lang='lat' dir='ltr'>etc.</span> <span class='ocrx_word' id='word_1_76' title='bbox 1227 1231 1261 1290; x_wconf 92' lang='lat' dir='ltr'>et</span> <span class='ocrx_word' id='word_1_77' title='bbox 1284 1225 1435 1290; x_wconf 83' lang='lat' dir='ltr'>anteferri</span> <span class='ocrx_word' id='word_1_78' title='bbox 1456 1232 1490 1291; x_wconf 91' lang='lat' dir='ltr'>et</span> <span class='ocrx_word' id='word_1_79' title='bbox 1506 1226 1650 1292; x_wconf 92' lang='lat' dir='ltr'>omnibus</span> <span class='ocrx_word' id='word_1_80' title='bbox 1673 1226 1746 1292; x_wconf 86' lang='lat' dir='ltr'>aliis</span> 
     </span>
     <span class='ocr_line' id='line_1_9' title="bbox 243 1327 641 1394; baseline -0.008 0"><span class='ocrx_word' id='word_1_81' title='bbox 243 1329 395 1394; x_wconf 80' lang='lat' dir='ltr'>clausulis</span> <span class='ocrx_word' id='word_1_82' title='bbox 419 1334 455 1393; x_wconf 92' lang='lat' dir='ltr'>ut</span> <span class='ocrx_word' id='word_1_83' title='bbox 476 1328 510 1392; x_wconf 92' lang='lat' dir='ltr'>in</span> <span class='ocrx_word' id='word_1_84' title='bbox 532 1327 641 1392; x_wconf 85' lang='lat' dir='ltr'>forma.</span> 
     </span>
    </p>

    <p class='ocr_par' dir='ltr' id='par_1_3' title="bbox 244 1431 1745 1620">
     <span class='ocr_line' id='line_1_10' title="bbox 372 1431 1745 1516; baseline 0.003 -20"><span class='ocrx_word' id='word_1_85' title='bbox 372 1432 446 1498; x_wconf 87' lang='lat' dir='ltr'>Fiat</span> <span class='ocrx_word' id='word_1_86' title='bbox 469 1431 504 1497; x_wconf 88' lang='lat' dir='ltr'>G.</span> <span class='ocrx_word' id='word_1_87' title='bbox 528 1433 571 1497; x_wconf 85' lang='lat' dir='ltr'>Et</span> <span class='ocrx_word' id='word_1_88' title='bbox 594 1432 661 1497; x_wconf 89' lang='lat' dir='ltr'>siue</span> <span class='ocrx_word' id='word_1_89' title='bbox 685 1432 749 1496; x_wconf 91' lang='lat' dir='ltr'>alia</span> <span class='ocrx_word' id='word_1_90' title='bbox 770 1431 920 1498; x_wconf 89' lang='lat' dir='ltr'>leccione.</span> <span class='ocrx_word' id='word_1_91' title='bbox 945 1431 1016 1497; x_wconf 84' lang='lat' dir='ltr'>Fiat</span> <span class='ocrx_word' id='word_1_92' title='bbox 1032 1432 1069 1497; x_wconf 86' lang='lat' dir='ltr'>G.</span> <span class='ocrx_word' id='word_1_93' title='bbox 1094 1434 1132 1497; x_wconf 90' lang='lat' dir='ltr'>D.</span> <span class='ocrx_word' id='word_1_94' title='bbox 1157 1433 1240 1516; x_wconf 88' lang='lat' dir='ltr'>apud</span> <span class='ocrx_word' id='word_1_95' title='bbox 1264 1434 1496 1500; x_wconf 90' lang='lat' dir='ltr'>Villamnouam</span> <span class='ocrx_word' id='word_1_96' title='bbox 1520 1435 1745 1501; x_wconf 80' lang='lat' dir='ltr'>Aninionensis</span> 
     </span>
     <span class='ocr_line' id='line_1_11' title="bbox 244 1536 1664 1620; baseline -0.005 -18"><span class='ocrx_word' id='word_1_97' title='bbox 244 1537 323 1604; x_wconf 91' lang='lat' dir='ltr'>dioc.</span> <span class='ocrx_word' id='word_1_98' title='bbox 347 1557 419 1604; x_wconf 91' lang='lat' dir='ltr'>non.</span> <span class='ocrx_word' id='word_1_99' title='bbox 443 1537 580 1620; x_wconf 81' lang='lat' dir='ltr'>Augusti</span> <span class='ocrx_word' id='word_1_100' title='bbox 603 1557 630 1603; x_wconf 89' lang='lat' dir='ltr'>a.</span> <span class='ocrx_word' id='word_1_101' title='bbox 654 1536 764 1601; x_wconf 88' lang='lat' dir='ltr'>tercio.</span> <span class='ocrx_word' id='word_1_102' title='bbox 1655 1545 1664 1563; x_wconf 66' lang='grc'><em>“</em></span> 
     </span>
    </p>
   </div>
   <div class='ocr_carea' id='block_1_3' title="bbox 372 1708 1520 1794">
    <p class='ocr_par' dir='ltr' id='par_1_4' title="bbox 372 1708 1520 1794">
     <span class='ocr_line' id='line_1_12' title="bbox 372 1708 1520 1794; baseline 0.002 -30"><span class='ocrx_word' id='word_1_103' title='bbox 372 1710 404 1764; x_wconf 77' lang='lat' dir='ltr'>tt</span> <span class='ocrx_word' id='word_1_104' title='bbox 423 1710 518 1780; x_wconf 87' lang='lat' dir='ltr'>Suppl.</span> <span class='ocrx_word' id='word_1_105' title='bbox 534 1715 567 1763; x_wconf 73' lang='lat'>26</span> <span class='ocrx_word' id='word_1_106' title='bbox 586 1709 632 1765; x_wconf 83' lang='lat' dir='ltr'>sol.</span> <span class='ocrx_word' id='word_1_107' title='bbox 653 1713 719 1764; x_wconf 80' lang='lat'><strong>180⁶.</strong></span> <span class='ocrx_word' id='word_1_108' title='bbox 739 1740 770 1749; x_wconf 96' lang='lat'>—</span> <span class='ocrx_word' id='word_1_109' title='bbox 793 1712 817 1776; x_wconf 75' lang='lat' dir='ltr'>a)</span> <span class='ocrx_word' id='word_1_110' title='bbox 837 1708 961 1778; x_wconf 87' lang='lat' dir='ltr'>Corrige:</span> <span class='ocrx_word' id='word_1_111' title='bbox 979 1709 1022 1778; x_wconf 89' lang='lat' dir='ltr'>,de</span> <span class='ocrx_word' id='word_1_112' title='bbox 1042 1709 1178 1766; x_wconf 86' lang='lat' dir='ltr'>Causina‘.</span> <span class='ocrx_word' id='word_1_113' title='bbox 1199 1710 1520 1794; x_wconf 71' lang='lat' dir='ltr'>b),e1rpectaut‘Suppl.</span> 
     </span>
    </p>
   </div>
   <div class='ocr_carea' id='block_1_4' title="bbox 890 1923 1096 1932">
    <p class='ocr_par' dir='ltr' id='par_1_5' title="bbox 890 1923 1096 1932">
     <span class='ocr_line' id='line_1_13' title="bbox 890 1923 1096 1932; baseline -0.005 -1"><span class='ocrx_word' id='word_1_114' title='bbox 890 1923 1096 1932; x_wconf 75' lang='lat' dir='ltr'>——n————</span> 
     </span>
    </p>
   </div>
   <div class='ocr_carea' id='block_1_5' title="bbox 238 2093 1745 2807">
    <p class='ocr_par' dir='ltr' id='par_1_6' title="bbox 238 2093 1745 2807">
     <span class='ocr_line' id='line_1_14' title="bbox 239 2093 1745 2180; baseline 0 -16"><span class='ocrx_word' id='word_1_115' title='bbox 239 2099 331 2164; x_wconf 70' lang='lat'><strong><em>372.</em></strong></span> <span class='ocrx_word' id='word_1_116' title='bbox 357 2094 517 2161; x_wconf 76' lang='lat' dir='ltr'>Richardo</span> <span class='ocrx_word' id='word_1_117' title='bbox 528 2102 555 2172; x_wconf 73' lang='lat'>³)</span> <span class='ocrx_word' id='word_1_118' title='bbox 572 2095 704 2173; x_wconf 80' lang='lat' dir='ltr'>Satoris,</span> <span class='ocrx_word' id='word_1_119' title='bbox 721 2093 831 2159; x_wconf 85' lang='lat' dir='ltr'>clerico</span> <span class='ocrx_word' id='word_1_120' title='bbox 855 2095 1111 2161; x_wconf 83' lang='lat' dir='ltr'>Vratislavieasis</span> <span class='ocrx_word' id='word_1_121' title='bbox 1128 2094 1204 2162; x_wconf 82' lang='lat' dir='ltr'>dioc.</span> <span class='ocrx_word' id='word_1_122' title='bbox 1217 2101 1398 2163; x_wconf 79' lang='lat' dir='ltr'>reservatur</span> <span class='ocrx_word' id='word_1_123' title='bbox 1411 2097 1591 2180; x_wconf 80' lang='lat' dir='ltr'>beneficium</span> <span class='ocrx_word' id='word_1_124' title='bbox 1601 2099 1745 2164; x_wconf 85' lang='lat' dir='ltr'>ecclesia·</span> 
     </span>
     <span class='ocr_line' id='line_1_15' title="bbox 240 2199 1744 2284; baseline 0.002 -19"><span class='ocrx_word' id='word_1_125' title='bbox 240 2202 353 2266; x_wconf 74' lang='lat' dir='ltr'>stiuam</span> <span class='ocrx_word' id='word_1_126' title='bbox 374 2221 444 2266; x_wconf 87' lang='lat' dir='ltr'>cum</span> <span class='ocrx_word' id='word_1_127' title='bbox 465 2200 513 2265; x_wconf 86' lang='lat' dir='ltr'>vei</span> <span class='ocrx_word' id='word_1_128' title='bbox 535 2200 603 2264; x_wconf 86' lang='lat' dir='ltr'>sine</span> <span class='ocrx_word' id='word_1_129' title='bbox 625 2221 711 2283; x_wconf 86' lang='lat' dir='ltr'>cura,</span> <span class='ocrx_word' id='word_1_130' title='bbox 734 2199 822 2264; x_wconf 86' lang='lat' dir='ltr'>cuius</span> <span class='ocrx_word' id='word_1_131' title='bbox 837 2203 969 2278; x_wconf 85' lang='lat' dir='ltr'>fructus</span> <span class='ocrx_word' id='word_1_132' title='bbox 991 2201 1033 2265; x_wconf 75' lang='lat'>25</span> <span class='ocrx_word' id='word_1_133' title='bbox 1056 2221 1138 2283; x_wconf 82' lang='lat' dir='ltr'>resp.</span> <span class='ocrx_word' id='word_1_134' title='bbox 1162 2202 1205 2264; x_wconf 87' lang='lat'>18</span> <span class='ocrx_word' id='word_1_135' title='bbox 1226 2221 1409 2267; x_wconf 88' lang='lat' dir='ltr'>marcarum</span> <span class='ocrx_word' id='word_1_136' title='bbox 1430 2203 1555 2284; x_wconf 78' lang='lat' dir='ltr'>arpenti</span> <span class='ocrx_word' id='word_1_137' title='bbox 1576 2204 1744 2271; x_wconf 72' lang='lat' dir='ltr'>secundior</span> 
     </span>
     <span class='ocr_line' id='line_1_16' title="bbox 239 2303 1743 2392; baseline 0.003 -24"><span class='ocrx_word' id='word_1_138' title='bbox 239 2306 433 2371; x_wconf 76' lang='lat' dir='ltr'>taxationem</span> <span class='ocrx_word' id='word_1_139' title='bbox 457 2305 597 2370; x_wconf 84' lang='lat' dir='ltr'>decimae</span> <span class='ocrx_word' id='word_1_140' title='bbox 618 2303 755 2370; x_wconf 85' lang='lat' dir='ltr'>valorem</span> <span class='ocrx_word' id='word_1_141' title='bbox 778 2325 919 2370; x_wconf 82' lang='lat' dir='ltr'>annuum</span> <span class='ocrx_word' id='word_1_142' title='bbox 937 2325 998 2370; x_wconf 85' lang='lat' dir='ltr'>aaa</span> <span class='ocrx_word' id='word_1_143' title='bbox 1013 2305 1174 2386; x_wconf 77' lang='lat' dir='ltr'>excedant,</span> <span class='ocrx_word' id='word_1_144' title='bbox 1198 2305 1242 2370; x_wconf 83' lang='lat' dir='ltr'>ad</span> <span class='ocrx_word' id='word_1_145' title='bbox 1256 2305 1453 2372; x_wconf 83' lang='lat' dir='ltr'>collationem</span> <span class='ocrx_word' id='word_1_146' title='bbox 1475 2307 1614 2392; x_wconf 80' lang='lat' dir='ltr'>episcopi</span> <span class='ocrx_word' id='word_1_147' title='bbox 1637 2309 1743 2374; x_wconf 88' lang='lat' dir='ltr'>Vrati·</span> 
     </span>
     <span class='ocr_line' id='line_1_17' title="bbox 239 2408 1743 2496; baseline 0.003 -22"><span class='ocrx_word' id='word_1_148' title='bbox 239 2409 406 2475; x_wconf 84' lang='lat' dir='ltr'>slaaiensis</span> <span class='ocrx_word' id='word_1_149' title='bbox 423 2411 598 2491; x_wconf 79' lang='lat' dir='ltr'>pertinens,</span> <span class='ocrx_word' id='word_1_150' title='bbox 622 2409 651 2473; x_wconf 87' lang='lat' dir='ltr'>si</span> <span class='ocrx_word' id='word_1_151' title='bbox 672 2413 766 2473; x_wconf 80' lang='lat' dir='ltr'>vacat</span> <span class='ocrx_word' id='word_1_152' title='bbox 787 2408 835 2473; x_wconf 87' lang='lat' dir='ltr'>vei</span> <span class='ocrx_word' id='word_1_153' title='bbox 858 2430 928 2474; x_wconf 84' lang='lat' dir='ltr'>auur</span> <span class='ocrx_word' id='word_1_154' title='bbox 944 2411 1111 2476; x_wconf 80' lang='lat' dir='ltr'>vacaverit.</span> <span class='ocrx_word' id='word_1_155' title='bbox 1139 2410 1230 2486; x_wconf 80' lang='lat' dir='ltr'>,Vite</span> <span class='ocrx_word' id='word_1_156' title='bbox 1252 2431 1290 2475; x_wconf 88' lang='lat' dir='ltr'>ac</span> <span class='ocrx_word' id='word_1_157' title='bbox 1311 2414 1450 2477; x_wconf 71' lang='lat' dir='ltr'>morum‘</span> <span class='ocrx_word' id='word_1_158' title='bbox 1477 2413 1591 2496; x_wconf 80' lang='lat' dir='ltr'>,Apud</span> <span class='ocrx_word' id='word_1_159' title='bbox 1616 2412 1743 2478; x_wconf 75' lang='lat' dir='ltr'>Villam¹</span> 
     </span>
     <span class='ocr_line' id='line_1_18' title="bbox 239 2512 1743 2600; baseline 0.003 -21"><span class='ocrx_word' id='word_1_160' title='bbox 239 2535 355 2580; x_wconf 78' lang='lat' dir='ltr'>nouam</span> <span class='ocrx_word' id='word_1_161' title='bbox 370 2514 593 2580; x_wconf 83' lang='lat' dir='ltr'>Auiuioueasis</span> <span class='ocrx_word' id='word_1_162' title='bbox 616 2512 694 2579; x_wconf 79' lang='lat' dir='ltr'>dioc.</span> <span class='ocrx_word' id='word_1_163' title='bbox 719 2533 788 2580; x_wconf 83' lang='lat' dir='ltr'>uon.</span> <span class='ocrx_word' id='word_1_164' title='bbox 812 2513 949 2595; x_wconf 77' lang='lat' dir='ltr'>Aupristi</span> <span class='ocrx_word' id='word_1_165' title='bbox 972 2536 998 2582; x_wconf 87' lang='lat' dir='ltr'>a.</span> <span class='ocrx_word' id='word_1_166' title='bbox 1024 2516 1150 2579; x_wconf 80' lang='lat' dir='ltr'>terci0“.</span> <span class='ocrx_word' id='word_1_167' title='bbox 1174 2551 1216 2562; x_wconf 89' lang='lat'>—</span> <span class='ocrx_word' id='word_1_168' title='bbox 1239 2516 1278 2579; x_wconf 87' lang='lat' dir='ltr'>Iu</span> <span class='ocrx_word' id='word_1_169' title='bbox 1299 2538 1324 2582; x_wconf 90' lang='lat' dir='ltr'>e.</span> <span class='ocrx_word' id='word_1_170' title='bbox 1348 2538 1388 2582; x_wconf 91' lang='lat' dir='ltr'>m.</span> <span class='ocrx_word' id='word_1_171' title='bbox 1413 2516 1566 2600; x_wconf 80' lang='lat' dir='ltr'>mapistro</span> <span class='ocrx_word' id='word_1_172' title='bbox 1589 2519 1683 2583; x_wconf 79' lang='lat' dir='ltr'>Petro</span> <span class='ocrx_word' id='word_1_173' title='bbox 1705 2518 1743 2583; x_wconf 80' lang='lat' dir='ltr'>de</span> 
     </span>
     <span class='ocr_line' id='line_1_19' title="bbox 238 2616 1744 2709; baseline 0.002 -23"><span class='ocrx_word' id='word_1_174' title='bbox 238 2620 271 2686; x_wconf 81' lang='lat' dir='ltr'>S.</span> <span class='ocrx_word' id='word_1_175' title='bbox 296 2619 451 2685; x_wconf 85' lang='lat' dir='ltr'>Marciali</span> <span class='ocrx_word' id='word_1_176' title='bbox 472 2618 589 2684; x_wconf 80' lang='lat' dir='ltr'>decana</span> <span class='ocrx_word' id='word_1_177' title='bbox 612 2616 719 2683; x_wconf 81' lang='lat' dir='ltr'>Casiri</span> <span class='ocrx_word' id='word_1_178' title='bbox 748 2619 830 2683; x_wconf 85' lang='lat' dir='ltr'>Novi</span> <span class='ocrx_word' id='word_1_179' title='bbox 852 2619 890 2683; x_wconf 84' lang='lat' dir='ltr'>de</span> <span class='ocrx_word' id='word_1_180' title='bbox 912 2621 1008 2685; x_wconf 86' lang='lat' dir='ltr'>Arrio</span> <span class='ocrx_word' id='word_1_181' title='bbox 1031 2620 1063 2685; x_wconf 83' lang='lat' dir='ltr'>S.</span> <span class='ocrx_word' id='word_1_182' title='bbox 1087 2619 1208 2704; x_wconf 81' lang='lat' dir='ltr'>Populi</span> <span class='ocrx_word' id='word_1_183' title='bbox 1238 2620 1325 2704; x_wconf 82' lang='lat' dir='ltr'>dioc,</span> <span class='ocrx_word' id='word_1_184' title='bbox 1355 2621 1479 2687; x_wconf 81' lang='lat' dir='ltr'>notario</span> <span class='ocrx_word' id='word_1_185' title='bbox 1505 2622 1684 2709; x_wconf 83' lang='lat' dir='ltr'>apostolico,</span> <span class='ocrx_word' id='word_1_186' title='bbox 1714 2627 1744 2688; x_wconf 77' lang='lat' dir='ltr'>ei</span> 
     </span>
     <span class='ocr_line' id='line_1_20' title="bbox 317 2719 1658 2807; baseline 0.007 -23"><span class='ocrx_word' id='word_1_187' title='bbox 317 2723 485 2789; x_wconf 80' lang='lat' dir='ltr'>Beruurdo</span> <span class='ocrx_word' id='word_1_188' title='bbox 509 2722 651 2788; x_wconf 84' lang='lat' dir='ltr'>Melioris</span> <span class='ocrx_word' id='word_1_189' title='bbox 674 2724 822 2790; x_wconf 81' lang='lat' dir='ltr'>canonico</span> <span class='ocrx_word' id='word_1_190' title='bbox 844 2725 995 2789; x_wconf 77' lang='lat' dir='ltr'>Maiensis</span> <span class='ocrx_word' id='word_1_191' title='bbox 1016 2723 1161 2790; x_wconf 85' lang='lat' dir='ltr'>ecclesiae</span> <span class='ocrx_word' id='word_1_192' title='bbox 1184 2745 1222 2789; x_wconf 86' lang='lat' dir='ltr'>ac</span> <span class='ocrx_word' id='word_1_193' title='bbox 1244 2725 1379 2807; x_wconf 80' lang='lat' dir='ltr'>officiali</span> <span class='ocrx_word' id='word_1_194' title='bbox 1410 2719 1658 2796; x_wconf 41' lang='lat' dir='ltr'>iriaiislaoiensi.</span> 
     </span>
    </p>
   </div>
   <div class='ocr_carea' id='block_1_6' title="bbox 285 2862 1697 2951">
    <p class='ocr_par' dir='ltr' id='par_1_7' title="bbox 285 2862 1697 2951">
     <span class='ocr_line' id='line_1_21' title="bbox 285 2862 1697 2951; baseline 0.002 -22"><span class='ocrx_word' id='word_1_195' title='bbox 285 2864 397 2929; x_wconf 79' lang='lat' dir='ltr'>Gratis</span> <span class='ocrx_word' id='word_1_196' title='bbox 414 2882 475 2946; x_wconf 87' lang='lat' dir='ltr'>pro</span> <span class='ocrx_word' id='word_1_197' title='bbox 498 2862 561 2927; x_wconf 82' lang='lat' dir='ltr'>deo.</span> <span class='ocrx_word' id='word_1_198' title='bbox 1010 2863 1106 2947; x_wconf 81' lang='lat' dir='ltr'>Apud</span> <span class='ocrx_word' id='word_1_199' title='bbox 1139 2864 1375 2949; x_wconf 87' lang='lat' dir='ltr'>Villaumooam,</span> <span class='ocrx_word' id='word_1_200' title='bbox 1399 2866 1485 2929; x_wconf 77' lang='lat'><strong><em>1355</em></strong></span> <span class='ocrx_word' id='word_1_201' title='bbox 1508 2866 1646 2951; x_wconf 78' lang='lat' dir='ltr'>Augusti</span> <span class='ocrx_word' id='word_1_202' title='bbox 1667 2869 1697 2932; x_wconf 85' lang='grc'>5.</span> 
     </span>
    </p>
   </div>
   <div class='ocr_carea' id='block_1_7' title="bbox 368 3035 1297 3104">
    <p class='ocr_par' dir='ltr' id='par_1_8' title="bbox 368 3035 1297 3104">
     <span class='ocr_line' id='line_1_22' title="bbox 368 3035 1297 3104; baseline 0.001 -14"><span class='ocrx_word' id='word_1_203' title='bbox 368 3037 400 3090; x_wconf 86' lang='lat' dir='ltr'>R.</span> <span class='ocrx_word' id='word_1_204' title='bbox 418 3037 468 3090; x_wconf 78' lang='lat' dir='ltr'>Ar.</span> <span class='ocrx_word' id='word_1_205' title='bbox 489 3042 536 3091; x_wconf 87' lang='grc'>131</span> <span class='ocrx_word' id='word_1_206' title='bbox 556 3036 603 3091; x_wconf 83' lang='lat' dir='ltr'>fol.</span> <span class='ocrx_word' id='word_1_207' title='bbox 623 3042 665 3104; x_wconf 78' lang='lat'>60,</span> <span class='ocrx_word' id='word_1_208' title='bbox 684 3037 714 3090; x_wconf 80' lang='lat' dir='ltr'>ll.</span> <span class='ocrx_word' id='word_1_209' title='bbox 728 3036 789 3091; x_wconf 85' lang='lat' dir='ltr'>Vat.</span> <span class='ocrx_word' id='word_1_210' title='bbox 809 3043 857 3090; x_wconf 76' lang='lat'>231</span> <span class='ocrx_word' id='word_1_211' title='bbox 879 3035 924 3090; x_wconf 83' lang='lat' dir='ltr'>fol.</span> <span class='ocrx_word' id='word_1_212' title='bbox 943 3042 984 3089; x_wconf 80' lang='lat'>99.</span> <span class='ocrx_word' id='word_1_213' title='bbox 1005 3041 1077 3104; x_wconf 71' lang='lat'><em>-21)</em></span> <span class='ocrx_word' id='word_1_214' title='bbox 1097 3036 1230 3098; x_wconf 70' lang='lat' dir='ltr'>‚laicarum</span> <span class='ocrx_word' id='word_1_215' title='bbox 1248 3040 1297 3091; x_wconf 76' lang='lat' dir='ltr'>Aa.</span> 
     </span>
    </p>
   </div>
   <div class='ocr_carea' id='block_1_8' title="bbox 886 3240 1092 3250">
    <p class='ocr_par' dir='ltr' id='par_1_9' title="bbox 886 3240 1092 3250">
     <span class='ocr_line' id='line_1_23' title="bbox 886 3240 1092 3250; baseline -0.005 0"><span class='ocrx_word' id='word_1_216' title='bbox 886 3240 1092 3250; x_wconf 74' lang='grc'>..-..-.---</span> 
     </span>
    </p>
   </div>
   <div class='ocr_carea' id='block_1_9' title="bbox 238 3421 1741 3611">
    <p class='ocr_par' dir='ltr' id='par_1_10' title="bbox 238 3421 1741 3611">
     <span class='ocr_line' id='line_1_24' title="bbox 238 3421 1741 3507; baseline 0.002 -19"><span class='ocrx_word' id='word_1_217' title='bbox 238 3424 327 3490; x_wconf 72' lang='lat'>373.</span> <span class='ocrx_word' id='word_1_218' title='bbox 351 3422 567 3506; x_wconf 83' lang='lat' dir='ltr'>Supplicatur,</span> <span class='ocrx_word' id='word_1_219' title='bbox 591 3425 744 3505; x_wconf 82' lang='lat' dir='ltr'>quatenus</span> <span class='ocrx_word' id='word_1_220' title='bbox 766 3423 861 3487; x_wconf 85' lang='lat' dir='ltr'>Petro</span> <span class='ocrx_word' id='word_1_221' title='bbox 885 3421 1048 3487; x_wconf 77' lang='lat' dir='ltr'>Bertlroldi</span> <span class='ocrx_word' id='word_1_222' title='bbox 1070 3423 1107 3487; x_wconf 84' lang='lat' dir='ltr'>cie</span> <span class='ocrx_word' id='word_1_223' title='bbox 1130 3424 1264 3488; x_wconf 73' lang='lat' dir='ltr'>Brumae</span> <span class='ocrx_word' id='word_1_224' title='bbox 1288 3423 1325 3487; x_wconf 78' lang='lat' dir='ltr'>cle</span> <span class='ocrx_word' id='word_1_225' title='bbox 1341 3423 1570 3507; x_wconf 76' lang='lat' dir='ltr'>praepositura</span> <span class='ocrx_word' id='word_1_226' title='bbox 1592 3422 1741 3491; x_wconf 83' lang='lat' dir='ltr'>ecclesiae</span> 
     </span>
     <span class='ocr_line' id='line_1_25' title="bbox 517 3525 1457 3611; baseline 0.003 -21"><span class='ocrx_word' id='word_1_227' title='bbox 517 3547 542 3592; x_wconf 91' lang='lat' dir='ltr'>s.</span> <span class='ocrx_word' id='word_1_228' title='bbox 566 3525 734 3592; x_wconf 75' lang='lat' dir='ltr'>Michaelis</span> <span class='ocrx_word' id='word_1_229' title='bbox 757 3527 794 3592; x_wconf 82' lang='lat' dir='ltr'>‹Ie</span> <span class='ocrx_word' id='word_1_230' title='bbox 818 3526 930 3593; x_wconf 79' lang='lat' dir='ltr'>Castro</span> <span class='ocrx_word' id='word_1_231' title='bbox 955 3530 1065 3593; x_wconf 85' lang='lat' dir='ltr'>Ferrea</span> <span class='ocrx_word' id='word_1_232' title='bbox 1088 3528 1126 3594; x_wconf 79' lang='lat' dir='ltr'>de</span> <span class='ocrx_word' id='word_1_233' title='bbox 1148 3548 1223 3593; x_wconf 84' lang='lat' dir='ltr'>novo</span> <span class='ocrx_word' id='word_1_234' title='bbox 1241 3528 1457 3611; x_wconf 80' lang='lat' dir='ltr'>provideatur.</span> 
     </span>
    </p>
   </div>
   <div class='ocr_carea' id='block_1_10' title="bbox 982 3665 1694 3752">
    <p class='ocr_par' dir='ltr' id='par_1_11' title="bbox 982 3665 1694 3752">
     <span class='ocr_line' id='line_1_26' title="bbox 982 3665 1694 3752; baseline 0.007 -21"><span class='ocrx_word' id='word_1_235' title='bbox 982 3667 1079 3749; x_wconf 80' lang='lat' dir='ltr'>Apud</span> <span class='ocrx_word' id='word_1_236' title='bbox 1110 3666 1345 3749; x_wconf 84' lang='lat' dir='ltr'>Villanrnouaur,</span> <span class='ocrx_word' id='word_1_237' title='bbox 1369 3666 1455 3731; x_wconf 82' lang='lat'><strong><em>1355</em></strong></span> <span class='ocrx_word' id='word_1_238' title='bbox 1479 3665 1619 3752; x_wconf 80' lang='lat' dir='ltr'>Auprcsti</span> <span class='ocrx_word' id='word_1_239' title='bbox 1642 3675 1694 3735; x_wconf 83' lang='lat'>21.</span> 
     </span>
    </p>
   </div>
   <div class='ocr_carea' id='block_1_11' title="bbox 232 3839 1739 5388">
    <p class='ocr_par' dir='ltr' id='par_1_12' title="bbox 232 3839 1739 5388">
     <span class='ocr_line' id='line_1_27' title="bbox 365 3839 1739 3928; baseline 0.001 -22"><span class='ocrx_word' id='word_1_240' title='bbox 365 3843 461 3906; x_wconf 92' lang='lat' dir='ltr'>Pater</span> <span class='ocrx_word' id='word_1_241' title='bbox 483 3841 698 3905; x_wconf 70' lang='lat' dir='ltr'>structissimel</span> <span class='ocrx_word' id='word_1_242' title='bbox 737 3840 862 3904; x_wconf 71' lang='lat' dir='ltr'>lindum</span> <span class='ocrx_word' id='word_1_243' title='bbox 886 3839 987 3905; x_wconf 79' lang='lat' dir='ltr'>felicis</span> <span class='ocrx_word' id='word_1_244' title='bbox 1015 3841 1248 3906; x_wconf 82' lang='lat' dir='ltr'>recordacionis</span> <span class='ocrx_word' id='word_1_245' title='bbox 1272 3841 1419 3908; x_wconf 86' lang='lat' dir='ltr'>Clemens</span> <span class='ocrx_word' id='word_1_246' title='bbox 1442 3863 1525 3928; x_wconf 88' lang='lat' dir='ltr'>papa</span> <span class='ocrx_word' id='word_1_247' title='bbox 1548 3842 1601 3926; x_wconf 84' lang='lat' dir='ltr'>Vl,</span> <span class='ocrx_word' id='word_1_248' title='bbox 1625 3844 1739 3925; x_wconf 90' lang='lat' dir='ltr'>prede-</span> 
     </span>
     <span class='ocr_line' id='line_1_28' title="bbox 238 3945 1738 4031; baseline 0.003 -22"><span class='ocrx_word' id='word_1_249' title='bbox 238 3963 343 4011; x_wconf 85' lang='lat' dir='ltr'>sessor</span> <span class='ocrx_word' id='word_1_250' title='bbox 364 3951 480 4030; x_wconf 85' lang='lat' dir='ltr'>vester,</span> <span class='ocrx_word' id='word_1_251' title='bbox 503 3946 543 4010; x_wconf 91' lang='lat' dir='ltr'>ad</span> <span class='ocrx_word' id='word_1_252' title='bbox 567 3945 833 4028; x_wconf 87' lang='lat' dir='ltr'>supplicacionem</span> <span class='ocrx_word' id='word_1_253' title='bbox 856 3947 1040 4011; x_wconf 87' lang='lat' dir='ltr'>devotorum</span> <span class='ocrx_word' id='word_1_254' title='bbox 1063 3953 1240 4012; x_wconf 91' lang='lat' dir='ltr'>vestrorum</span> <span class='ocrx_word' id='word_1_255' title='bbox 1264 3947 1347 4028; x_wconf 89' lang='lat' dir='ltr'>regis</span> <span class='ocrx_word' id='word_1_256' title='bbox 1366 3948 1503 4031; x_wconf 86' lang='lat' dir='ltr'>Vngarie</span> <span class='ocrx_word' id='word_1_257' title='bbox 1520 3955 1553 4013; x_wconf 92' lang='lat' dir='ltr'>et</span> <span class='ocrx_word' id='word_1_258' title='bbox 1569 3948 1738 4014; x_wconf 83' lang='lat' dir='ltr'>Elirabeth</span> 
     </span>
     <span class='ocr_line' id='line_1_29' title="bbox 236 4049 1736 4136; baseline 0.003 -23"><span class='ocrx_word' id='word_1_259' title='bbox 236 4051 345 4115; x_wconf 85' lang='lat' dir='ltr'>aratris</span> <span class='ocrx_word' id='word_1_260' title='bbox 368 4069 425 4114; x_wconf 89' lang='lat' dir='ltr'>sue</span> <span class='ocrx_word' id='word_1_261' title='bbox 449 4069 485 4114; x_wconf 90' lang='lat' dir='ltr'>ac</span> <span class='ocrx_word' id='word_1_262' title='bbox 508 4049 661 4132; x_wconf 87' lang='lat' dir='ltr'>Stephani</span> <span class='ocrx_word' id='word_1_263' title='bbox 685 4057 759 4114; x_wconf 91' lang='lat' dir='ltr'>tunc</span> <span class='ocrx_word' id='word_1_264' title='bbox 782 4051 958 4134; x_wconf 83' lang='lat' dir='ltr'>Sclauonie,</span> <span class='ocrx_word' id='word_1_265' title='bbox 991 4052 1121 4117; x_wconf 85' lang='lat' dir='ltr'>Croacie</span> <span class='ocrx_word' id='word_1_266' title='bbox 1145 4058 1178 4116; x_wconf 91' lang='lat' dir='ltr'>et</span> <span class='ocrx_word' id='word_1_267' title='bbox 1203 4052 1364 4117; x_wconf 88' lang='lat' dir='ltr'>Dalmaeie</span> <span class='ocrx_word' id='word_1_268' title='bbox 1397 4054 1496 4136; x_wconf 80' lang='lat' dir='ltr'>dacia,</span> <span class='ocrx_word' id='word_1_269' title='bbox 1528 4053 1635 4118; x_wconf 88' lang='lat' dir='ltr'>fratris</span> <span class='ocrx_word' id='word_1_270' title='bbox 1659 4054 1736 4119; x_wconf 89' lang='lat' dir='ltr'>dicti</span> 
     </span>
     <span class='ocr_line' id='line_1_30' title="bbox 236 4155 1737 4242; baseline 0.004 -25"><span class='ocrx_word' id='word_1_271' title='bbox 236 4156 327 4238; x_wconf 76' lang='lat' dir='ltr'>regis</span> <span class='ocrx_word' id='word_1_272' title='bbox 350 4155 532 4233; x_wconf 85' lang='lat' dir='ltr'>illustrium,</span> <span class='ocrx_word' id='word_1_273' title='bbox 556 4155 672 4219; x_wconf 89' lang='lat' dir='ltr'>dilecto</span> <span class='ocrx_word' id='word_1_274' title='bbox 688 4155 829 4235; x_wconf 90' lang='lat' dir='ltr'>ipsorum</span> <span class='ocrx_word' id='word_1_275' title='bbox 852 4156 1015 4237; x_wconf 87' lang='lat' dir='ltr'>capellano</span> <span class='ocrx_word' id='word_1_276' title='bbox 1039 4163 1072 4220; x_wconf 94' lang='lat' dir='ltr'>et</span> <span class='ocrx_word' id='word_1_277' title='bbox 1088 4155 1233 4223; x_wconf 88' lang='lat' dir='ltr'>familiari</span> <span class='ocrx_word' id='word_1_278' title='bbox 1251 4158 1345 4222; x_wconf 87' lang='lat' dir='ltr'>Petro</span> <span class='ocrx_word' id='word_1_279' title='bbox 1362 4158 1526 4224; x_wconf 86' lang='lat' dir='ltr'>Bartholdi</span> <span class='ocrx_word' id='word_1_280' title='bbox 1543 4159 1583 4224; x_wconf 91' lang='lat' dir='ltr'>de</span> <span class='ocrx_word' id='word_1_281' title='bbox 1598 4159 1737 4242; x_wconf 88' lang='lat' dir='ltr'>Brunua,</span> 
     </span>
     <span class='ocr_line' id='line_1_31' title="bbox 236 4259 1737 4343; baseline 0.005 -22"><span class='ocrx_word' id='word_1_282' title='bbox 236 4260 334 4324; x_wconf 91' lang='lat' dir='ltr'>eciam</span> <span class='ocrx_word' id='word_1_283' title='bbox 365 4259 443 4324; x_wconf 91' lang='lat' dir='ltr'>dicti</span> <span class='ocrx_word' id='word_1_284' title='bbox 474 4259 562 4323; x_wconf 86' lang='lat' dir='ltr'>ducis</span> <span class='ocrx_word' id='word_1_285' title='bbox 593 4260 790 4338; x_wconf 74' lang='lat' dir='ltr'>carticellario,</span> <span class='ocrx_word' id='word_1_286' title='bbox 827 4261 865 4325; x_wconf 93' lang='lat' dir='ltr'>de</span> <span class='ocrx_word' id='word_1_287' title='bbox 896 4261 1098 4343; x_wconf 90' lang='lat' dir='ltr'>prepositura</span> <span class='ocrx_word' id='word_1_288' title='bbox 1127 4261 1262 4327; x_wconf 89' lang='lat' dir='ltr'>ecclesie</span> <span class='ocrx_word' id='word_1_289' title='bbox 1294 4280 1317 4326; x_wconf 91' lang='lat' dir='ltr'>s.</span> <span class='ocrx_word' id='word_1_290' title='bbox 1351 4262 1516 4328; x_wconf 88' lang='lat' dir='ltr'>Michaelis</span> <span class='ocrx_word' id='word_1_291' title='bbox 1551 4264 1590 4327; x_wconf 85' lang='lat' dir='ltr'>‹le</span> <span class='ocrx_word' id='word_1_292' title='bbox 1626 4263 1737 4328; x_wconf 84' lang='lat' dir='ltr'>Castro</span> 
     </span>
     <span class='ocr_line' id='line_1_32' title="bbox 235 4364 1735 4448; baseline 0.003 -20"><span class='ocrx_word' id='word_1_293' title='bbox 235 4364 351 4430; x_wconf 77' lang='lat' dir='ltr'>l&#39;erreo</span> <span class='ocrx_word' id='word_1_294' title='bbox 374 4364 550 4429; x_wconf 86' lang='lat' dir='ltr'>Jaurienais</span> <span class='ocrx_word' id='word_1_295' title='bbox 574 4365 652 4429; x_wconf 90' lang='lat' dir='ltr'>dioc.</span> <span class='ocrx_word' id='word_1_296' title='bbox 669 4384 726 4446; x_wconf 93' lang='lat' dir='ltr'>per</span> <span class='ocrx_word' id='word_1_297' title='bbox 741 4365 843 4447; x_wconf 90' lang='lat' dir='ltr'>ipsum</span> <span class='ocrx_word' id='word_1_298' title='bbox 867 4366 1125 4448; x_wconf 87' lang='lat' dir='ltr'>predecessorem</span> <span class='ocrx_word' id='word_1_299' title='bbox 1148 4367 1246 4431; x_wconf 92' lang='lat' dir='ltr'>eciam</span> <span class='ocrx_word' id='word_1_300' title='bbox 1271 4373 1344 4430; x_wconf 91' lang='lat' dir='ltr'>tunc</span> <span class='ocrx_word' id='word_1_301' title='bbox 1360 4373 1525 4431; x_wconf 88' lang='lat' dir='ltr'>reservata</span> <span class='ocrx_word' id='word_1_302' title='bbox 1548 4373 1581 4432; x_wconf 90' lang='lat' dir='ltr'>et</span> <span class='ocrx_word' id='word_1_303' title='bbox 1604 4366 1735 4433; x_wconf 89' lang='lat' dir='ltr'>nichilo·</span> 
     </span>
     <span class='ocr_line' id='line_1_33' title="bbox 234 4470 1737 4554; baseline 0.002 -21"><span class='ocrx_word' id='word_1_304' title='bbox 234 4470 337 4534; x_wconf 89' lang='lat' dir='ltr'>miuus</span> <span class='ocrx_word' id='word_1_305' title='bbox 359 4476 491 4534; x_wconf 88' lang='lat' dir='ltr'>vacante</span> <span class='ocrx_word' id='word_1_306' title='bbox 522 4489 579 4552; x_wconf 90' lang='lat' dir='ltr'>per</span> <span class='ocrx_word' id='word_1_307' title='bbox 602 4470 721 4534; x_wconf 88' lang='lat' dir='ltr'>obitum</span> <span class='ocrx_word' id='word_1_308' title='bbox 752 4471 908 4551; x_wconf 90' lang='lat' dir='ltr'>quondam</span> <span class='ocrx_word' id='word_1_309' title='bbox 933 4471 1068 4554; x_wconf 77' lang='lat' dir='ltr'>dudree,</span> <span class='ocrx_word' id='word_1_310' title='bbox 1099 4470 1202 4534; x_wconf 87' lang='lat' dir='ltr'>ultimi</span> <span class='ocrx_word' id='word_1_311' title='bbox 1233 4470 1376 4534; x_wconf 88' lang='lat' dir='ltr'>eiusdem</span> <span class='ocrx_word' id='word_1_312' title='bbox 1407 4471 1541 4534; x_wconf 86' lang='lat' dir='ltr'>ecclesie</span> <span class='ocrx_word' id='word_1_313' title='bbox 1573 4471 1737 4554; x_wconf 81' lang='lat' dir='ltr'>prepositi,</span> 
     </span>
     <span class='ocr_line' id='line_1_34' title="bbox 234 4574 1735 4657; baseline 0.002 -20"><span class='ocrx_word' id='word_1_314' title='bbox 234 4575 285 4654; x_wconf 93' lang='lat' dir='ltr'>qui</span> <span class='ocrx_word' id='word_1_315' title='bbox 309 4575 427 4639; x_wconf 91' lang='lat' dir='ltr'>dudum</span> <span class='ocrx_word' id='word_1_316' title='bbox 451 4580 542 4638; x_wconf 83' lang='lat' dir='ltr'>extra</span> <span class='ocrx_word' id='word_1_317' title='bbox 564 4574 736 4639; x_wconf 84' lang='lat' dir='ltr'>Itomauam</span> <span class='ocrx_word' id='word_1_318' title='bbox 760 4575 878 4640; x_wconf 89' lang='lat' dir='ltr'>curiam</span> <span class='ocrx_word' id='word_1_319' title='bbox 902 4576 1050 4649; x_wconf 87' lang='lat' dir='ltr'>decessit,</span> <span class='ocrx_word' id='word_1_320' title='bbox 1075 4575 1216 4656; x_wconf 88' lang='lat' dir='ltr'>graciose</span> <span class='ocrx_word' id='word_1_321' title='bbox 1240 4574 1387 4657; x_wconf 89' lang='lat' dir='ltr'>providit.</span> <span class='ocrx_word' id='word_1_322' title='bbox 1412 4574 1529 4639; x_wconf 92' lang='lat' dir='ltr'>Verum</span> <span class='ocrx_word' id='word_1_323' title='bbox 1546 4576 1619 4656; x_wconf 89' lang='lat' dir='ltr'>quia</span> <span class='ocrx_word' id='word_1_324' title='bbox 1642 4575 1735 4640; x_wconf 86' lang='lat' dir='ltr'>litere</span> 
     </span>
     <span class='ocr_line' id='line_1_35' title="bbox 234 4677 1735 4763; baseline 0.002 -21"><span class='ocrx_word' id='word_1_325' title='bbox 234 4697 328 4762; x_wconf 90' lang='lat' dir='ltr'>super</span> <span class='ocrx_word' id='word_1_326' title='bbox 351 4679 419 4762; x_wconf 89' lang='lat' dir='ltr'>hoc,</span> <span class='ocrx_word' id='word_1_327' title='bbox 451 4680 696 4762; x_wconf 84' lang='lat' dir='ltr'>superveniente</span> <span class='ocrx_word' id='word_1_328' title='bbox 727 4681 827 4763; x_wconf 89' lang='lat' dir='ltr'>ipsius</span> <span class='ocrx_word' id='word_1_329' title='bbox 858 4681 1094 4763; x_wconf 87' lang='lat' dir='ltr'>predecessoris</span> <span class='ocrx_word' id='word_1_330' title='bbox 1118 4679 1215 4760; x_wconf 91' lang='lat' dir='ltr'>obitu,</span> <span class='ocrx_word' id='word_1_331' title='bbox 1241 4698 1304 4744; x_wconf 90' lang='lat' dir='ltr'>uon</span> <span class='ocrx_word' id='word_1_332' title='bbox 1327 4678 1456 4743; x_wconf 90' lang='lat' dir='ltr'>fuerunt</span> <span class='ocrx_word' id='word_1_333' title='bbox 1478 4677 1620 4744; x_wconf 85' lang='lat' dir='ltr'>coniecte</span> <span class='ocrx_word' id='word_1_334' title='bbox 1645 4697 1680 4744; x_wconf 86' lang='lat' dir='ltr'>ac</span> <span class='ocrx_word' id='word_1_335' title='bbox 1704 4681 1735 4745; x_wconf 92' lang='lat' dir='ltr'>in</span> 
     </span>
     <span class='ocr_line' id='line_1_36' title="bbox 234 4783 1736 4867; baseline 0.001 -19"><span class='ocrx_word' id='word_1_336' title='bbox 234 4784 466 4867; x_wconf 88' lang='lat' dir='ltr'>supplicacione</span> <span class='ocrx_word' id='word_1_337' title='bbox 483 4802 540 4866; x_wconf 90' lang='lat' dir='ltr'>per</span> <span class='ocrx_word' id='word_1_338' title='bbox 555 4785 730 4867; x_wconf 89' lang='lat' dir='ltr'>predictum</span> <span class='ocrx_word' id='word_1_339' title='bbox 748 4785 1005 4866; x_wconf 88' lang='lat' dir='ltr'>predecessorem</span> <span class='ocrx_word' id='word_1_340' title='bbox 1022 4784 1155 4866; x_wconf 86' lang='lat' dir='ltr'>signata,</span> <span class='ocrx_word' id='word_1_341' title='bbox 1178 4783 1261 4862; x_wconf 92' lang='lat' dir='ltr'>quod</span> <span class='ocrx_word' id='word_1_342' title='bbox 1281 4783 1366 4847; x_wconf 86' lang='lat' dir='ltr'>dicta</span> <span class='ocrx_word' id='word_1_343' title='bbox 1381 4784 1582 4865; x_wconf 91' lang='lat' dir='ltr'>prepositura</span> <span class='ocrx_word' id='word_1_344' title='bbox 1598 4783 1736 4866; x_wconf 79' lang='lat' dir='ltr'>dignitas</span> 
     </span>
     <span class='ocr_line' id='line_1_37' title="bbox 234 4887 1735 4980; baseline 0.001 -28"><span class='ocrx_word' id='word_1_345' title='bbox 234 4896 343 4953; x_wconf 88' lang='lat' dir='ltr'>curata</span> <span class='ocrx_word' id='word_1_346' title='bbox 365 4895 400 4954; x_wconf 91' lang='lat' dir='ltr'>et</span> <span class='ocrx_word' id='word_1_347' title='bbox 422 4889 605 4972; x_wconf 88' lang='lat' dir='ltr'>principalis</span> <span class='ocrx_word' id='word_1_348' title='bbox 636 4890 669 4952; x_wconf 91' lang='lat' dir='ltr'>iu</span> <span class='ocrx_word' id='word_1_349' title='bbox 691 4890 802 4954; x_wconf 91' lang='lat' dir='ltr'>eadem</span> <span class='ocrx_word' id='word_1_350' title='bbox 834 4890 971 4955; x_wconf 89' lang='lat' dir='ltr'>ecelesia</span> <span class='ocrx_word' id='word_1_351' title='bbox 994 4894 1089 4970; x_wconf 87' lang='lat' dir='ltr'>esset,</span> <span class='ocrx_word' id='word_1_352' title='bbox 1119 4893 1214 4969; x_wconf 90' lang='lat' dir='ltr'>prout</span> <span class='ocrx_word' id='word_1_353' title='bbox 1236 4887 1355 4969; x_wconf 80' lang='lat' dir='ltr'>existit,</span> <span class='ocrx_word' id='word_1_354' title='bbox 1386 4905 1443 4969; x_wconf 90' lang='lat' dir='ltr'>per</span> <span class='ocrx_word' id='word_1_355' title='bbox 1467 4887 1735 4980; x_wconf 86' lang='lat' dir='ltr'>inadvertenciam</span> 
     </span>
     <span class='ocr_line' id='line_1_38' title="bbox 234 4991 1735 5077; baseline 0 -20"><span class='ocrx_word' id='word_1_356' title='bbox 234 5000 265 5057; x_wconf 89' lang='lat' dir='ltr'>et</span> <span class='ocrx_word' id='word_1_357' title='bbox 286 4993 523 5076; x_wconf 88' lang='lat' dir='ltr'>simplicitatem</span> <span class='ocrx_word' id='word_1_358' title='bbox 547 4994 712 5059; x_wconf 83' lang='lat' dir='ltr'>formantis</span> <span class='ocrx_word' id='word_1_359' title='bbox 736 4995 852 5058; x_wconf 90' lang='lat' dir='ltr'>dictam</span> <span class='ocrx_word' id='word_1_360' title='bbox 876 4993 1142 5076; x_wconf 89' lang='lat' dir='ltr'>supplicaciouem</span> <span class='ocrx_word' id='word_1_361' title='bbox 1173 5010 1235 5057; x_wconf 88' lang='lat' dir='ltr'>nou</span> <span class='ocrx_word' id='word_1_362' title='bbox 1258 4992 1402 5076; x_wconf 90' lang='lat' dir='ltr'>habetur,</span> <span class='ocrx_word' id='word_1_363' title='bbox 1432 4991 1596 5058; x_wconf 89' lang='lat' dir='ltr'>humiliter</span> <span class='ocrx_word' id='word_1_364' title='bbox 1618 4994 1735 5077; x_wconf 91' lang='lat' dir='ltr'>suppli-</span> 
     </span>
     <span class='ocr_line' id='line_1_39' title="bbox 233 5095 1735 5182; baseline 0 -20"><span class='ocrx_word' id='word_1_365' title='bbox 233 5104 328 5182; x_wconf 87' lang='lat' dir='ltr'>catur,</span> <span class='ocrx_word' id='word_1_366' title='bbox 363 5098 512 5179; x_wconf 87' lang='lat' dir='ltr'>quatinus</span> <span class='ocrx_word' id='word_1_367' title='bbox 544 5099 647 5163; x_wconf 91' lang='lat' dir='ltr'>eidem</span> <span class='ocrx_word' id='word_1_368' title='bbox 679 5099 774 5163; x_wconf 89' lang='lat' dir='ltr'>Petro</span> <span class='ocrx_word' id='word_1_369' title='bbox 805 5098 975 5180; x_wconf 85' lang='lat' dir='ltr'>specialem</span> <span class='ocrx_word' id='word_1_370' title='bbox 1007 5097 1143 5180; x_wconf 89' lang='lat' dir='ltr'>graciam</span> <span class='ocrx_word' id='word_1_371' title='bbox 1174 5095 1337 5180; x_wconf 87' lang='lat' dir='ltr'>facientes,</span> <span class='ocrx_word' id='word_1_372' title='bbox 1371 5097 1472 5163; x_wconf 87' lang='lat' dir='ltr'>eidem</span> <span class='ocrx_word' id='word_1_373' title='bbox 1501 5097 1672 5180; x_wconf 80' lang='lat' dir='ltr'>dignemini</span> <span class='ocrx_word' id='word_1_374' title='bbox 1695 5098 1735 5162; x_wconf 93' lang='lat' dir='ltr'>de</span> 
     </span>
     <span class='ocr_line' id='line_1_40' title="bbox 233 5199 1734 5286; baseline 0 -20"><span class='ocrx_word' id='word_1_375' title='bbox 233 5200 316 5266; x_wconf 87' lang='lat' dir='ltr'>dieta</span> <span class='ocrx_word' id='word_1_376' title='bbox 339 5203 541 5285; x_wconf 89' lang='lat' dir='ltr'>prepositura</span> <span class='ocrx_word' id='word_1_377' title='bbox 569 5222 627 5286; x_wconf 92' lang='lat' dir='ltr'>per</span> <span class='ocrx_word' id='word_1_378' title='bbox 650 5204 728 5268; x_wconf 70' lang='lat' dir='ltr'>Vram</span> <span class='ocrx_word' id='word_1_379' title='bbox 752 5202 820 5267; x_wconf 74' lang='lat' dir='ltr'>gum</span> <span class='ocrx_word' id='word_1_380' title='bbox 850 5203 950 5268; x_wconf 90' lang='lat' dir='ltr'>eciam</span> <span class='ocrx_word' id='word_1_381' title='bbox 980 5199 1164 5282; x_wconf 87' lang='lat' dir='ltr'>specialiter</span> <span class='ocrx_word' id='word_1_382' title='bbox 1194 5207 1358 5266; x_wconf 88' lang='lat' dir='ltr'>reservata</span> <span class='ocrx_word' id='word_1_383' title='bbox 1388 5202 1427 5265; x_wconf 89' lang='lat' dir='ltr'>de</span> <span class='ocrx_word' id='word_1_384' title='bbox 1457 5220 1538 5267; x_wconf 89' lang='lat' dir='ltr'>novo</span> <span class='ocrx_word' id='word_1_385' title='bbox 1568 5201 1734 5283; x_wconf 85' lang='lat' dir='ltr'>providere</span> 
     </span>
     <span class='ocr_line' id='line_1_41' title="bbox 232 5305 1733 5388; baseline 0.001 -19"><span class='ocrx_word' id='word_1_386' title='bbox 232 5325 293 5370; x_wconf 88' lang='lat' dir='ltr'>uon</span> <span class='ocrx_word' id='word_1_387' title='bbox 326 5309 484 5385; x_wconf 84' lang='lat' dir='ltr'>obstante,</span> <span class='ocrx_word' id='word_1_388' title='bbox 525 5309 609 5388; x_wconf 87' lang='lat' dir='ltr'>quod</span> <span class='ocrx_word' id='word_1_389' title='bbox 643 5309 726 5372; x_wconf 92' lang='lat' dir='ltr'>idem</span> <span class='ocrx_word' id='word_1_390' title='bbox 761 5307 874 5372; x_wconf 90' lang='lat' dir='ltr'>Petrus</span> <span class='ocrx_word' id='word_1_391' title='bbox 909 5307 1124 5372; x_wconf 81' lang='lat' dir='ltr'>canonicatum</span> <span class='ocrx_word' id='word_1_392' title='bbox 1160 5310 1193 5369; x_wconf 90' lang='lat' dir='ltr'>et</span> <span class='ocrx_word' id='word_1_393' title='bbox 1223 5307 1416 5387; x_wconf 85' lang='lat' dir='ltr'>prebemlam</span> <span class='ocrx_word' id='word_1_394' title='bbox 1447 5307 1478 5370; x_wconf 93' lang='lat' dir='ltr'>in</span> <span class='ocrx_word' id='word_1_395' title='bbox 1507 5305 1642 5370; x_wconf 88' lang='lat' dir='ltr'>eeclesia</span> <span class='ocrx_word' id='word_1_396' title='bbox 1676 5306 1733 5370; x_wconf 89' lang='lat' dir='ltr'>Za·</span> 
     </span>
    </p>
   </div>
   <div class='ocr_carea' id='block_1_12' title="bbox 0 0 1976 6057">
    <p class='ocr_par' dir='ltr' id='par_1_13' title="bbox 0 0 1976 6057">
     <span class='ocr_line' id='line_1_42' title="bbox 0 0 1976 6057; baseline 0 0"><span class='ocrx_word' id='word_1_397' title='bbox 0 0 1976 6057; x_wconf 95' lang='lat' dir='ltr'> </span> 
     </span>
    </p>
   </div>
  </div>
 </body>
</html>
