3944 6060
750 439 818 488 raas
835 432 980 488 Februarii
997 438 1031 488 aa
1049 464 1083 475 -
1101 433 1198 489 Martii
1215 439 1239 487 o.
1704 439 1748 504 93

233 645 353 710 hahere
376 645 550 727 dumtaxat,
575 643 721 725 quodque
745 644 830 708 idern
850 662 906 708 rex
929 662 1070 709 mensam
1085 644 1300 726 episcopalem
1316 645 1418 727 ipsius
1434 645 1571 710 ecclesie
1596 647 1748 729 erigendo

234 768 271 813 ac
293 749 426 815 eandem
450 749 619 813 ecclesiam
644 749 787 814 intendit
818 750 857 812 de
881 748 973 813 bonis
997 749 1064 813 suis
1088 748 1283 813 sufficienter
1312 749 1423 813 dotare
1456 768 1493 813 ac
1516 750 1670 835 omnibus,
1694 768 1748 832 qui

235 874 274 920 ex
297 854 356 919 hoc
378 853 484 919 forsan
517 854 827 936 dampnificarentur‚
863 852 1117 918 satisfaccionem
1140 853 1315 934 plenariam
1339 853 1497 918 exhibere.
1544 854 1648 931 Quare
1672 875 1743 937 pre-

234 958 320 1024 fatus
342 975 399 1023 rex
422 958 513 1022 nobis
536 958 703 1022 humiliter
729 957 928 1039 supplicavit,
954 963 990 1021 ut
1004 957 1158 1039 prefatam
1176 958 1377 1039 collegiatam
1394 958 1561 1024 ecelesiam
1584 959 1617 1022 in
1641 959 1746 1024 cathe-

235 1065 355 1129 dralem
387 1063 511 1146 erigere
543 1063 723 1144 dictamque
753 1063 862 1127 villam
892 1063 1032 1127 civitatis
1062 1063 1216 1144 insignire
1252 1061 1404 1128 vocabulo
1439 1063 1651 1146 dignaremur,
1687 1083 1745 1130 nos

236 1170 344 1250 itaque
366 1185 463 1249 super
481 1167 645 1247 premissis
668 1166 813 1232 volentes
837 1165 954 1230 hahere
970 1165 1119 1230 noticiam
1139 1166 1323 1248 pleniorem,
1348 1165 1542 1231 fraternitati
1565 1174 1682 1247 vestre,
1706 1169 1746 1232 de

237 1292 299 1355 qun
321 1272 493 1355 specialem
523 1271 557 1335 in
580 1272 708 1336 domiuo
742 1269 887 1334 fiduciam
911 1270 1061 1352 gerimus,
1092 1288 1150 1352 per
1173 1270 1346 1352 apostolica
1377 1271 1497 1352 scripta
1523 1273 1746 1337 committimus

238 1383 272 1442 et
294 1373 489 1458 mandamus,
522 1376 673 1458 quatinus
697 1393 793 1457 super
815 1373 878 1438 hiis
901 1374 1046 1439 omnihus
1069 1382 1103 1439 et
1125 1374 1258 1456 singulis
1283 1392 1319 1438 ac
1341 1374 1381 1439 de
1404 1374 1511 1440 valore
1536 1394 1639 1440 annum
1663 1377 1746 1441 dotis

237 1481 420 1546 huiusmodi
443 1500 479 1545 oc
503 1481 604 1544 eciam
627 1479 795 1553 fructuum,
820 1478 1000 1543 reddituum
1016 1486 1050 1543 et
1067 1483 1276 1559 proventuum
1292 1478 1396 1560 ipsius
1412 1479 1580 1563 collegiata
1603 1482 1747 1563 ecclesie,

238 1591 272 1651 et
292 1586 326 1650 in
349 1586 463 1666 quihus
486 1585 632 1650 redditus
663 1584 747 1649 dotis
770 1583 950 1647 huiusmodi
975 1583 1166 1665 assignanda
1190 1583 1378 1662 consistant,
1410 1591 1444 1648 et
1466 1585 1494 1649 si
1517 1586 1635 1665 absque
1659 1587 1747 1666 gravi

238 1690 412 1772 preiudioio
436 1689 609 1754 Misnensis
632 1695 666 1754 et
689 1689 822 1752 aliarum
845 1688 1050 1752 ecclesiarum
1070 1688 1176 1751 eidem
1192 1686 1529 1753 circumadiaceneium
1546 1690 1597 1753 vel
1613 1690 1746 1754 ahcuius

239 1796 378 1877 ipsarum
401 1800 436 1859 et
458 1800 577 1876 quanta
599 1793 765 1874 qualisque
789 1792 926 1857 diocesis
949 1792 1053 1856 eidem
1076 1791 1222 1863 ecclesie,
1247 1792 1276 1855 si
1292 1808 1361 1855 eam
1378 1792 1412 1856 in
1427 1793 1643 1859 cathedralem
1666 1796 1747 1878 erigi

241 1898 420 1980 randgerit,
442 1898 608 1978 assignari,
633 1904 667 1961 et
689 1917 728 1961 au
751 1897 929 1978 episcopus,
959 1897 1013 1976 qui
1035 1896 1115 1960 inibi
1137 1902 1226 1960 esset
1247 1916 1304 1978 pro
1329 1901 1481 1979 tempore,
1504 1898 1543 1962 de
1567 1899 1747 1963 huiusmodi

239 1987 403 2084 fructibus,
426 2002 606 2067 redditibus
629 2007 664 2065 et
685 1989 892 2084 proventibus
915 2001 1068 2082 depenter
1090 1999 1282 2082 pontificalis
1305 2001 1471 2083 dignitatis
1494 2009 1612 2067 statum
1636 2009 1746 2068 tenere

243 2114 273 2172 et
295 2106 439 2172 canonici
461 2106 495 2170 in
518 2106 655 2170 ecclesia
677 2105 748 2188 ipsa
770 2110 805 2169 et
819 2121 955 2185 persone
971 2105 1188 2169 ecclesiastice
1213 2123 1249 2168 aa
1270 2106 1441 2171 servitores
1465 2107 1520 2171 alii
1543 2107 1583 2171 ad
1607 2107 1747 2172 divinum

241 2212 356 2276 ibidem
379 2211 516 2277 officium
538 2211 687 2293 oportuni
710 2209 838 2275 creandi
861 2215 896 2273 et
918 2210 1107 2275 instituendi
1130 2211 1315 2292 sustentari,
1343 2216 1377 2275 et
1399 2216 1476 2291 quot
1498 2212 1650 2288 canonici,
1674 2231 1745 2294 per-

242 2334 314 2381 sone
338 2334 375 2380 ac
398 2316 571 2381 servitores
594 2315 776 2380 huiusmodi
806 2314 908 2378 creari
932 2319 966 2378 et
988 2314 1113 2378 institui
1138 2333 1194 2378 seu
1217 2315 1357 2380 ordinari
1381 2334 1519 2398 congrue
1543 2317 1677 2398 possint,
1712 2325 1746 2383 et

243 2421 461 2487 nichilominus
492 2421 532 2485 de
563 2420 634 2484 aliis
658 2419 907 2484 circumstantiis
938 2419 1095 2484 universis
1127 2420 1158 2483 in
1182 2419 1245 2483 hiis
1268 2420 1472 2484 attendendis
1496 2438 1552 2484 vos
1575 2420 1747 2503 diligenter

246 2533 275 2590 et
297 2526 441 2608 plenarie
470 2524 649 2591 informetis
680 2529 722 2608 et,
752 2541 948 2606 quecumque
979 2542 1076 2606 super
1105 2524 1167 2588 hiis
1198 2524 1393 2605 inveneritis,
1428 2524 1518 2589 nobis
1549 2544 1606 2605 per
1635 2527 1746 2592 literas

245 2633 354 2696 vestris
378 2630 492 2713 sigillis
516 2630 663 2711 munitas,
687 2629 798 2693 harum
815 2629 930 2693 seriem
946 2628 1155 2710 continentes,
1179 2627 1317 2692 fideliter
1336 2629 1500 2707 intimetis,
1524 2636 1561 2693 ut
1583 2636 1691 2695 vestra
1713 2632 1746 2695 iu

247 2734 299 2800 hac
321 2742 415 2819 parte
437 2735 597 2800 relacione
627 2735 785 2810 instructi,
816 2732 899 2814 quod
922 2733 956 2796 in
978 2734 1142 2815 premissis
1166 2734 1321 2815 agendum
1344 2733 1451 2816 fuerit,
1485 2735 1627 2800 securius
1651 2754 1746 2818 agere

249 2841 413 2923 valeamus,
437 2840 529 2920 quod,
560 2839 588 2903 si
610 2857 672 2905 uon
696 2855 804 2903 omnes
827 2837 890 2900 hiis
913 2837 1106 2918 exequendis
1131 2838 1300 2918 potueritis
1322 2839 1489 2921 interesse,
1521 2841 1582 2905 duo
1606 2847 1746 2906 vestrum

251 2961 281 3008 ea
301 2944 526 3010 nichilominus
550 2948 758 3025 exequantur.
791 2942 828 3005 Ι).
851 2941 1008 3005 Auinione
1032 2942 1064 3005 ΙΙ
1087 2942 1150 3008 kal.
1176 2943 1288 3007 Marcii
1311 2963 1337 3008 a.
1361 2944 1509 3009 secundo.

370 3131 404 3187 R
422 3134 473 3186 Av.
494 3136 542 3186 126
561 3131 608 3186 fol.
628 3133 696 3195 438⁴,
714 3130 746 3185 a
765 3130 828 3184 Vat.
848 3133 897 3183 226
917 3129 963 3183 iol.
985 3135 1050 3185 182¹.

258 3515 330 3583 219.
354 3513 597 3599 archiepiscopo
619 3515 775 3597 Propenaa'
797 3515 979 3588 mandatur,
1003 3520 1156 3597 quatenns
1178 3519 1276 3591 Petro,
1294 3522 1369 3581 nato
1384 3516 1496 3582 nobilia
1519 3518 1581 3581 oiri
1607 3517 1692 3583 Petri
1709 3518 1746 3581 de

259 3618 401 3700 danooica,
415 3621 442 3702 ²)
465 3619 615 3701 magistri
637 3619 744 3683 cariae
765 3618 878 3684 Annae
901 3622 1114 3684 Romanorum
1136 3625 1166 3685 et
1181 3621 1351 3686 Belemiae
1377 3622 1514 3704 rapinae,
1538 3621 1649 3686 clerieo
1664 3624 1746 3686 Pra-

258 3724 344 3802 aensis
365 3725 456 3807 diae,
490 3723 534 3789 ad
562 3725 824 3805 supplicationem
854 3724 956 3806 ipsius
989 3726 1117 3807 rapinae
1140 3725 1179 3791 de
1200 3728 1389 3792 canonicatu
1411 3725 1559 3791 ecclesiae
1588 3726 1742 3790 Vratisla-

261 3828 356 3895 namn
384 3831 443 3896 aab
471 3830 684 3913 expectatione
705 3828 908 3911 praebendae
940 3830 1102 3913 provideri
1134 3836 1290 3914 procuret.
1333 3832 1493 3913 „Dignam
1526 3831 1740 3896 arbitramur·

625 3932 798 4011 ,Aninione
827 3935 873 3998 Vl
890 3954 960 3999 non.
984 3936 1105 3999 Marcii
1128 3956 1157 4001 a.
1180 3937 1342 4000 secando“.

301 4040 358 4177 ..ξ
1237 4093 1400 4169 Aeanione,
1424 4093 1510 4158 1354
1532 4091 1649 4159 Martii
1671 4097 1700 4158 2.

372 4298 402 4352 it
422 4299 472 4351 av.
493 4301 541 4350 rae
560 4296 607 4351 rot
627 4303 685 4364 aaa,
704 4297 736 4351 la.
757 4298 817 4352 vat.
836 4303 888 4351 aaa
907 4297 953 4351 fol.
973 4302 1040 4351 aaa.
1064 4329 1090 4338 -
1114 4304 1137 4364 a)
1155 4299 1305 4366 ,aaronita
1324 4302 1373 4352 av.

267 4683 339 4759 22⁰.
361 4697 512 4764 &aeneae
535 4697 572 4763 de
601 4697 663 4763 Usu
685 4697 872 4780 conceditur,
903 4702 939 4761 nt
969 4699 1155 4780 dignitatern
1177 4700 1224 4763 cel
1245 4705 1450 4783 personatam
1472 4719 1527 4763 sea
1549 4698 1690 4782 officium
1712 4700 1747 4764 in

672 4799 800 4867 eceleas'a
826 4803 981 4884 Propenai
1003 4809 1168 4886 acceptare
1191 4804 1305 4869 oakat

1235 4943 1399 5020 Actaeone,
1424 4945 1511 5008 1354
1534 4941 1651 5007 Martia·
1672 4944 1702 5004 6.

333 4870 363 4936 V

312 4956 375 5009 .s.

372 5132 411 5196 D.
435 5130 456 5196 f.
482 5130 613 5196 Sazeme
648 5131 688 5195 de
712 5131 779 5196 Vsk
802 5138 877 5198 nato
900 5134 1058 5213 quondam
1082 5131 1212 5197 Sazenae
1237 5134 1276 5197 de
1300 5134 1374 5215 Vah,
1409 5134 1559 5199 canonico
1582 5135 1744 5215 Progensi,

271 5222 379 5300 aarum
401 5241 463 5300 etc.
487 5234 646 5301 Nobilitas
669 5236 821 5319 generis.
842 5290 848 5302 .
869 5286 900 5300 ..
925 5237 1034 5318 Nuper
1057 5238 1212 5318 siquidem
1246 5238 1391 5302 volentes
1408 5239 1466 5304 tibi
1484 5238 1621 5320 graciam
1637 5237 1743 5302 faeere

273 5335 426 5414 8liciolem,
450 5338 670 5405 canonicatum
693 5340 829 5405 ecclesie
853 5341 1022 5423 Pragensis
1044 5390 1050 5404 .
1071 5393 1077 5405 .
1098 5392 1104 5403 .
1126 5390 1132 5405 .
1152 5341 1328 5422 apostoliea
1350 5342 1408 5407 tibi
1425 5343 1616 5408 auctoritate
1633 5348 1741 5406 contu·
