3944 6060
237 415 299 479 114
410 426 415 434 ’
834 409 906 463 Acta
925 406 1078 463 Innocentii
1097 407 1144 463 Vl

362 620 441 684 Ven.
466 619 503 683 fr.
525 668 558 682 ..
584 618 820 701 archiepiscopo
844 617 1024 702 [Pragensi]
1048 625 1082 682 et
1112 618 1163 682 dd.
1187 617 1221 682 ff.
1245 619 1363 684 vicario
1387 619 1456 683 eius
1471 619 1504 684 in
1521 619 1742 704 spiritualibus

234 744 270 789 ac
289 776 296 788 .
317 777 322 790 .
347 723 475 789 officiali
499 720 680 806 [Pragensi]
703 723 841 786 salutem
863 727 924 786 etc.
939 721 1030 785 hicet
1063 722 1298 787 venerabilibus
1318 722 1469 788 fratribus
1485 726 1604 790 nostris
1620 723 1742 788 archie-

234 828 372 910 piscopis
388 832 423 891 et
437 825 596 908 episcopis
610 825 731 889 indicat
753 843 913 889 sacrorum
933 826 1107 890 auctoritas
1131 844 1286 891 canonum
1304 827 1392 891 inter
1413 834 1522 893 cetera
1544 828 1742 893 visitacionis

234 931 379 1007 officium,
392 936 429 995 nt
437 930 581 995 subditos
590 930 637 995 eis
646 931 765 994 clerum
778 934 813 993 et
821 929 970 1011 populum
979 930 1124 994 reficiant
1132 931 1247 1012 pabulo
1255 931 1343 995 verbi
1355 931 1408 995 dei
1417 932 1490 996 etin
1499 933 1547 996 eis
1555 932 1743 1014 corrigenda

234 1035 402 1117 corrigant,
433 1034 589 1099 indirecta
613 1035 761 1117 dirigant,
787 1032 988 1099 reformanda
996 1033 1019 1083 ³)
1038 1033 1212 1100 reforment
1235 1041 1268 1099 et
1291 1041 1456 1100 reservata
1482 1036 1529 1100 eis
1559 1035 1743 1100 ministrent

233 1140 451 1204 ecclesiastica
493 1145 701 1222 sacramenta,
748 1139 822 1219 quia
863 1143 970 1202 tamen
1015 1145 1147 1222 propter
1182 1139 1303 1204 dierum
1338 1138 1494 1203 maliciam
1528 1145 1563 1204 et
1596 1140 1740 1221 pericula

234 1249 420 1326 temporum,
445 1261 506 1324 que
541 1243 681 1324 peccatis
715 1242 917 1325 exigentibus
948 1242 1155 1323 invalescunt,
1186 1242 1329 1307 nonnulli
1359 1260 1398 1306 ex
1432 1242 1682 1326 archiepiscopis
1705 1262 1741 1307 ac

233 1347 391 1430 episcopis
422 1347 501 1429 ipsis
543 1366 600 1428 pro
631 1348 837 1411 ecclesiarum
873 1347 1109 1412 commissarum
1144 1346 1191 1410 eis
1227 1346 1365 1411 tuicione
1403 1347 1454 1411 val
1494 1348 1740 1430 recuperacione

234 1451 349 1515 iurium
395 1450 434 1515 ab
485 1449 629 1514 ecclesiis
680 1449 759 1531 ipsis
812 1452 925 1515 abesse
972 1451 1126 1534 compulsi
1168 1456 1242 1515 sunt
1282 1456 1316 1515 et
1359 1451 1592 1532 compelluntur
1635 1451 1738 1534 inviti,

234 1555 361 1636 quidam
397 1573 471 1618 vero
506 1553 539 1617 in
574 1553 710 1635 propriis
745 1553 890 1618 ecclesiis
931 1554 1112 1619 residentes
1145 1561 1277 1636 propter
1306 1571 1447 1636 guerras,
1486 1556 1600 1636 quibus
1632 1573 1740 1621 eorum

234 1666 290 1724 aut
312 1659 414 1724 vicine
438 1658 583 1723 dioceses
607 1657 778 1740 agitantur,
802 1676 912 1724 eorum
935 1659 1082 1723 civitates
1105 1660 1194 1723 exire
1218 1657 1429 1724 formidarunt
1451 1659 1550 1723 eciam
1575 1666 1609 1723 et
1632 1657 1737 1724 formi-

234 1765 320 1845 dant,
354 1768 388 1827 et
418 1763 473 1826 alii
506 1762 601 1826 iustis
635 1760 872 1844 impedimentis
907 1763 1043 1828 diversis
1075 1760 1227 1842 aliiquebl
1250 1763 1372 1843 pariter
1401 1761 1582 1827 huiusmodi
1613 1763 1740 1828 malicia

236 1868 357 1932 dierum
382 1874 414 1932 et
437 1874 614 1949 temporum
648 1867 809 1949 prepediti
839 1867 872 1931 in
894 1867 968 1932 aliis
1001 1867 1182 1930 necessario
1217 1866 1422 1931 ecclesiarum
1446 1884 1573 1930 suarum
1598 1867 1741 1949 negociis

235 1978 440 2054 occupantur,
464 1971 646 2036 huiusmodi
669 1972 866 2037 visitacionis
890 1971 1036 2052 officium,
1059 1971 1142 2034 sicut
1163 1971 1298 2035 moleste
1314 1971 1523 2053 percepimus,
1539 1969 1606 2035 fere
1622 1972 1740 2053 ubique

235 2077 289 2142 diu
312 2077 402 2141 siluit
425 2082 521 2156 atque
544 2076 627 2141 silet.
654 2075 745 2152 Quod
768 2094 825 2140 nos
850 2076 942 2140 anxie
966 2075 1145 2158 cogitantes
1176 2094 1212 2138 ac
1236 2075 1363 2158 dignum
1388 2081 1422 2140 et
1445 2093 1618 2157 congruum
1642 2078 1740 2141 arbit·

233 2187 352 2263 rantes,
376 2187 413 2246 ut
435 2181 513 2245 dicti
537 2180 768 2263 archiepiscopi
791 2187 825 2244 et
847 2181 989 2262 episcopi
1013 2198 1110 2244 onera
1127 2180 1345 2244 incumbencia
1360 2181 1418 2257 eis,
1443 2199 1504 2262 qne
1527 2182 1587 2247 soli
1611 2189 1740 2263 portare

147 2274 151 2283 ’
232 2291 403 2368 nequeunt,
427 2284 723 2350 mandatacelestia
745 2284 931 2365 exequendo
955 2303 1025 2349 cum
1048 2284 1120 2349 aliis
1143 2284 1334 2367 parcientes,
1350 2284 1530 2351 huiusmodi
1546 2286 1741 2352 visitationis
1760 2341 1762 2343 .

232 2389 373 2455 officium
395 2389 472 2454 viris
496 2389 654 2453 timoratis
686 2396 721 2453 et
751 2389 937 2471 potentibus
972 2407 1068 2471 opere
1099 2395 1134 2454 et
1164 2406 1309 2454 sermone
1344 2390 1543 2455 committant
1566 2390 1739 2456 salubriter

232 2494 468 2576 exequendum,
493 2512 528 2558 ac
552 2511 591 2558 en
614 2494 722 2559 debito
746 2493 921 2576 apostolice
944 2494 1119 2576 servitutis,
1143 2511 1203 2574 qne
1227 2494 1340 2558 indicit
1372 2492 1578 2559 ecclesiarum
1601 2495 1740 2559 omnium

232 2599 425 2682 generaliter
453 2599 544 2664 nobis
574 2617 691 2679 curam,
723 2597 889 2680 cupientes
913 2598 959 2662 sic
982 2604 1024 2681 te,
1057 2597 1157 2664 frater
1180 2598 1430 2681 archiepiscope,
1454 2600 1518 2664 tuis
1542 2605 1575 2664 et
1598 2600 1736 2665 ecclesie

232 2711 287 2769 tue
311 2704 475 2768 imminere
499 2703 639 2786 negociis
663 2701 744 2783 aliis,
770 2703 853 2783 quod
883 2703 1017 2785 populos
1048 2708 1103 2767 tue
1134 2720 1208 2767 cure
1239 2703 1421 2769 commissos
1446 2703 1580 2768 destitui
1603 2704 1737 2786 proinde

233 2808 350 2873 auxilio
374 2807 552 2890 spiritualis
575 2807 723 2871 alimonie
746 2825 810 2872 non
833 2807 1008 2890 contingat,
1038 2807 1228 2873 discrecioni
1258 2813 1364 2872 vestre
1396 2808 1435 2873 de
1459 2807 1592 2873 fratrum
1615 2815 1739 2876 nostro·

233 2933 301 2977 rum
325 2913 456 2977 consilio
480 2912 625 2977 districte
656 2911 863 2993 precipiendo
892 2912 1089 2995 mandamus,
1119 2912 1269 2993 quatinus
1299 2929 1358 2994 per
1381 2912 1517 2992 aliquam
1540 2914 1592 2976 vel
1616 2913 1740 2995 aliquas

232 3034 399 3098 personam
436 3033 494 3079 seu
527 3034 681 3098 personas
704 3016 807 3079 zelum
842 3016 894 3080 dei
929 3017 1062 3098 eiusque
1097 3017 1220 3081 timoris
1253 3016 1409 3081 habentes
1439 3035 1498 3098 per
1519 3023 1561 3098 te,
1592 3018 1740 3099 predicte

235 3119 482 3202 archiepiscope,
514 3120 565 3183 vel
589 3127 622 3183 te
646 3139 664 3182 a
687 3119 817 3184 civitate
848 3125 882 3184 et
913 3120 1033 3185 diocesi
1056 3121 1121 3185 tuis
1145 3123 1287 3201 absente,
1312 3138 1371 3203 per
1393 3138 1458 3199 vos,
1486 3120 1541 3185 filii
1564 3122 1683 3187 vicarie
1707 3131 1742 3188 et

234 3223 387 3305 officialis,
418 3230 473 3287 aut
497 3224 632 3288 alterum
657 3229 797 3288 vestrum
821 3224 860 3288 ad
883 3225 915 3289 id
938 3226 1130 3290 auctoritate
1162 3225 1339 3307 apostolica
1369 3225 1554 3307 specialiter
1585 3226 1741 3309 deputan-

236 3331 307 3394 dam
332 3347 389 3393 seu
413 3329 512 3392 eciam
537 3329 737 3410 deputandas
761 3326 914 3393 ecclesias
937 3335 971 3393 et
992 3330 1187 3395 monasteria
1209 3329 1335 3410 aliaque
1359 3330 1429 3394 loca
1445 3330 1668 3395 ecclesiastica
1685 3350 1743 3396 nec

232 3453 294 3498 non
318 3433 468 3515 capitula,
493 3433 636 3515 collegia,
660 3438 834 3497 conventus
865 3440 899 3497 et
922 3451 1074 3514 personas
1098 3453 1206 3499 eorum
1241 3434 1401 3498 secularia
1423 3440 1457 3499 et
1478 3433 1641 3517 regularia
1665 3435 1743 3500 civi·

232 3538 312 3602 tatis
336 3546 370 3601 et
393 3537 530 3601 diocesis
554 3536 751 3621 [Pragensis]
775 3556 838 3601 non
861 3544 1018 3620 exempta,
1042 3539 1075 3602 in
1099 3539 1213 3619 quibus
1236 3539 1304 3615 tibi,
1330 3539 1570 3622 archiepiscope
1586 3540 1743 3625 predicte,

231 3641 386 3723 competit
408 3641 606 3706 visitacionis
629 3639 765 3705 officium
785 3642 824 3705 de
848 3642 1078 3707 consuetudine
1103 3644 1153 3707 vel
1177 3644 1216 3707 de
1241 3645 1318 3720 iure,
1360 3643 1460 3707 semel
1483 3650 1606 3708 tantum
1630 3647 1742 3711 statim

232 3746 370 3828 receptis
383 3746 586 3828 presentibus
609 3745 787 3827 visitantes,
811 3747 998 3829 corrigenda
1021 3747 1196 3829 corrigatis,
1223 3747 1424 3814 reformanda
1451 3747 1641 3825 reformetis,
1659 3749 1742 3817 indi-

233 3856 321 3916 recta
343 3850 490 3932 dirigatis
513 3856 555 3929 et,
573 3868 759 3931 quecunque
776 3851 1010 3916 emendacionis
1027 3852 1151 3917 sarculo
1166 3852 1310 3935 indigere
1328 3853 1549 3934 cognoveritis
1567 3853 1744 3936 diligenter

231 3961 266 4019 et
288 3955 411 4020 solicite
434 3955 619 4037 expurgetis
643 3976 679 4019 ac
702 3955 806 4019 omnia
829 3955 1039 4038 exequamini,
1063 3974 1123 4036 que
1148 3958 1187 4021 ad
1216 3957 1411 4022 visitacionis
1442 3957 1651 4022 dinoscuntur
1674 3958 1743 4024 offi-

232 4060 313 4124 cium
338 4058 509 4141 pertinere,
544 4059 584 4123 ab
611 4060 765 4141 ecclesiis,
798 4060 1008 4141 monasteriis,
1038 4061 1125 4138 locis,
1161 4061 1318 4143 capitulis,
1350 4061 1500 4143 collegiis,
1531 4063 1744 4129 conventibus

235 4170 269 4227 et
292 4164 437 4245 personis
461 4164 581 4227 eisdem
617 4164 727 4246 taliter
766 4164 904 4228 visitatis
937 4165 1180 4245 procuraciones
1215 4164 1359 4229 visitanti
1392 4165 1605 4247 personaliter
1638 4167 1742 4232 archi-

232 4269 382 4350 episcopo
416 4267 560 4333 exhiberi
594 4268 705 4333 solitas
739 4269 827 4332 iuxta
862 4268 991 4333 formam
1016 4269 1255 4333 constitucionis
1290 4286 1348 4351 per
1369 4267 1472 4332 felicis
1505 4269 1743 4338 recordacionis

233 4372 442 4436 Benedictum
477 4391 590 4455 papam
624 4372 688 4437 XII
722 4373 981 4455 predecessorem
1016 4378 1158 4437 nostrum
1193 4390 1290 4454 super
1323 4372 1382 4436 hoc
1417 4372 1504 4437 edite
1536 4373 1569 4437 in
1604 4375 1745 4455 pecunia

233 4482 400 4541 numerata
422 4476 549 4542 racione
580 4476 777 4541 visitacionis
812 4476 990 4541 huiusmodi
1017 4478 1187 4558 recepturi.
1235 4476 1279 4541 Ut
1301 4483 1407 4541 autem
1431 4494 1566 4558 persone
1589 4478 1659 4561 ipse
1683 4498 1745 4562 per

233 4598 289 4646 vos
314 4581 354 4644 ad
378 4580 595 4645 visitacionem
619 4579 808 4662 huiusmodi,
833 4586 868 4645 ut
890 4582 1095 4663 premittitur,
1112 4581 1306 4662 deputande,
1322 4580 1425 4644 minus
1448 4580 1480 4644 in
1497 4599 1535 4644 ea
1551 4583 1743 4661 exequenda

232 4689 417 4767 graventur,
439 4684 560 4749 eisdem
583 4685 729 4767 personis
752 4704 859 4763 unum,
891 4685 952 4750 duo
977 4690 1032 4749 aut
1062 4685 1154 4766 plura
1184 4685 1346 4767 ecclesias,
1385 4686 1579 4751 monasteria
1601 4691 1636 4751 et
1658 4688 1739 4753 loca.

230 4788 381 4873 capitula,
413 4795 588 4853 conventus
612 4796 645 4854 et
668 4789 802 4871 collegia
835 4782 898 4853 una
927 4796 961 4853 et
992 4790 1102 4854 eadem
1127 4789 1178 4854 die
1200 4791 1351 4855 visitandi
1375 4797 1409 4855 et
1431 4811 1450 4855 a
1473 4789 1607 4873 singulis
1630 4808 1743 4857 eorum

234 4893 409 4974 recipiendi
432 4894 674 4976 procuraciones
697 4893 840 4956 exhiberi
865 4893 986 4964 solitas,
1012 4900 1045 4956 ut
1069 4894 1265 4975 premittitur
1273 4893 1306 4972 ο),
1330 4895 1567 4977 archiepiscopo
1591 4912 1744 4976 persona·

234 4998 312 5061 liter
341 4997 495 5077 visitanti,
528 4996 626 5061 nichil
657 5004 763 5060 tamen
794 4997 833 5060 de
863 4997 935 5078 hiis,
971 5015 1031 5078 que
1062 5017 1138 5062 cura
1167 4997 1347 5063 huiusmodi
1379 4998 1575 5064 visitacionis
1607 4998 1744 5084 officii‘l)

237 5101 356 5167 debent
377 5099 460 5183 fieri,
484 5101 669 5175 omittendo,
693 5101 818 5183 plenam
851 5101 1050 5167 concedimus
1084 5107 1194 5166 tenore
1230 5105 1429 5184 presencium
1462 5107 1665 5188 potestatem,
1680 5123 1745 5171 non

232 5204 431 5270 obstantibus
450 5204 733 5270 constitucionibus
749 5258 754 5268 .
768 5255 793 5267 ..
810 5205 945 5269 ‚Nostra
958 5213 1062 5270 tamen
1075 5206 1264 5270 intensionis
1287 5207 1407 5290 existit,
1423 5207 1507 5287 quod
1529 5206 1585 5290 hii,
1609 5225 1744 5289 quorum

235 5309 406 5374 facultates
429 5309 469 5373 ad
491 5308 864 5392 integramsolucionem
888 5309 1068 5375 huiusmodi
1091 5311 1326 5393 procuracionis
1349 5311 1545 5394 supportatis
1569 5309 1642 5377 aliis
1666 5330 1741 5379 oae-
