3944 6060
230 427 299 492 292
834 423 905 477 Acta
923 420 1075 478 innocentii
1093 421 1138 477 vl.

233 635 320 700 746.
354 635 536 698 Veuceslaus
565 633 603 698 de
626 631 773 713 Smilou·)
797 632 965 715 supplicat,
998 636 1153 716 quatenus
1181 631 1242 696 sibi
1275 630 1313 696 dc
1337 629 1522 713 parochiali
1555 629 1689 697 eulesio
1710 631 1746 695 iu

232 738 371 803 Zdaaics
394 738 568 821 Prapcusis
590 737 666 803 dioc.
690 737 904 820 provideatur.
931 774 964 783 -
995 739 1091 818 „Fiat
1115 733 1154 800 (l.
1180 733 1258 800 stom
1279 734 1493 801 commissione
1514 736 1675 800 examinis
1700 735 1745 800 ad

226 846 350 925 partes.
376 841 455 907 Fial
480 843 518 907 G.
551 846 595 905 Et
616 843 682 906 siue
706 841 773 906 alia
796 840 935 905 leccioue.
968 842 1042 905 Iiat
1067 841 1105 908 (I.
1133 843 1171 905 D.
1198 839 1351 904 Auiuiouc
1392 838 1470 904 VIII
1490 838 1534 904 id.
1559 838 1689 923 Aprilis
1711 861 1745 920 a,

929 946 1045 1011 sector

1222 1085 1384 1170 Actaeae,
1410 1086 1495 1150 1358
1516 1083 1644 1168 Aprilis
1667 1085 1700 1149 6.

328 1275 359 1328 R.
379 1274 473 1345 Suppl.
502 1281 534 1328 29
553 1275 600 1327 iol.
629 1280 693 1328 102.
713 1305 745 1313 -
769 1277 793 1341 11)
813 1273 932 1328 Nomen:
950 1271 1083 1340 ,Smylou⁸
1109 1271 1136 1324 iu
1155 1272 1186 1326 u.
1205 1271 1300 1342 Suppl.
1329 1271 1453 1340 sequitur
1480 1271 1601 1341 spatium
1626 1285 1746 1325 vacuum

232 1361 367 1429 relictura,
388 1368 414 1415 ct
432 1362 459 1415 in
480 1378 563 1430 marg.
591 1361 663 1414 dext.
689 1361 745 1415 alia
763 1377 844 1414 manu
863 1359 1024 1414 adnotatur:
1049 1358 1185 1424 ,Attendq
1214 1358 1287 1427 quod
1306 1359 1396 1413 simile
1413 1364 1473 1414 erat
1500 1358 1625 1428 spacium
1644 1357 1672 1411 in
1692 1357 1747 1412 ori·

235 1448 337 1517 ginali!

237 1782 325 1847 747.
350 1778 593 1863 Arclricpiscopo
619 1779 774 1861 Prapeusi
795 1777 979 1859 plaudatur,
1010 1782 1162 1861 quatenus
1202 1775 1362 1841 Veuceslao
1385 1775 1423 1842 dc
1445 1775 1563 1841 Smiloo
1592 1777 1744 1860 paracli-

661 1881 744 1947 alrm
765 1883 927 1948 ecclesiam
949 1883 984 1946 iu
1008 1881 1145 1948 Zdauics
1170 1879 1324 1965 conserat.

324 2027 377 2161 Ξῖ
1222 2020 1385 2100 Aoiuiouc,
1409 2018 1496 2086 1358
1519 2019 1648 2104 Aprilis
1670 2020 1701 2086 6.

342 2231 420 2297 Van.
445 2230 483 2297 fr.
503 2279 537 2297 ..
569 2231 808 2314 archiepiscopo
831 2229 983 2312 Pragensi
1009 2230 1146 2296 salutern
1170 2235 1231 2295 etc.
1277 2229 1413 2312 Dignum
1444 2228 1690 2298 arbitramur..
1712 2281 1745 2296 ..

239 2336 316 2402 Cum
350 2336 459 2417 itaque
494 2335 700 2417 parrochialis
735 2335 870 2399 ecelesia
900 2335 933 2398 in
956 2334 1093 2399 Zdanicz
1127 2334 1297 2417 Progensis
1331 2333 1422 2417 dioc,
1457 2351 1551 2415 quam
1585 2334 1744 2415 quondam

239 2439 398 2505 Diuissius
423 2440 463 2503 de
486 2439 622 2503 Zdauicz
652 2438 782 2503 ultimus
805 2438 906 2522 ipsius
929 2439 1064 2503 ecclesie
1089 2443 1203 2521 rector,
1227 2439 1300 2502 dum
1323 2437 1455 2520 vireret,
1487 2438 1663 2518 obtinebat,
1686 2456 1745 2522 per

236 2544 338 2628 ipsias
361 2543 493 2608 Diuissii
517 2544 646 2626 obitum,
669 2544 722 2624 qui
737 2561 840 2626 nuper
862 2543 945 2626 apud
969 2543 1077 2607 sedern
1094 2543 1303 2625 apostolicam
1316 2542 1400 2607 diem
1423 2541 1539 2607 clausit
1554 2548 1741 2622 extremum,

238 2649 322 2731 apud
344 2647 477 2713 eandem
500 2648 609 2712 sedem
633 2648 793 2713 caecaverit
808 2653 842 2712 et
857 2665 970 2712 vacare
994 2652 1144 2713 noscatur
1168 2648 1209 2711 ad
1232 2664 1373 2729 presens,
1392 2698 1399 2713 .
1419 2698 1426 2712 .
1450 2695 1457 2710 .
1481 2697 1489 2712 .
1514 2664 1571 2712 nos
1597 2647 1744 2713 volentes

237 2770 404 2836 personam
428 2752 457 2817 d.
481 2751 502 2815 f.
527 2750 707 2816 Weuceslai
730 2751 769 2815 de
793 2750 927 2832 Smylow
951 2751 1129 2834 presbyteri
1162 2751 1247 2816 dicte
1271 2751 1341 2816 dioc
1343 2801 1459 2822 .....
1484 2749 1646 2817 favoribus
1669 2768 1744 2835 pro·

239 2856 328 2938 sequi
362 2856 522 2938 gratiosis,
552 2855 743 2922 fraternitat'
780 2862 833 2920 tue
854 2907 860 2920 .
880 2906 887 2918 .
907 2905 940 2918 ..
972 2855 1165 2934 inundemus,
1189 2860 1346 2935 quatenus
1364 2907 1371 2922 .
1391 2906 1398 2921 .
1418 2906 1451 2922 ..
1474 2854 1650 2937 predictam
1674 2874 1744 2939 par·

239 2959 409 3025 rochialem
443 2960 609 3025 ecclesiam
644 2960 689 3023 sic
728 2964 892 3024 vacantem
912 3008 918 3023 .
940 3012 945 3023 .
966 3009 999 3022 ..
1030 2958 1153 3041 prelato
1187 2959 1375 3025 Wenceslao
1410 2959 1601 3024 saturitate
1635 2965 1747 3026 nostra

241 3063 384 3130 conferre
407 3069 441 3128 et
464 3064 626 3146 assignare
650 3082 799 3147 procures
819 3115 825 3128 .
844 3113 851 3127 .
871 3113 903 3127 ..
927 3064 964 3127 l).
989 3063 1145 3129 Arsinione
1168 3062 1244 3129 Vlll
1268 3065 1309 3129 id.
1334 3064 1453 3147 Aprilis
1476 3083 1506 3129 a.
1528 3069 1631 3130 sexto.

369 3254 468 3309 Rus.
490 3251 740 3321 139l01.30e‘,ll.
760 3252 955 3307 vacesesol.
975 3258 1032 3306 226.
1070 3284 1100 3292 -
1138 3255 1178 3307 De
1206 3254 1352 3309 collatione
1381 3252 1523 3323 praedicta
1550 3253 1634 3309 etiam
1661 3254 1690 3309 iu
1715 3254 1748 3310 R.

240 3341 336 3412 Suppl.
355 3348 388 3398 28
408 3342 455 3396 iol.
475 3345 534 3395 175¹
553 3339 653 3394 mentio
672 3339 710 3393 fit.

245 3639 333 3706 748.
367 3636 521 3703 Aruestus
551 3636 803 3720 archiepiscopus
835 3635 1005 3718 llapeusis
1026 3634 1195 3720 supplicat,
1226 3659 1265 3702 ue
1292 3636 1440 3704 eccluiac
1468 3641 1498 3702 et
1522 3657 1682 3721 personae
1715 3639 1751 3705 iu

241 3748 345 3809 castro
369 3743 534 3824 Propensi
565 3741 599 3807 iu
623 3741 743 3807 Maiori
764 3761 802 3805 ac
833 3739 953 3804 Minori
974 3741 1101 3804 ciuitate
1131 3743 1295 3823 Prayeusi,
1317 3742 1352 3807 iu
1374 3740 1535 3808 Montibus
1566 3738 1679 3809 Clitus
1700 3743 1750 3808 irs·
1799 3769 1804 3778 ·

242 3847 375 3912 terdicta
398 3851 428 3910 et
449 3847 622 3911 scutmtlas
645 3845 708 3910 uisi
724 3853 857 3928 propter
887 3843 1035 3909 delictum
1057 3844 1176 3910 domiui
1197 3845 1245 3910 vel
1267 3843 1503 3913 lacumteueutis
1521 3845 1751 3930 promulpalas

812 3947 974 4013 observare
996 3951 1172 4014 tcucautur.

1229 4085 1391 4170 Aaiuioue,
1417 4088 1502 4155 1358
1524 4086 1650 4173 Aprilis
1672 4091 1706 4156 6.

374 4277 537 4361 Significat
559 4276 600 4343 S¹¹
632 4276 687 4342 Vf⁰
711 4278 844 4344 devotus
867 4283 975 4342 vester
998 4278 1154 4343 Arnestus
1179 4277 1435 4361 archiepiscopus
1459 4278 1639 4364 Pragensis,
1662 4282 1753 4362 quod

245 4402 321 4468 sepe
343 4383 478 4465 contigit
499 4388 533 4447 et
556 4382 721 4464 contingit,
753 4382 837 4462 quod
859 4381 1002 4447 nonnulli
1027 4382 1163 4464 judices,
1188 4387 1376 4448 executores
1409 4388 1443 4447 et
1465 4388 1710 4450 conservatores
1734 4404 1755 4451 a

246 4489 323 4554 sede
347 4486 522 4571 apostolica
544 4493 578 4552 et
600 4487 716 4570 legatis
739 4486 840 4569 ipsius
864 4486 1008 4567 deputati
1033 4503 1199 4569 processus
1223 4486 1348 4571 etliam]
1371 4504 1595 4569 nonnunquam
1610 4487 1755 4556 iniustos

246 4600 280 4657 et
301 4592 497 4657 inordinatos
520 4590 641 4655 faciunt
659 4596 693 4654 et
715 4588 925 4672 promulgant,
948 4589 981 4653 in
1004 4589 1117 4670 quibus
1140 4591 1225 4655 inter
1246 4598 1355 4656 cetera
1370 4591 1565 4674 generaliter
1585 4593 1756 4679 madent,

247 4696 339 4777 quod,
364 4696 396 4759 in
420 4697 657 4776 quibuscunque
688 4692 881 4775 civitatibus,
913 4693 1027 4776 opidis,
1059 4694 1153 4776 villis,
1177 4696 1291 4760 castris
1314 4696 1364 4761 uel
1388 4695 1564 4778 parrochiis
1594 4696 1646 4763 vel
1670 4698 1756 4767 locis

246 4799 302 4881 illi,
326 4808 435 4864 conua
468 4816 546 4878 quos
568 4799 689 4864 faciunt
721 4814 888 4879 processus
922 4797 1091 4880 predictos,
1125 4799 1185 4863 visi
1209 4798 1328 4864 fuerint
1351 4800 1401 4864 vel
1427 4819 1546 4866 moram
1580 4803 1755 4883 traxerint,

246 4909 391 4968 servetur
423 4903 626 4966 interdictum
649 4901 700 4967 uel
735 4907 879 4966 cessetur
901 4919 920 4964 a
942 4901 1057 4965 divinis
1092 4920 1266 4984 perunum
1300 4904 1379 4969 duos
1402 4905 1454 4969 vel
1488 4910 1555 4971 tres
1589 4905 1660 4970 dies
1696 4908 1754 4974 rel

247 5014 373 5089 tempus
396 5006 531 5088 longius,
555 5006 605 5070 vel
629 5005 722 5069 siusili
747 5006 797 5069 vel
821 5005 884 5070 alia
906 5003 1006 5068 forma
1028 5007 1204 5089 verborum,
1235 5008 1377 5088 quamvis
1402 5008 1502 5074 eciam
1520 5027 1582 5075 non
1606 5009 1675 5075 sint
1698 5011 1758 5077 do·

246 5110 760 5193 rniuivel1·ect0rescivitatum,
793 5111 965 5191 opidorum,
988 5110 1143 5194 villarum,
1178 5118 1351 5178 castrorum
1382 5113 1606 5195 predictorum,
1639 5115 1759 5198 sicque

247 5232 324 5297 sepe
348 5215 483 5279 ecclesie
514 5221 548 5279 et
570 5214 763 5280 monasteria
794 5215 912 5294 absque
936 5214 1029 5296 culpa
1051 5233 1110 5279 sua
1133 5215 1183 5279 vel
1218 5215 1414 5282 dominorum
1438 5221 1494 5281 aut
1522 5221 1685 5284 rectorum
1709 5220 1760 5288 lo·

248 5337 364 5402 corurn,
385 5319 418 5383 in
435 5317 746 5399 quibuscousistunt‚
770 5317 887 5383 debitis
910 5318 1070 5400 oloscquiis
1090 5319 1327 5404 defraudantur,
1351 5327 1385 5387 et
1406 5323 1508 5388 multa
1530 5322 1685 5390 scandula
1701 5344 1759 5392 ex·
