3944 6060
802 444 940 500 Anclreas
965 476 1004 486 -
1027 434 1169 517 Aquileia

235 649 372 706 Andreas
401 649 548 721 Johannis
579 650 665 706 Pauli
699 650 736 707 de
767 649 957 707 Torselleriis

288 756 315 793 v.
337 736 536 793 Torselleriis.

231 854 269 864 —
288 821 469 879 Bartolomei
493 822 530 880 de
554 823 665 879 Voiicz
688 845 714 880 v.
739 822 860 880 Voiicz.

233 909 415 976 Androinus,
460 910 524 970 abb.
570 919 695 966 monast.
740 908 957 978 Cluniacensis,

288 1014 375 1052 nunc.
405 996 529 1068 apostol.
558 997 638 1054 sedis
667 997 703 1053 ad
732 996 873 1053 carolum
903 996 957 1054 IV.

287 1096 351 1155 207,
373 1098 437 1139 222.

234 1169 377 1241 Angaria,
410 1169 542 1242 Engern,
574 1171 644 1227 olim
676 1171 804 1227 ducatus
834 1171 958 1228 Germa-

289 1256 370 1312 niae:
404 1257 482 1312 dux:
517 1256 674 1326 Rudolius,
709 1258 770 1313 dux
807 1257 958 1314 Saxoniae

293 1339 326 1412 (†
350 1341 438 1415 1356)
465 1340 527 1399 162.

234 1428 396 1500 ,Angicur',
421 1430 467 1502 1ο.
492 1430 529 1487 de
555 1442 599 1502 53.

233 1513 957 1590 1111311οε1011473-1ος0οῑ1Ξ111101-

288 1603 361 1658 dus
386 1602 443 1661 III.
464 1602 505 1675 ,(1
531 1603 618 1675 1377)
646 1619 710 1672 421,
732 1618 796 1672 422.
818 1636 857 1645 —
879 1603 958 1660 bel-

289 1690 369 1746 lum
397 1699 427 1747 et
455 1707 517 1760 pax
545 1708 613 1747 curn
643 1691 771 1747 Francia
800 1707 864 1759 421,
893 1706 957 1760 422,

287 1790 358 1848 473;
382 1808 421 1818 -
444 1776 627 1848 pecunia
652 1778 690 1833 ad
715 1795 862 1834 cameram
889 1795 958 1850 apo

289 1864 353 1921 stol.
376 1863 467 1919 missa
491 1861 551 1931 181,
573 1878 636 1935 323.

233 1948 419 2021 ,Angrensis'
450 1966 525 2021 eps:
558 1967 579 2006 s.
612 1949 783 2008 Dionisius:
816 1949 958 2022 reliquiae

289 2035 417 2108 0111083.

234 2123 382 2187 Anicium,
431 2122 567 2190 Podiunr,
616 2123 658 2179 Le
707 2123 780 2197 Puy,
830 2124 957 2180 Francia

294 2209 492 2282 (Aniciensis,
548 2210 585 2268 de
641 2209 773 2283 Podio):
831 2209 957 2267 eccla.

289 2297 410 2352 cath.:
435 2296 492 2359 011.
516 2312 585 2370 223;
609 2329 648 2338 —
670 2316 751 2354 can:
776 2297 883 2355 Petrus
907 2296 958 2352 Bi-

289 2385 343 2440 seti
366 2385 403 2440 de
425 2383 521 2440 Podio
542 2398 568 2457 7.

233 2471 397 2527 —Petrus
420 2469 513 2527 Biseti
536 2470 580 2538 de,
602 2489 667 2529 can.
689 2470 871 2538 Aniciensis,
893 2489 957 2528 can.

289 2573 331 2627 pr.
352 2565 381 2612 et
399 2567 477 2616 cant.
498 2558 604 2614 ecclae.
624 2556 785 2614 Vaciensis
802 2572 828 2629 7.

233 2641 331 2712 Anna,
361 2643 566 2699 Romanorum
592 2653 623 2699 et
653 2643 815 2700 Bohemiae
845 2645 957 2716 regina,

288 2744 314 2785 2.
333 2747 409 2785 uxor
428 2729 530 2786 Caroli
549 2729 602 2787 IV.
626 2729 660 2802 (†
681 2731 769 2802 1353)
792 2744 818 2802 7,
840 2744 957 2802 12-15‚

291 2831 351 2874 101.

235 2901 331 2969 Anna,
361 2903 563 2960 Rornanorum
593 2914 621 2961 et
652 2903 815 2960 Bohemiae
845 2905 957 2976 regina,

289 2999 391 3060 postea
419 2989 502 3046 Rom.
530 2989 716 3061 imperatrix,
743 3007 769 3062 3.
796 3008 874 3047 uxor
901 2987 958 3045 Ca·

290 3075 343 3131 1011
369 3075 422 3133 IV.
452 3074 486 3148 (†
512 3075 600 3148 1362)
632 3093 693 3150 143,
720 3092 781 3149 194,
805 3091 869 3150 252,
894 3092 958 3149 291,

288 3178 352 3236 123,
376 3177 440 3236 330,
464 3161 622 3236 3⁶9-371‚
646 3178 711 3236 415,
735 3178 800 3236 479,
824 3164 896 3233 480;
920 3195 959 3205 -

290 3267 453 3307 camera
490 3249 569 3306 0111οε
605 3251 764 3322 magister:
801 3248 957 3307 Conradus

289 3337 473 3408 Kempnater
498 3352 540 3410 13,
566 3353 607 3406 14.

290 3423 509 3495 capellani
540 3423 619 3481 eins:

291 3509 483 3567 Herm-annus
525 3509 657 3568 Gotlridi
699 3513 736 3567 de
778 3511 957 3583 Burgkund-

290 3598 368 3652 stadt
392 3611 457 3668 479,
481 3597 554 3667 480;

290 3683 396 3739 Petrus
420 3683 554 3740 Benessii
582 3700 648 3755 143:

290 3769 398 3825 Petrus
424 3769 549 3829 Divissii
574 3772 611 3827 de
638 3770 800 3842 Talmberg
827 3786 859 3842 13
868 3789 875 3838 ;

289 3857 444 3912 clerici
472 3856 552 3913 eius:

289 3944 427 4000 Andreas
451 3943 594 4000 Smilonis
615 3946 651 4000 de
674 3943 826 4000 Krasikov
852 3959 919 4015 143;

287 4029 440 4101 Johannes
461 4031 498 4087 de
520 4029 616 4088 Tusta
639 4044 707 4102 143;

289 4116 419 4188 Ogerius
439 4116 535 4174 Ulrici
554 4117 591 4175 de
611 4117 684 4174 Stan
706 4132 772 4187 143;

289 4203 410 4260 curia
433 4203 512 4260 eius:
540 4203 693 4274 magistri:
719 4203 896 4260 Herbordus
921 4203 958 4258 de

288 4289 432 4362 Janovicz
459 4305 500 4356 12,
530 4305 591 4364 195,
615 4289 671 4359 480
680 4309 687 4357 ;
715 4290 822 4346 Petrus
846 4289 883 4345 de
908 4290 957 4362 Ja-

289 4377 393 4434 novicz
419 4392 460 4450 13,
481 4392 527 4450 93,
547 4391 603 4450 370
611 4396 618 4445 ;
640 4411 678 4418 -
698 4377 886 4448 dispensator
907 4394 957 4432 cu-

289 4463 366 4521 riae:
391 4463 513 4521 Ulricus
537 4462 633 4522 Ulrici
659 4464 697 4519 de
721 4462 868 4520 Sulzbach
892 4475 956 4534 415.

287 4582 324 4591 -
348 4551 429 4624 dign.
455 4568 532 4623 pers.
556 4549 614 4606 ott.
642 4552 680 4607 ad
703 4549 850 4606 collat.
876 4550 957 4605 eius:

287 4637 448 4710 Johanncs,
470 4646 559 4694 natus
582 4637 730 4694 Kazimiri
751 4637 834 4694 ducis
856 4636 957 4692 Tessi·

288 4724 390 4782 nensis
413 4737 477 4796 372,
502 4738 573 4795 373;
601 4723 709 4778 Petrus
736 4722 817 4781 Pern·
844 4723 881 4778 de
906 4720 957 4792 Ja-

289 4811 393 4867 novicz
434 4824 499 4882 370,
539 4824 611 4882 371;
641 4841 681 4850 —
712 4807 957 4866 familiaris

288 4897 366 4954 eius:
387 4897 540 4969 Joliannes
561 4896 639 4954 Galli
658 4897 696 4953 de
716 4894 864 4951 Zviieticz
888 4908 957 4965 1433

285 5016 325 5025 —
341 4983 494 5040 medici
515 4983 594 5040 eius:
612 4982 766 5055 Johannes
788 4996 836 5054 13;
857 4979 957 5037 Reim-

287 5070 374 5128 botus
399 5069 565 5128 Eberhardi
596 5086 637 5142 13,
666 5084 714 5141 15;

288 5157 454 5214 notarii
478 5155 558 5215 eius:

287 5243 439 5317 Jolrannes
467 5242 621 5301 Bortlroldi
660 5241 786 5298 Zuliraz
815 5242 851 5299 dc
879 5240 955 5312 Tcy-

288 5331 383 5389 maria
407 5347 456 5402 13;

1673 440 1735 503 529

1068 651 1270 724 Marquardus
1312 651 1472 724 Sybotonis
1512 655 1547 709 de
1589 652 1737 712 Sulzbach

1064 755 1130 811 409,
1153 752 1225 811 415;

1068 825 1190 883 Ulricus
1216 825 1311 882 Ulrici
1339 825 1375 882 de
1403 825 1549 882 Sulzbach
1575 841 1639 898 370,
1665 839 1736 898 415;

1066 943 1106 952 -
1125 913 1308 969 nuncius
1329 912 1393 969 eius
1415 913 1453 969 ad
1474 913 1573 969 sedent
1596 912 1736 984 apostol:

1068 997 1262 1055 Hermannus
1282 999 1415 1057 Gotlridi
1436 1000 1472 1057 de
1491 998 1733 1071 Burgkundstadl

1011 1173 1112 1241 Anna,
1145 1191 1222 1231 uxor
1255 1172 1413 1244 Henselini
1456 1174 1667 1230 Beneschauer
1709 1193 1737 1230 v.

1069 1259 1287 1317 Benescliauer.

1010 1377 1049 1386 —
1069 1345 1181 1401 Peslini
1213 1345 1352 1402 Harrerii
1382 1367 1409 1402 v.
1440 1346 1588 1403 Harrerii.

1009 1463 1049 1472 —
1068 1449 1146 1487 uxor
1174 1432 1275 1488 Vacae
1303 1432 1339 1488 dc
1366 1431 1564 1488 Libochovicz
1592 1453 1620 1489 v.
1649 1431 1738 1488 Libo-

1068 1517 1200 1574 chovicz.
1396 1592 1398 1596 ι

1009 1635 1049 1645 -
1068 1622 1145 1661 uxor
1168 1605 1294 1660 Henrici
1316 1607 1351 1661 (10
1374 1605 1449 1677 Lipa't
1471 1626 1498 1662 v.
1519 1605 1603 1676 Lipa.

1010 1723 1049 1731 —
1069 1709 1146 1747 uoror
1180 1691 1318 1747 Wolilini
1353 1691 1524 1748 Meinhardi
1568 1712 1594 1748 v.
1638 1691 1736 1748 Mein-

1068 1777 1163 1835 hardi,

1009 1896 1049 1905 —
1068 1882 1145 1921 uxor
1168 1865 1313 1937 Jonannis
1339 1867 1373 1921 de
1399 1865 1525 1921 Namksl
1551 1886 1576 1923 v.
1602 1865 1737 1922 Namesl.

1010 1983 1048 1990 -
1067 1970 1114 2023 qu.
1138 1969 1215 2007 uxor
1238 1951 1384 2023 Johannis
1410 1953 1482 2007 Rost
1507 1972 1533 2008 v.
1559 1953 1640 2010 Rost.

1009 2070 1048 2078 —
1067 2026 1282 2096 nata'Nicolai
1309 2039 1381 2094 Rost
1406 2060 1432 2094 v.
1459 2039 1541 2094 Rost.

1011 2125 1109 2192 Anna,
1130 2125 1279 2180 abbatissa
1300 2136 1425 2185 monast.
1448 2123 1640 2183 Strelinensis
1660 2123 1739 2182 Vra·

1069 2211 1251 2268 tislaviensis
1273 2212 1358 2280 dioc,
1382 2230 1467 2269 soror
1488 2211 1645 2280 Bernardi,
1669 2211 1738 2268 Bol-

1068 2297 1162 2364 kotnis,
1189 2298 1324 2365 Henrici,
1351 2299 1461 2354 ducum·
1487 2297 1613 2355 Silesiae
1635 2298 1700 2366 461.

1010 2413 1049 2422 —
1068 2399 1145 2438 111101
1166 2384 1301 2440 Benessii
1323 2385 1359 2441 de
1380 2380 1581 2458 Wartenberg
1601 2405 1628 2441 v.
1650 2379 1738 2439 War-
1855 2395 1858 2402 ’

1068 2470 1200 2543 turberg.

1010 2590 1048 2597 -
1070 2557 1187 2613 Nioolai
1219 2558 1366 2629 Wirzingi
1398 2578 1424 2614 v.
1456 2557 1615 2629 Wirzingi

1011 2644 1119 2702 Annae
1157 2663 1179 2701 s.
1207 2645 1301 2699 altare
1339 2645 1370 2699 in·
1398 2644 1486 2700 eccla.
1526 2643 1671 2716 Pragensi
1711 2663 1737 2699 ν.

1069 2729 1176 2802 Praga.

1011 2817 1156 2889 Anargia,
1184 2835 1261 2872 111101
1289 2817 1448 2874 Vanleonisv
1474 2817 1509 2873 de
1537 2807 1739 2890 Wartenbeig

1068 2922 1095 2959 v.
1123 2903 1162 2959 W
1165 2903 1332 2976 artenberg.

1011 2989 1162 3057 Ansbach,
1203 2989 1336 3046 Bavaria
1369 2990 1608 3063 (Onoltspech):
1645 2988 1738 3047 eccla.

1068 3076 1171 3149 colleg.
1190 3095 1210 3135 S.
1228 3076 1383 3148 Gumperti
1401 3076 1629 3149 Herbipolensis
1646 3075 1738 3135 dioc:

1069 3182 1132 3219 can.
1158 3182 1224 3235 exp.
1250 3182 1292 3236 pr.
1318 3163 1398 3237 dign.
1424 3182 1500 3235 pers.
1526 3163 1598 3220 oli:
1626 3162 1738 3220 Henri·

1067 3269 1123 3307 cus
1146 3249 1280 3307 Gotiridi
1306 3251 1342 3307 de
1368 3250 1569 3322 Norirnberga
1593 3266 1657 3324 429.

1011 3336 1186 3392 Anthonius
1209 3355 1235 3392 v.
1263 3337 1421 3392 Antonius.

1011 3424 1183 3490 Antiochia,
1216 3424 1291 3479 Asia
1324 3422 1426 3479 Minor
1464 3421 1737 3495 (Anch·iocensis):

1067 3511 1157 3568 eccla.
1185 3525 1245 3582 139.

1012 3598 1150 3668 Antiqua
1182 3596 1353 3653 Boleslavia
1384 3614 1411 3650 v.
1446 3594 1617 3651 Boleslavia
1649 3594 1737 3651 Anti-

1068 3701 1133 3755 qua.

1011 3769 1145 3842 Antiqua
1170 3768 1275 3825 Pilzna
1299 3789 1324 3824 v.
1351 3768 1455 3824 Pilzna
1479 3768 1620 3839 Antiqua.

1011 3856 1137 3912 Antonii
1172 3855 1354 3927 (Anthonii)
1389 3855 1425 3911 de
1456 3843 1629 3926 Zernoseky
1659 3852 1737 3910 Con-

1047 3943 1139 3998 radus
1164 3962 1191 3998 v.
1217 3930 1397 4014 Zernoseky.

1011 4028 1162 4084 Antonius
1193 4027 1365 4100 Malabayla
1395 4047 1421 4082 v.
1454 4025 1633 4099 Malabayla.

1011 4114 1203 4186 Apacrllronis
1236 4116 1273 4170 de
1304 4112 1556 4175 Haoelscnwerot
1589 4112 1736 4169 1101111101-

1068 4201 1124 4257 dus
1148 4222 1174 4259 v.
1201 4200 1458 4256 Habelschwanlt.

1011 4288 1196 4359 Apollinaris
1226 4306 1247 4343 s.
1276 4288 1364 4344 eccla.
1395 4288 1429 4343 de
1460 4286 1577 4342 Sadslra
1605 4307 1631 4342 v.
1663 4284 1737 4342 Sad-

1068 4373 1129 4432 ska.

1011 4462 1101 4533 Apta,
1143 4462 1213 4533 Apt,
1258 4460 1386 4515 Francia
1432 4457 1631 4530 (Aptensis):
1675 4474 1736 4529 eps.

1066 4563 1137 4616 204;
1155 4579 1193 4588 -
1210 4546 1281 4618 cpi:
1302 4545 1488 4601 Bertrandus
1511 4542 1732 4615 (1348-1358)

1069 4633 1129 4701 116,
1154 4649 1215 4705 117,
1240 4632 1299 4700 168,
1325 4632 1385 4703 169,
1409 4646 1469 4703 174.

1010 4721 1115 4794 Aquae
1139 4741 1165 4777 v.
1190 4719 1424 4792 Aquisgranurn.

1010 4808 1117 4881 Aquae
1141 4808 1306 4879 Augustae,
1333 4805 1412 4872 Dax,
1439 4805 1566 4861 Fnancia
1598 4802 1737 4877 (Aquen-

1067 4893 1145 4965 sis):
1192 4892 1281 4948 eccla.
1328 4891 1501 4963 provinciae
1546 4890 1736 4948 Auxitanae:

1066 4981 1131 5037 ben.
1153 5000 1176 5036 c.
1197 5000 1223 5035 v.
1245 4998 1266 5035 s
1288 4998 1311 5035 c.
1332 4980 1370 5035 ad
1391 4978 1488 5034 collat.
1509 4977 1581 5049 epi:
1603 4976 1736 5050 Pelegri-

1066 5085 1122 5123 nus
1146 5067 1181 5123 de
1206 5065 1374 5122 Maloleone
1402 5081 1461 5136 134.

1008 5153 1157 5226 Aquileia,
1199 5151 1321 5208 Goricia
1367 5146 1632 5223 (Aquilegensis):
1674 5165 1736 5220 pa-

1067 5239 1306 5294 triarchae:
1335 5237 1481 5294 Nicolaus
1510 5230 1731 5308 (1350—1358)

1068 5325 1129 5399 138,
1149 5340 1209 5397 139,
1229 5341 1290 5394 141,
1309 5339 1370 5394 142,
1385 5338 1449 5396 332,
1467 5337 1536 5396 5245
1552 5354 1591 5364 -
1607 5323 1696 5379 eccl
1709 5337 1735 5381 a.

1631 5422 1665 5469 ³4
