3944 6060
210 362 275 427 260
812 358 883 412 Acta
899 356 1055 412 Innocentii
1073 357 1119 411 Vl.

210 569 299 636 662.
327 567 567 644 Theodericum)
590 567 692 632 dnlns
713 569 817 649 Beyer
838 571 949 632 cantor
964 565 1111 631 ecclesiae
1125 568 1345 648 Mopanlinac,
1368 569 1504 632 mancias
1528 566 1637 634 Caroli
1659 569 1718 634 Ro·

209 692 374 738 manorum
403 672 606 755 imperatoris
634 671 679 737 od
705 671 809 738 sedem
840 670 1046 754 apostolicam
1068 670 1253 754 destinatas,
1276 670 1444 762 supplicat,
1479 676 1635 756 quatenns
1658 668 1721 737 XX

205 777 353 860 personis
374 777 409 840 in
430 774 624 842 camaleria
638 775 841 841 nominandis
863 775 1076 860 indnlpeatnr,
1099 780 1136 839 at
1157 780 1318 855 confessor
1340 795 1446 840 eoram
1461 775 1496 840 in
1509 777 1622 840 mortis
1637 777 1716 841 arti·

211 883 278 946 culo
288 879 420 965 plenam
435 880 573 944 omnium
584 884 785 962 peccatoram
800 880 1015 946 remissionem
1029 880 1075 946 eis
1090 880 1251 945 concedere
1261 881 1374 963 possit.
1391 917 1432 926 -
1450 878 1547 962 „liat
1561 879 1599 945 dc
1613 878 1716 946 decem

561 984 600 1050 G.
625 986 667 1049 D.
691 983 849 1051 Aninione
878 985 967 1049 Vid.
990 985 1177 1049 Novembris
1200 1005 1229 1049 a.
1253 984 1370 1065 quinto.

1136 1121 1299 1199 Acinione,
1323 1120 1408 1185 1357
1432 1121 1618 1187 Novembris
1639 1120 1671 1186 9.

341 1314 373 1368 R.
391 1312 484 1382 Sappl.
503 1318 537 1366 at
557 1311 603 1367 fol.
623 1317 690 1366 267¹.
710 1340 743 1349 -
758 1317 780 1376 ¹)
800 1308 985 1373 ‚Thecdricus‘
1003 1309 1098 1379 Sappl.
1118 1341 1151 1349 —
1170 1309 1225 1364 Sub
1238 1310 1332 1364 codem
1345 1309 1410 1364 dato
1428 1310 1455 1364 in
1468 1309 1516 1365 iol.
1529 1316 1580 1366 268
1593 1310 1716 1365 eiusdem

210 1400 319 1471 registri
337 1400 472 1468 reperitur
490 1397 656 1469 supplicatio
675 1396 792 1466 praefati
810 1395 981 1464 Theoderici,
1000 1403 1031 1451 ut
1042 1396 1121 1450 trani
1139 1412 1189 1450 suo
1202 1395 1362 1467 Reynbcldc
1375 1397 1409 1452 de
1421 1397 1583 1452 canonicatu
1596 1403 1625 1452 et
1637 1413 1716 1466 prae·

209 1487 299 1544 benda
317 1487 449 1543 ecclesiae
468 1503 487 1542 s.
508 1485 636 1541 Andreae
655 1482 867 1539 wormatiensis
885 1483 1071 1554 provideatur.
1093 1483 1170 1552 ,Fiat
1187 1484 1234 1538 G.‘⁴
1255 1483 1332 1538 Ocni.
1352 1500 1391 1538 nr.
1411 1490 1470 1538 641.

210 1893 302 1959 663.
327 1893 419 1955 Petro
442 1889 479 1955 de
504 1887 631 1955 Colonia
652 1886 715 1953 cici
739 1886 894 1968 Propensi
915 1884 1104 1967 indnlpelnr,
1126 1891 1163 1950 nt
1184 1892 1345 1967 confessor
1366 1886 1433 1952 eins
1454 1888 1489 1951 in
1511 1887 1622 1952 incertis
1636 1885 1714 1951 orti-

209 1997 277 2062 cnlo
295 1995 426 2078 plenam
448 1993 585 2057 omninm
603 1996 805 2076 peccatoram
820 1990 1032 2055 remissionem
1054 1992 1083 2056 el
1098 1992 1263 2056 concedere
1273 1992 1385 2071 possit.
1412 1992 1595 2069 ,Prooenil“
1620 1989 1714 2068 ,Ani-

645 2096 735 2161 nionc
767 2095 854 2159 Vid.
879 2095 1064 2161 Novembris
1087 2117 1118 2160 a.
1141 2096 1276 2179 qnint0.“

1138 2235 1300 2313 Acinione,
1327 2235 1410 2300 1357
1434 2233 1619 2299 Novembris
1640 2235 1671 2300 9.

340 2427 371 2481 R.
391 2428 442 2480 Ar.
462 2430 512 2480 1³5
530 2423 577 2479 fol.
598 2429 668 2480 352¹.

209 2833 298 2898 664.
325 2830 458 2896 Carolus
481 2831 695 2894 Romanorum
717 2824 890 2907 imperator
911 2831 940 2890 et
963 2826 1134 2892 Bolemiac
1147 2847 1206 2891 rec
1220 2825 1389 2908 supplicat,
1412 2830 1565 2910 quatenns
1581 2823 1716 2892 Nicolao

209 2935 392 3018 iurisperito
415 2934 452 2999 de
475 2932 623 3011 tremsir,
645 2930 755 2995 dilecto
772 2932 989 3012 protonotario
1011 2937 1041 2997 et
1062 2931 1230 2996 secretario
1251 2950 1306 2994 sno
1324 2930 1506 3013 praebenda
1523 2952 1583 3014 per
1598 2929 1716 2995 obitum

212 3040 390 3104 Hermanni
411 3039 523 3104 medici
554 3039 589 3103 in
609 3035 739 3102 ecclesia
765 3033 963 3099 Olomncensi
995 3057 1113 3101 cacans
1143 3039 1337 3118 conseratur,
1372 3034 1595 3099 nonobstante
1624 3038 1659 3098 nt
1682 3035 1717 3099 in

211 3164 260 3210 nr.
283 3143 356 3209 665.
382 3181 420 3189 —
449 3144 540 3226 ,Fial
566 3141 605 3207 G.
639 3141 684 3203 Et
705 3139 773 3204 sine
794 3137 863 3203 alia
884 3139 1025 3204 leccione.
1061 3142 1136 3204 liat
1160 3136 1199 3203 G.
1231 3139 1273 3202 D.
1297 3136 1453 3203 Aninione
1474 3135 1547 3203 ΧΠ
1562 3136 1626 3204 lral.
1654 3140 1717 3205 De·

790 3241 919 3308 cambris
942 3267 972 3308 a.
996 3245 1134 3328 quinto.“

1117 3394 1280 3472 Acinione,
1304 3394 1390 3458 1357
1412 3392 1595 3458 Namare
1616 3395 1672 3458 20.

342 3579 372 3633 R.
392 3579 488 3649 Sappl.
506 3585 538 3633 27
558 3579 604 3634 iol.
624 3586 694 3635 270⁶.
714 3610 744 3620 -
766 3582 842 3636 Cani.
861 3598 902 3636 nr.
921 3587 981 3636 655.

860 3797 1061 3804 ——--.-·

327 3981 415 4047 666.
440 3980 573 4045 Nicolao
596 3982 633 4046 de
655 3979 796 4047 Cremsir
819 3987 982 4063 consertor
1000 3983 1184 4066 praebenda
1205 3984 1352 4049 ecclcsiae
1376 3983 1599 4052 Olomncensis.

243 4101 332 4221 ᾗ-
355 4210 360 4221 .
1119 4122 1280 4205 Acinione,
1304 4123 1387 4186 1357
1410 4123 1597 4188 Novembris
1619 4125 1674 4190 20.

342 4311 379 4374 D.
404 4309 423 4374 f.
458 4310 589 4375 Nicolao
620 4310 659 4373 de
684 4311 823 4375 Cremsir
857 4313 1007 4378 canonico
1038 4313 1240 4378 olomucensi
1274 4315 1409 4378 salutem
1440 4321 1500 4379 et.
1536 4315 1718 4381 Literarum

212 4415 375 4478 sciencia.
396 4467 402 4479 .
423 4464 430 4478 .
451 4466 457 4479 .
482 4415 607 4478 Dudum
631 4414 787 4494 siqnidem
810 4415 1015 4480 intemlentes
1039 4419 1078 4480 de
1102 4418 1264 4482 beneficiis
1280 4419 1517 4496 ecclesiasticis,
1541 4437 1602 4500 que
1619 4439 1718 4502 quon·

212 4519 282 4583 dam
306 4519 509 4584 Hermannas
532 4520 647 4584 medici
671 4520 856 4584 scolasticus
879 4521 1014 4586 ecclesie
1038 4521 1258 4587 Olcmuccasis
1281 4529 1356 4586 tunc
1373 4523 1524 4605 temporis
1540 4525 1717 4608 obtinebat,

211 4641 280 4686 carn
305 4623 359 4685 illa
384 4641 495 4685 vacare
519 4623 727 4705 contingeret,
751 4641 809 4705 per
832 4624 1005 4704 apostolice
1029 4625 1115 4690 sedis
1137 4626 1371 4707 providenciam
1388 4627 1537 4705 ordinari,
1561 4628 1719 4695 beneficia

211 4727 289 4808 ipsa,
313 4726 386 4790 (irim
410 4726 513 4790 adhuc
536 4727 619 4791 idem
643 4727 843 4792 Hermanmrs
867 4735 979 4809 ageret
1001 4729 1204 4809 inhumanis,
1228 4732 1379 4797 videlicet
1396 4730 1422 4794 X
1439 4732 1501 4797 kal.
1519 4731 1718 4815 Septembris

211 4831 416 4913 pontificatus
450 4831 551 4895 nostri
583 4851 609 4895 a.
635 4832 812 4911 secando,¹)
847 4833 1014 4896 dummodo
1045 4834 1210 4898 scolastria
1233 4836 1368 4900 ecclesie
1399 4837 1543 4918 predicte
1566 4837 1717 4921 dignitas,

212 4941 402 5016 personatus
427 4952 483 4997 sea
507 4932 644 5004 officiam
662 4937 825 5018 existeret,
850 4936 1014 5000 collationi
1029 4942 1062 5000 et
1079 4921 1283 5018 disposicioni
1307 4947 1414 5005 nostre
1431 4959 1470 5004 ea
1485 4942 1553 5006 vice
1569 4942 1718 5007 duximus

102 5049 105 5055 '
212 5038 397 5121 specialiter
419 5040 611 5102 reservanda
761 5040 838 5104 [iarn
863 5042 969 5119 itaque
1000 5043 1198 5121 postmodum
1229 5044 1390 5124 prebenda
1420 5045 1556 5110 ecclesie
1588 5045 1716 5113 Olomu-

212 5143 316 5217 censis
339 5143 492 5226 predicte,
517 5161 608 5222 qrram
633 5144 736 5209 dictas
760 5145 961 5208 Hermanncs
985 5164 1053 5208 cam
1078 5146 1163 5210 dicta
1186 5148 1360 5231 scolastria,
1390 5167 1451 5230 que
1475 5148 1508 5214 in
1530 5150 1643 5215 eedem
1667 5168 1716 5216 ec·

211 5246 309 5311 clesia
332 5245 467 5311 osticium
492 5248 611 5328 existit,
635 5254 777 5331 tempore
801 5248 1031 5314 reservacionis
1047 5249 1226 5335 huiusmodi
1245 5252 1417 5333 obtinebat,
1440 5272 1498 5336 per
1513 5254 1615 5338 ipsius
1631 5254 1716 5322 Her·
