3944 6060
232 438 296 504 302
762 411 767 418 ’
837 437 907 490 Acta
925 435 1076 490 Innocentii
1093 436 1139 490 vl.

232 645 310 722 dori,
334 648 386 729 qui
411 646 544 709 eandem
569 645 742 710 cantoriam
766 645 939 727 obtinebat,
962 645 1196 727 possessionem
1219 643 1495 710 archidiaconatus
1511 645 1744 711 Horsouiensis

231 749 263 812 in
286 750 423 813 ecclesia
446 750 608 831 Pragensi,
633 749 685 829 qni
717 749 817 813 eciam
841 749 980 831 dignitas
1002 756 1062 827 ost,
1079 749 1186 830 vigore
1211 749 1390 813 litterarum
1414 747 1470 813 8¹¹⁸
1493 748 1547 814 Vre
1569 754 1620 813 est
1643 750 1744 831 edep-

232 854 321 935 tus,¹)
350 855 451 918 eciam
486 854 513 918 si
547 854 658 918 eadem
693 853 835 919 carituris
869 853 948 916 alias
983 852 1188 934 disposicioni
1225 853 1399 934 apostolice
1434 854 1477 917 sit
1498 858 1666 918 resumam
1689 852 1744 916 vel

232 958 294 1022 alio
318 958 543 1038 quovismodo
568 965 668 1040 vacet,
700 957 871 1039 dignemini
902 957 1079 1039 providere,
1114 976 1183 1021 cum
1214 957 1499 1022 nonobstantibus
1529 962 1564 1021 et
1586 956 1744 1021 clausulis

231 1063 396 1145 oportunis
419 1071 454 1127 et
468 1062 700 1128 executoribus.

360 1167 433 1231 Fiat
463 1167 498 1231 G.
530 1165 605 1231 Sine
630 1166 694 1231 alia
715 1166 866 1231 leccione.
903 1166 974 1230 Fiat
1006 1166 1043 1231 G.
1067 1167 1105 1229 D.
1130 1166 1287 1230 Aninione
1312 1166 1355 1230 VI
1377 1166 1419 1231 id.
1440 1165 1559 1248 Aprilis
1582 1184 1610 1230 a
1635 1172 1743 1231 sexto.

361 1354 395 1410 R.
412 1354 507 1424 Suppl.
526 1361 559 1409 29
579 1354 624 1409 tol.
649 1359 703 1408 107.
723 1385 756 1394 -
777 1356 797 1423 ¹)
817 1354 893 1410 Cant.
912 1371 952 1410 nr.
970 1361 1028 1409 718.

235 1652 321 1719 768.
359 1652 432 1716 Otto
458 1654 571 1730 frater
603 1652 742 1734 episcopi
773 1651 945 1718 Gnrcensis
974 1653 1144 1735 supplicat,
1179 1655 1332 1732 qnatenus
1353 1650 1574 1734 infrascriptis
1592 1652 1748 1735 personis

484 1754 628 1820 diversae
648 1757 776 1841 pratiae
798 1758 833 1820 in
855 1759 984 1823 eccbsia
1018 1756 1254 1821 l'ratisiaoiensi
1276 1756 1493 1821 comedantur.

1224 1894 1386 1978 Asinium,
1408 1895 1494 1959 1358
1517 1892 1644 1977 Aprilis
1666 1896 1698 1958 8.

363 2085 528 2169 Supplicat
550 2087 590 2152 gu
618 2089 672 2152 Vre
705 2089 839 2153 devotus
873 2093 982 2152 vester
1013 2087 1090 2151 Otto
1120 2086 1221 2151 frater
1245 2104 1413 2169 germanus
1433 2137 1439 2152 .
1459 2137 1466 2150 .
1490 2085 1633 2168 episcopi
1658 2085 1745 2151 Gur-

233 2191 345 2268 censis‚
380 2191 472 2255 miles
506 2190 725 2258 Olomucensis
759 2193 847 2270 dioc,
883 2197 1040 2272 quatenus
1071 2191 1130 2255 sibi
1165 2191 1198 2254 in
1232 2209 1399 2273 personam
1434 2190 1542 2255 dilecti
1572 2190 1667 2255 amici
1691 2191 1746 2255 sui

233 2294 378 2358 l'lmanni
400 2295 593 2378 subdiaconi,
617 2298 684 2361 nati
709 2297 864 2377 qnondam
882 2295 1020 2360 Conradi
1042 2295 1119 2360 dieti
1136 2293 1295 2359 Scbozcbe
1320 2294 1430 2359 militis
1447 2294 1532 2359 dicte
1556 2293 1646 2377 dioc,
1669 2313 1745 2378 spe-

233 2400 345 2463 cialem
380 2400 517 2481 graciam
549 2400 713 2473 iacientes,
749 2394 852 2464 ei'dem
883 2400 1038 2464 Vlmanno
1061 2399 1100 2463 de
1125 2399 1312 2463 canonicatu
1336 2399 1394 2463 sub
1417 2398 1644 2480 expectacione
1669 2418 1745 2481 pre·

235 2503 337 2567 bende
361 2502 496 2566 ecclesie
528 2503 801 2570 Wratislaniensis
829 2510 962 2569 vacante
994 2523 1051 2567 sen
1074 2502 1215 2585 proxime
1240 2510 1389 2567 rrrcatnro
1412 2522 1483 2567 cnm
1505 2503 1746 2587 acceptatione,

232 2605 433 2687 inhibicione,
468 2608 596 2672 decreto
620 2614 654 2672 et
684 2608 826 2673 clausula
855 2607 1009 2672 anteferri
1039 2607 1211 2689 dignemini
1234 2607 1412 2688 providere,
1436 2627 1505 2672 cum
1529 2626 1591 2673 non
1613 2609 1748 2674 obstan-

233 2710 318 2776 tibus
341 2716 376 2774 ot
398 2712 550 2777 clausulis
573 2713 737 2795 oportunis
761 2718 795 2777 et
817 2713 1056 2793 executoribus,
1087 2712 1138 2776 vel
1160 2712 1194 2775 in
1217 2710 1354 2776 ecclesia
1377 2710 1589 2776 Olomucensi.

363 2814 435 2880 Fiet
458 2816 496 2882 G.

361 2921 442 2985 ltem
466 2926 622 3002 quatenns
645 2922 705 2986 sibi
729 2923 761 2985 in
784 2940 951 3003 personam
975 2921 1084 2986 dilecti
1107 2923 1156 2986 sni
1180 2920 1337 3004 capellani
1360 2921 1580 2987 commensalis
1614 2920 1747 2987 Nicolai

232 3023 290 3090 tilii
313 3025 470 3106 qnondam
494 3024 662 3090 Seduscbii
685 3027 724 3089 de
748 3025 851 3090 Perua
874 3026 1068 3107 Glogowia·)
1092 3027 1272 3109 presbyteri
1296 3025 1570 3091 Wratislaniensis
1592 3025 1676 3092 dioc.
1700 3029 1747 3092 si·

232 3129 338 3194 milem
362 3130 499 3212 graciam
523 3129 687 3212 iacientes,
711 3131 897 3194 beneficium
921 3130 1171 3196 ecclesiasticum
1185 3149 1255 3194 cnm
1278 3149 1354 3194 cura
1377 3132 1428 3195 rel
1450 3131 1519 3195 sine
1542 3149 1627 3209 cura,
1652 3149 1747 3214 spec-

232 3240 304 3298 tans
320 3235 361 3299 ad
380 3235 584 3300 collacionem
603 3284 610 3299 .
631 3286 637 3300 .
657 3284 691 3299 ..
717 3235 857 3317 episcopi
883 3235 1164 3313 Wratislauiensis,
1188 3236 1215 3300 si
1238 3236 1321 3317 quod
1344 3241 1437 3300 vacat
1459 3236 1498 3300 ad
1521 3252 1667 3320 presens,
1691 3237 1749 3302 vel

232 3356 302 3402 cum
315 3340 484 3421 vacaverit,
498 3341 600 3404 eidem
616 3340 745 3405 Nicolao
762 3339 985 3405 conferendum
1002 3339 1168 3405 donaciani
1183 3341 1357 3422 apostolice
1374 3340 1547 3422 dignemini
1561 3357 1748 3428 reservare,

233 3463 302 3508 aum
333 3445 567 3526 acceptacione,
599 3446 801 3527 inhibicione,
832 3446 963 3511 decreto
996 3450 1030 3508 et
1052 3446 1195 3510 clausula
1217 3445 1370 3510 anteferri
1394 3464 1430 3510 ac
1453 3463 1515 3510 non
1538 3446 1749 3512 obstantibus

234 3554 268 3613 et
291 3549 444 3615 clausulis
468 3550 634 3632 oportunis
657 3555 691 3615 et
714 3549 946 3615 executoribus

366 3653 489 3718 FiatG
491 3702 1748 3722 ..............................

361 3759 405 3823 Et
427 3761 510 3839 quod
534 3765 678 3823 transeat
712 3759 780 3822 sine
805 3758 867 3821 alia
889 3757 1040 3822 leccione.
1065 3757 1138 3822 Fiat
1160 3757 1197 3822 G.
1237 3760 1276 3824 D.
1301 3757 1456 3824 Arinionc
1487 3757 1530 3821 VI
1564 3757 1597 3822 id
1620 3758 1749 3840 Aprilis

233 3883 260 3926 a.
285 3868 385 3928 serto.

364 4050 395 4104 R.
415 4051 509 4119 Snppl
530 4057 562 4106 29
582 4052 628 4105 fol.
649 4058 705 4104 111.
725 4083 757 4093 -
775 4057 800 4118 ³)
819 4053 977 4106 Correctnm
996 4067 1041 4106 ex:
1062 4052 1225 4121 ‚Glogorria‘
1244 4052 1338 4121 Suppl.

233 4331 329 4399 769.
348 4331 481 4395 Nicoiao
511 4331 674 4396 Seduscbii
704 4333 742 4396 de
772 4333 880 4397 Paroa
913 4331 1062 4413 Glopooia
1091 4336 1272 4397 reservatur
1294 4333 1472 4415 beneficium
1494 4333 1749 4401 ecclesiasticum

230 4456 300 4500 cum
322 4436 369 4500 oei
391 4438 459 4500 sine
481 4457 571 4514 curo,
596 4439 684 4500 cuias
703 4441 834 4517 ,recres
859 4437 904 4502 25
927 4457 1006 4520 resp.
1031 4439 1073 4501 18
1096 4457 1280 4501 marcarum
1303 4438 1426 4520 arpenti
1447 4438 1614 4503 secandum
1645 4444 1749 4506 taxa·

230 4542 344 4604 tionem
374 4541 512 4605 decimae
542 4542 679 4606 vaterem
702 4562 842 4605 annuum
872 4562 934 4606 non
957 4543 1118 4626 excedant,
1149 4542 1192 4606 ud
1222 4543 1360 4625 episcopi
1392 4541 1647 4609 Vrutislaoicnsis
1677 4545 1749 4609 col-

231 4643 380 4708 lationem
400 4645 571 4725 pertinens,
594 4645 624 4708 si
640 4649 734 4709 cacat
749 4645 795 4709 uel
811 4666 881 4710 cum
903 4647 1072 4710 vacaverit.
1101 4645 1295 4720 ,Probitotis
1318 4651 1347 4709 et
1369 4646 1538 4710 cirtutnm“
1568 4647 1750 4727 ,Anirrione

240 4750 280 4812 l'l
302 4750 343 4817 id.
369 4748 494 4831 Aprilis
511 4771 539 4812 a.
554 4754 651 4814 sento.
675 4786 717 4795 -
744 4753 818 4815 Ine.
832 4772 872 4816 m.
897 4751 934 4815 de
957 4750 1112 4830 Later)
1137 4749 1392 4814 Vratisiariensis
1416 4751 1493 4816 dioc.
1516 4755 1547 4816 et
1568 4752 1596 4818 b.
1612 4754 1751 4820 Mance

241 4853 377 4935 l'irpinis
406 4856 440 4917 in
469 4854 577 4918 Arena
608 4858 700 4918 antra
730 4875 835 4917 rnaros
866 4854 1127 4919 l'ratislaoienscs
1158 4855 1418 4919 monasteriorum
1442 4853 1607 4920 abbatibus
1630 4876 1669 4920 ac
1691 4857 1748 4922 de·

631 4977 709 5022 cano
732 4958 877 5023 ecclesiae
900 4981 924 5022 s.
949 4957 1091 5039 Apricoti
1113 4959 1348 5024 Aninionensis.

317 5113 321 5173 Ι
351 5079 355 5143 Ι
1224 5099 1388 5175 Acinione,
1414 5099 1497 5164 1358
1519 5097 1645 5182 Aprilis
1667 5103 1700 5168 8.

288 5221 294 5235 ·
362 5269 393 5322 n.
414 5271 463 5322 Aa.
484 5273 533 5322 139
551 5267 599 5324 ror.
617 5273 685 5324 411¹.
705 5299 738 5309 -
758 5274 782 5334 ³)
802 5268 920 5339 ,Loubis‘
939 5271 988 5324 Ar.
