3944 6060
232 510 296 575 268
831 506 901 559 Acta
922 502 1076 558 luuocentii
1091 504 1138 558 Vl.

231 717 271 781 ad
308 716 445 799 graciam
468 716 496 779 b.
528 713 668 796 Virginis
697 719 923 796 nuncripatuur,
958 713 1155 778 dominorum
1188 713 1390 796 imperatoris
1426 719 1461 779 et
1503 711 1738 796 archiepiscopi

230 821 402 903 Prugensis
425 821 465 885 ad
488 819 547 883 hoc
581 819 816 882 interveniente
850 835 1015 883 consensu.
1062 816 1167 894 Quare
1191 817 1354 882 humiliter
1387 818 1557 901 supplicat,
1580 822 1740 899 quatenus

230 924 460 1006 fundaciouem,
482 923 754 989 construoeionem
778 927 812 986 et
828 921 1027 988 dotationem
1050 921 1211 1003 predictas
1234 921 1407 1004 dignemini
1430 926 1575 987 excocta
1599 919 1740 985 sciencia

231 1027 426 1110 confirmare,
449 1028 636 1110 supplentes
667 1044 791 1093 omnem
814 1025 974 1090 delectum
1005 1032 1073 1108 etc,
1096 1025 1221 1107 ipsique
1251 1024 1445 1090 monasterio
1468 1043 1505 1089 ac
1535 1024 1607 1089 eius
1630 1024 1739 1089 abbati

232 1139 265 1199 et
287 1133 459 1198 conventui
481 1132 658 1214 indulgere,
683 1131 767 1211 quod
790 1130 951 1213 gaudeant
974 1130 1118 1195 omnibus
1140 1129 1406 1212 exemptionibus,
1429 1128 1618 1212 privilegiis
1642 1128 1739 1194 liber·

231 1237 352 1302 tatibus
375 1243 410 1302 et
432 1236 557 1320 graciis,
581 1236 695 1316 quibus
719 1235 860 1317 gaudent
882 1234 986 1299 dictus
1010 1235 1086 1299 ordo
1109 1235 1236 1299 eteius
1266 1235 1469 1312 monasteria,
1493 1252 1563 1297 cum
1586 1232 1741 1298 clausulis

231 1347 266 1407 et
289 1361 350 1408 nou
374 1342 576 1407 obstantibus
599 1339 773 1422 oportunis.

360 1463 536 1528 Exibeatur
569 1461 715 1525 frindacio
739 1465 773 1524 et
796 1459 957 1525 ordinacio
990 1460 1022 1523 iu
1046 1460 1238 1525 cancellaria
1269 1467 1312 1542 et,
1336 1459 1363 1523 si
1393 1459 1598 1526 racionabilis
1628 1457 1736 1542 luerit,

232 1567 434 1633 continuetur
458 1567 495 1631 G.

360 1688 442 1753 Item
474 1687 640 1769 supplicat,
671 1692 828 1766 quatemus
859 1686 1003 1750 onmibus
1035 1686 1239 1751 visitantibus
1270 1687 1389 1751 dictum
1418 1686 1649 1752 monasterium
1683 1704 1739 1750 seu

232 1795 301 1859 eius
324 1792 492 1858 ecclesiam
514 1791 547 1855 iu
571 1789 690 1855 domini
711 1790 812 1855 nostri
835 1790 913 1854 Jesu
937 1787 1056 1853 Christi
1080 1796 1114 1854 et
1136 1790 1169 1854 in
1200 1790 1421 1872 corucepcionis
1445 1796 1479 1855 et
1502 1789 1576 1854 aliis
1600 1794 1737 1870 quatuor

234 1901 263 1962 b.
294 1897 397 1962 llario
420 1895 552 1978 virginis
577 1914 613 1959 uc
635 1894 814 1977 epiphanie,
839 1893 1073 1977 penthecostes,
1096 1895 1233 1959 omnium
1263 1901 1444 1986 sauctomm
1467 1900 1502 1959 et
1525 1894 1554 1959 b.
1570 1893 1739 1958 Laurencii

230 2000 460 2067 festivitatibus
483 1999 656 2082 dignemini
679 1998 816 2078 aliquam
840 1996 975 2080 amplam
999 1997 1232 2080 indulgenciam
1256 1998 1395 2079 elargiri.

360 2125 433 2189 Fiat
455 2124 495 2188 de
519 2140 580 2187 uno
604 2140 685 2186 anno
708 2126 743 2185 et
766 2118 820 2183 XC
844 2119 955 2185 diebus
980 2120 1017 2185 G.
1043 2167 1719 2187 ........................

360 2244 435 2311 Sine
459 2244 523 2309 alia
545 2243 695 2309 leccione.
720 2243 792 2306 Fiat
815 2242 852 2308 G.
878 2243 913 2306 l).
938 2242 1091 2307 Avinione
1115 2242 1146 2306 Il
1169 2242 1211 2307 id.
1236 2242 1421 2307 Decembris
1445 2261 1472 2307 a.
1497 2242 1619 2323 quinto.

361 2434 393 2489 R.
412 2434 507 2504 Suppl.
527 2439 559 2486 27
579 2432 626 2488 lol.
645 2436 714 2487 306¹.
734 2463 766 2472 -
784 2431 834 2485 Ed.
854 2432 927 2502 apud
946 2432 1083 2500 Novttclr,
1102 2431 1343 2487 Ditiicthortic
1361 2413 1488 2499 (itasopis
1502 2447 1600 2486 musea
1618 2429 1736 2486 tanheim

234 2525 311 2591 1890)
324 2538 384 2594 pag.
405 2527 451 2575 tlt
474 2519 566 2576 adnot.
587 2526 628 2589 90,
647 2526 688 2575 91.

880 2699 1087 2711 β--ιι-ο-α

232 2858 323 2925 685.
350 2858 545 2922 Innocentius
577 2854 618 2918 Vl
638 2854 802 2937 confirmat
820 2854 1044 2933 fundationem
1058 2855 1241 2921 nronasterii
1255 2857 1291 2920 in
1305 2854 1463 2933 Sintiam)
1485 2853 1609 2919 ordinis
1624 2850 1738 2917 Oister·

232 2960 346 3026 cr'ensis
367 2960 541 3042 l’ropensis
564 2959 653 3038 dica,
686 2958 769 3041 quod
794 2956 1002 3024 Theodericus
1031 2960 1193 3043 epiecopus
1225 2959 1403 3025 Mindensis
1430 2979 1489 3042 pro
1512 2955 1624 3023 abbate
1645 2961 1677 3022 et
1699 2959 1738 3020 12

232 3064 404 3144 monacbis,
427 3083 558 3146 quorum
582 3063 679 3128 obbas
701 3062 887 3127 monasterii
909 3062 1097 3128 Sedliceusr's
1119 3065 1237 3130 existat
1253 3068 1351 3147 puter
1373 3062 1481 3138 abbas,
1505 3063 1543 3128 de
1567 3080 1643 3127 novo
1658 3066 1738 3143 sun·

233 3169 323 3234 tacit
344 3173 374 3234 et
395 3169 570 3234 construxit
600 3167 638 3231 de
659 3166 748 3232 bonis
770 3167 846 3246 suis,
877 3186 1008 3251 quorum
1025 3170 1156 3247 fructus
1187 3167 1230 3232 ad
1250 3170 1316 3232 200
1347 3186 1475 3232 mareas
1498 3166 1624 3250 aromati
1645 3166 1740 3231 aunis

231 3274 366 3356 siugulis
382 3273 564 3338 ascendunt.
593 3271 670 3338 ma
691 3272 820 3337 insertis
841 3271 958 3337 litteris
970 3271 1180 3355 fundationis
1205 3271 1386 3337 lbeoeierioi
1406 3272 1543 3356 episcopi
1564 3271 1741 3337 Mindcnsis

234 3378 272 3442 de
296 3376 380 3442 1357
406 3376 548 3442 Octobris
573 3376 612 3438 13
640 3380 671 3440 et
692 3376 807 3441 litteris
830 3375 1073 3458 confirmatoriis
1095 3376 1226 3441 Arnestr'
1248 3376 1478 3460 archiepiscopi
1507 3376 1682 3460 Propontis
1703 3375 1740 3439 de

233 3480 599 3548 rossemannum.
627 3478 729 3562 ,Quia
754 3480 834 3543 inter
859 3482 979 3545 cetero“
1021 3479 1196 3561 „Aninione
1216 3482 1258 3546 II
1274 3482 1317 3547 id.
1342 3481 1524 3546 Decembris
1546 3501 1577 3546 a.
1600 3480 1737 3561 quinto.“

1139 3619 1305 3694 Arinione,
1329 3621 1415 3684 1357
1436 3618 1623 3685 Decembris
1645 3621 1698 3685 12.

282 3830 325 3881 ,L
386 3868 391 3880 .

372 3949 403 4002 u.
423 3954 471 4002 dv,
493 3954 541 4001 136
560 3948 607 4001 iol.
626 3950 695 4001 brto'.
720 3947 793 4015 Orig.
816 3947 845 4001 in
869 3946 988 4000 archivio
1013 3945 1176 4000 Vorlicensi.
1195 3975 1229 3985 -
1247 3945 1297 3999 Ed.
1317 3945 1391 4015 apud
1416 3946 1629 4016 Summersberg,
1647 3947 1741 4002 Sileni-

232 4052 341 4090 acarum
360 4051 449 4089 rerum
469 4036 562 4102 script.
580 4034 593 4087 l
612 4050 673 4104 pag,
686 4039 745 4088 957.
765 4033 885 4087 Litterae
904 4032 1028 4103 episcopi
1049 4033 1203 4087 llindcneis
1222 4032 1263 4086 ed.
1277 4033 1350 4104 apud
1363 4032 1515 4096 Kalousek,
1534 4018 1737 4105 archisteriis

231 4122 294 4177 xlv
313 4137 374 4192 pag.
394 4128 453 4186 ³81,
481 4121 589 4175 litterae
608 4119 807 4190 archiepiscopi
825 4121 970 4188 Pragensis
989 4120 1063 4189 apud
1081 4121 1195 4190 Bar-avg.
1224 4121 1299 4175 Libri
1326 4121 1494 4176 creationum
1521 4123 1534 4176 l
1558 4137 1620 4192 pag.
1642 4129 1683 4178 13.
1703 4153 1736 4163 -

244 4215 268 4276 a)
278 4210 400 4277 ,Scalicz‘
409 4213 483 4263 Aa·
496 4194 1426 4277 ConietiamNoritelr,1)ttiiohePortic(Casopismuscataslreho
1441 4214 1517 4274 1890)
1526 4224 1588 4279 pag.
1597 4214 1738 4264 blo-⁶11

882 4420 1005 4429 ——.—-.
1027 4422 1086 4429 ..--

233 4595 323 4660 686.
358 4595 514 4658 Erasmus
545 4593 635 4658 llferd
664 4592 749 4658 olias
779 4591 880 4657 dictus
911 4591 1074 4674 Flamingi
1104 4593 1235 4660 ciericm
1277 4593 1534 4659 Vratisluviensis
1564 4594 1739 4679 supplicat,

232 4702 387 4781 quatenus
409 4697 473 4762 sibi
491 4699 529 4763 de
543 4698 730 4763 canonicatu
744 4696 801 4762 sub
816 4699 1030 4780 expectatione
1046 4698 1248 4782 praebendae
1262 4698 1409 4763 aedesius
1432 4697 1743 4779 Wadisluuiensim)

228 4803 443 4885 provideatur.
469 4840 510 4849 —
536 4801 630 4885 ,Fiat
649 4802 687 4866 G.
705 4801 780 4866 Sine
802 4801 870 4865 otio
892 4800 1034 4876 leccione,
1058 4823 1128 4866 curn
1154 4804 1188 4867 in
1210 4804 1313 4867 studio
1335 4804 1378 4867 sit
1401 4803 1584 4886 adportes.
1608 4802 1687 4869 Fiat
1703 4804 1743 4871 θ.

610 4907 651 4970 D.
675 4905 832 4970 Auinione
855 4907 893 4970 II
913 4906 956 4970 iri.
982 4906 1161 4971 Decembris
1183 4930 1215 4975 a.
1238 4908 1375 4986 patara·

1147 5046 1307 5124 Aeinione,
1331 5047 1416 5110 1357
1439 5043 1623 5110 Decembris
1645 5051 1698 5113 12.

362 5233 395 5288 R.
414 5232 509 5304 Suppl.
529 5238 562 5287 27
581 5232 629 5287 fol.
648 5239 717 5288 809¹.
737 5265 769 5274 -
790 5236 814 5299 ⁸)
832 5233 1069 5300 ‚Iladislauienais‘
1088 5232 1183 5306 Suppl.
