3944 6060
855 448 921 499 1366
940 444 1084 499 Februarii
1105 451 1143 499 in.
1691 448 1751 514 175

249 672 282 717 ac
305 653 365 718 hoc
388 655 543 736 ydoneum
569 653 800 718 instituendum
823 654 856 718 in
881 655 966 719 dicta
989 656 1125 720 ecclesia
1141 657 1244 721 eidem
1262 656 1499 739 archiepiscopo
1516 662 1749 739 presentarunt,

248 759 298 839 qni
323 759 498 824 abeodem
522 757 759 841 archiepiscopo
794 759 935 841 regimen
970 760 1183 841 spiritualium
1218 761 1302 825 dicte
1337 761 1473 826 ecclesie
1496 768 1530 827 ct
1553 781 1659 826 curam
1683 761 1748 825 ani-

246 880 366 927 marum
390 863 669 946 parrochianoruin
699 863 801 945 ipsius
825 864 961 929 ecclesie
991 865 1135 948 recipere
1159 867 1300 949 deberet,
1336 872 1431 948 prout
1460 865 1493 929 in
1516 866 1651 931 diversis
1674 866 1748 931 inde

246 967 400 1033 coniectis
422 968 526 1034 literis
549 969 722 1034 eorundem
746 969 853 1034 Caroli
884 970 1085 1052 imperatoris
1109 990 1145 1036 ac
1167 971 1398 1052 archiepiscopi
1422 978 1456 1037 et
1478 970 1610 1053 capituli
1634 970 1749 1052 sigillis

247 1073 386 1154 incinitis,
409 1092 541 1154 qnarmu
565 1069 693 1139 tenores
717 1074 755 1138 de
780 1075 876 1139 verbo
900 1074 939 1138 ad
963 1075 1092 1139 verbum
1117 1074 1321 1157 presentibus
1344 1075 1441 1139 inseri
1458 1074 1600 1157 fecimus,
1622 1075 1747 1157 plenius

246 1177 437 1243 continetur.

375 1282 480 1359 Quare
504 1301 560 1366 pro
584 1288 676 1365 parte
700 1282 854 1347 dictorum
879 1281 984 1348 Caroli
1007 1284 1208 1366 imperatoris
1232 1290 1266 1348 et
1289 1284 1413 1348 abbatis
1436 1291 1470 1348 et
1492 1289 1673 1350 conventus
1693 1293 1747 1349 no'·

247 1388 292 1450 his
306 1385 368 1450 luit
379 1386 543 1453 humiliter
565 1387 786 1470 supplicatum,
811 1394 846 1451 ut
862 1389 1068 1470 concessioni,
1081 1372 1268 1470 'donaciani
1290 1387 1408 1470 unioni,
1431 1389 1611 1471 annexioni,
1633 1387 1744 1454 volun·

245 1491 302 1555 tati
327 1497 362 1555 et
375 1491 504 1558 decreto
527 1493 681 1574 predictis
704 1490 954 1557 confirmacionis
969 1493 1065 1557 robur
1081 1492 1217 1570 adicere,
1242 1511 1428 1574 omnemque
1445 1492 1612 1576 defectum,
1636 1493 1660 1558 si
1675 1492 1746 1573 quis

245 1596 452 1661 intervenerit
473 1597 506 1661 in
529 1597 661 1678 eisdem,
686 1598 835 1678 supplere
856 1597 895 1660 dc
912 1596 1109 1678 benignitate
1126 1598 1301 1678 apostolica
1316 1598 1527 1680 dignaremur.
1552 1598 1618 1662 Nos
1634 1598 1745 1678 itaque

245 1701 382 1782 ipsorniu
407 1700 513 1766 Caroli
536 1702 737 1783 imperatoris
772 1720 807 1765 ac
842 1703 966 1767 abbatis
1000 1709 1034 1767 et
1068 1707 1241 1766 conventus
1277 1703 1564 1785 supplicacionihus
1592 1703 1744 1784 inclinati,

245 1805 423 1870 huiusmodi
447 1806 663 1888 donacionem,
699 1807 944 1887 concessionem,
968 1807 1126 1888 unionem,
1152 1806 1369 1889 annexionem,
1393 1810 1556 1872 decretum
1579 1814 1614 1873 et
1635 1808 1745 1873 volun-

244 1916 340 1974 tatem
364 1916 435 1974 rata
456 1909 614 1975 habentes
639 1917 672 1975 et
696 1916 796 1992 grata,
819 1910 875 1974 illa
906 1928 944 1974 ex
981 1917 1067 1976 certa
1101 1911 1240 1975 sciencia
1270 1910 1489 1975 cciiiirinanius
1520 1917 1556 1977 et
1585 1912 1745 1994 presentis

244 2015 352 2096 scripti
376 2014 553 2096 patrocinio
576 2015 811 2095 communimus,
835 2016 1021 2097 supplentes
1046 2033 1169 2080 ornnem
1194 2014 1363 2098 defectum,
1388 2015 1415 2081 si
1438 2016 1508 2097 quis
1531 2016 1743 2082 intervenerit

243 2119 273 2181 in
287 2118 418 2183 eisdem.
432 2118 584 2184 Volumus
600 2125 717 2194 autem,
741 2120 823 2200 quod
847 2121 887 2184 de
911 2120 1012 2201 ipsius
1035 2120 1170 2184 ecclesie
1194 2119 1403 2201 parrochialis
1426 2118 1591 2203 fructibus,
1612 2121 1745 2184 redditi·

243 2224 298 2287 hus
322 2229 356 2287 et
379 2223 585 2305 proventibus
608 2242 665 2306 pro
688 2229 843 2307 perpetuo
867 2226 985 2291 vicario
1008 2225 1086 2290 inibi
1109 2224 1306 2289 instituendo
1330 2243 1469 2306 congrua
1491 2225 1598 2306 porcio
1622 2224 1662 2288 ad
1678 2225 1743 2290 dio·

242 2327 348 2391 cesani
370 2327 432 2392 loci
456 2328 621 2392 arbitrium
644 2336 836 2407 reservetur,
872 2348 911 2393 ex
941 2349 1003 2411 qua
1033 2330 1118 2393 idem
1142 2330 1279 2393 vicarius
1302 2330 1409 2394 valeat
1432 2330 1594 2395 commode
1618 2335 1744 2394 susten-

248 2432 317 2512 tari,
340 2431 623 2516 archiepiscopalia
645 2434 715 2497 iura
737 2434 861 2498 solvere
884 2441 918 2498 et
941 2435 1004 2499 alia
1027 2434 1243 2498 incumbencia
1266 2451 1363 2498 onera
1379 2440 1576 2517 supportare.
1602 2434 1743 2499 Tenores

242 2555 313 2602 vero
338 2536 493 2600 dictarum
514 2537 693 2602 litterarum
717 2539 798 2603 tales
826 2544 914 2602 snut:

369 2641 506 2706 Karolus
529 2648 661 2723 quartus
680 2693 712 2707 ..
758 2694 764 2706 .
803 2645 841 2707 n.
865 2644 965 2725 Pinge
1000 2663 1027 2708 a.
1059 2643 1177 2707 domini
1207 2642 1374 2707 millesimo
1406 2643 1630 2708 trecentesimo
1654 2644 1743 2723 qnin-

241 2745 423 2828 quagesimo
436 2747 555 2829 quinto,
580 2753 671 2812 sexto
683 2766 755 2813 uon.
779 2748 937 2829 Octobris
962 2765 1128 2828 regnorum
1142 2752 1318 2810 nostrornm
1343 2765 1369 2810 a..
1386 2747 1515 2829 decimo,
1529 2747 1652 2829 imperii
1669 2765 1744 2812 vero

242 2850 347 2932 primo.
363 2850 387 2923 1)

367 2955 404 3019 lii
449 2957 574 3022 noniiiie
620 2959 737 3023 domini
784 2977 883 3022 anion.
938 2956 1003 3021 Nos
1049 2956 1204 3020 Ariiestns
1258 2955 1310 3019 dei
1355 2962 1389 3019 et
1438 2956 1610 3038 apostolice
1656 2956 1743 3020 sedis

241 3060 344 3141 gracia
387 3078 412 3124 s.
458 3062 627 3144 Pragensis
672 3064 808 3128 ecclesie
847 3061 1102 3142 archiepiscopus
1148 3060 1187 3123 ad
1233 3066 1418 3141 perpetuam
1464 3060 1511 3124 rei
1552 3061 1742 3126 uicinoiiani.

241 3163 321 3229 Cura
343 3165 513 3247 pastoralis
544 3165 640 3231 officii
663 3186 721 3233 nos
744 3169 883 3233 solicitat
913 3172 947 3230 et
976 3165 1108 3247 inducit,
1144 3171 1178 3228 ut
1208 3170 1282 3229 vota
1312 3163 1431 3228 Christi
1455 3163 1602 3245 fidelium,
1641 3171 1743 3229 trans-

240 3269 332 3334 itoria
366 3287 424 3351 pro
460 3271 633 3337 celestibus
667 3273 938 3349 commutancium,
974 3276 1008 3334 et
1042 3270 1177 3333 salntem
1212 3269 1437 3333 concernentia
1467 3270 1640 3333 animarum
1672 3287 1742 3350 per·-

240 3373 323 3455 vigili
348 3393 386 3438 ac
402 3375 537 3456 benigiio
561 3395 789 3458 prosequamur
812 3376 938 3445 affectu,
963 3393 1002 3438 ca
1025 3374 1171 3455 deniqne,
1195 3391 1254 3452 que
1279 3373 1338 3436 ileo
1363 3373 1537 3438 dicatorum
1561 3381 1595 3438 et
1617 3391 1742 3456 preser-

238 3478 292 3541 tim
338 3479 557 3562 religiosnrum
604 3482 753 3565 locorum,
799 3483 831 3545 in
878 3481 990 3562 quihus
1028 3479 1133 3542 cultus
1171 3477 1297 3540 divinus
1335 3484 1470 3557 angetur
1506 3485 1540 3542 et
1576 3478 1741 3544 monastici

237 3583 323 3665 viget
346 3584 466 3648 ordinis
490 3585 667 3667 disciplina,
693 3585 866 3655 comodum,
902 3590 937 3648 nt
961 3584 1100 3665 ipsoram
1130 3580 1361 3644 inhabitatores
1385 3581 1524 3660 quietius
1548 3582 1673 3646 domino
1697 3580 1741 3645 fa-

235 3688 349 3752 mulari
382 3689 519 3770 valeant,
555 3691 729 3773 respiciunt
763 3696 796 3754 et
819 3687 1002 3772 profectum.
1050 3686 1131 3749 Sanc
1162 3701 1230 3747 cnin
1261 3685 1489 3749 inoiiasterinm
1520 3705 1544 3750 s.
1576 3686 1685 3750 llaroli
1708 3686 1741 3750 in

234 3791 327 3856 Nona
348 3792 478 3858 civitate
502 3794 654 3877 Pragensi
678 3795 799 3860 ordinis
822 3813 847 3858 s.
872 3792 1053 3875 Augustini,
1077 3791 1193 3869 inquo
1218 3789 1324 3865 abbas,
1348 3791 1529 3872 prepositus
1553 3791 1741 3856 etnoiinnlli

233 3896 377 3962 canonici
400 3898 564 3979 regulares
588 3899 798 3981 omnipotenti
822 3900 882 3963 ileo
906 3904 939 3962 et
961 3897 1063 3979 ipsius
1087 3892 1234 3976 genitrici
1258 3898 1292 3956 et
1314 3895 1459 3959 omnibns
1483 3897 1603 3960 sanctis
1627 3897 1741 3961 devote

231 4008 267 4065 et
289 4001 418 4065 assidue
442 4001 646 4074 famulantur,
671 4005 711 4068 de
734 4023 814 4069 novio
838 4022 895 4085 por
918 4001 1155 4067 serenissimum
1172 3997 1349 4079 principem
1366 4006 1398 4064 et
1414 4000 1573 4065 dominum
1590 4007 1741 4083 nostruin,

232 4105 394 4170 dominum
418 4106 569 4172 Karolum
592 4109 802 4173 Rornanorum
826 4109 1050 4190 imperatorem
1074 4122 1199 4186 semper
1230 4110 1397 4184 angustum
1422 4112 1456 4170 et
1479 4107 1608 4171 Boaulia
1632 4124 1740 4188 regern

229 4210 272 4273 ad
306 4208 434 4274 laudeni
468 4216 503 4276 et
533 4211 664 4293 gloriani
699 4212 926 4295 omnipotentis
961 4212 1021 4276 Ilei
1057 4229 1092 4274 ac
1123 4227 1147 4272 a.
1182 4206 1291 4271 llaroli
1321 4206 1486 4274 fundatum
1521 4218 1554 4276 et
1589 4212 1741 4292 dotatum,

229 4320 327 4395 prout
350 4315 383 4378 in
407 4314 510 4379 literis
544 4316 728 4381 donacionis
763 4317 863 4400 ipsius
887 4317 1004 4381 domini
1028 4314 1126 4379 nostri
1150 4313 1359 4393 imperatoris
1393 4332 1524 4393 quarum
1548 4321 1640 4380 tenor
1669 4335 1740 4380 mox

228 4417 366 4483 inferius
404 4419 443 4483 de
467 4421 563 4484 verbo
594 4421 634 4484 ad
660 4424 789 4487 verbnm
825 4422 1031 4502 ilcscrilietnr,
1065 4418 1190 4500 plenius
1225 4422 1258 4480 et
1291 4415 1361 4479 luce
1397 4416 1513 4482 clarius
1548 4420 1738 4503 continetur,

228 4529 364 4605 propter
387 4523 576 4604 parvitatem
599 4525 780 4590 reddituum
803 4526 904 4608 ipsius
927 4523 1112 4590 monasterii
1135 4519 1271 4602 plurima
1294 4519 1458 4585 incoiuoda
1483 4531 1516 4586 et
1532 4542 1739 4606 expensarum

229 4645 332 4691 onera
355 4627 514 4693 sustinere
539 4636 678 4712 cogatur,
701 4636 793 4696 tenor
823 4649 897 4695 vero
929 4630 1093 4694 literarum
1125 4622 1345 4705 imperialium,
1378 4626 1416 4687 ilc
1449 4627 1562 4706 quibus
1586 4646 1683 4710 supra
1705 4628 1741 4694 lit

225 4731 364 4813 mencio,
387 4732 440 4813 qni
463 4733 609 4814 seqnitur
630 4734 662 4797 in
685 4734 744 4800 hec
767 4736 879 4800 verba:
903 4734 1061 4813 „Kainlns
1084 4734 1215 4812 quartus
1239 4729 1331 4807 etc.“,
1366 4735 1401 4793 nt
1424 4731 1456 4794 iii
1479 4731 1574 4796 litera
1597 4733 1739 4799 eiusdem

224 4833 440 4924 imperatoris
462 4836 496 4901 in
519 4839 663 4920 presenti
686 4839 782 4904 litera
804 4840 950 4923 superins
975 4840 1095 4903 inserta
1118 4850 1218 4914 nsque
1242 4831 1396 4913 „primo“‚
1420 4853 1477 4901 nos
1500 4836 1608 4918 itaque
1632 4840 1738 4904 volen-

224 4944 281 5004 tes
303 4939 409 5005 eidem
431 4942 625 5008 monasterio
647 4949 783 5025 paterna
804 4945 927 5025 pietate
950 4958 1134 5007 succurrere
1167 4954 1202 5000 ac
1226 4936 1265 5000 de
1289 4943 1445 5016 oportuno
1469 4943 1610 5008 remedio
1634 4944 1738 5024 provi·

225 5042 318 5121 «lere,
341 5062 382 5108 ne
405 5051 537 5128 propter
560 5045 717 5112 defectum
740 5048 805 5114 vite
829 5048 1079 5112 necessariorum
1111 5045 1143 5107 in
1181 5059 1219 5105 en
1243 5038 1403 5121 profectus
1427 5047 1592 5112 monastici
1616 5047 1736 5112 ordinis

228 5147 335 5227 possit
355 5149 592 5229 quomodolibet
614 5150 769 5236 impediri,
807 5153 914 5217 habito
949 5152 1037 5234 prius
1068 5167 1138 5213 cuin
1160 5143 1399 5209 honorabilibus
1430 5149 1505 5214 viris
1537 5159 1571 5215 et
1601 5153 1736 5216 dominis

231 5299 270 5316 ..
307 5252 438 5339 deamo,
466 5255 693 5322 ..scolastico
735 5261 866 5338 totoque
900 5263 1008 5322 nostre
1052 5249 1222 5337 Pragensis
1265 5253 1400 5320 ecclesio
1435 5255 1573 5335 capitulo
1615 5262 1738 5321 maturo

233 5371 272 5419 ac
292 5354 437 5441 diligenti
458 5362 607 5444 amatu,
642 5359 820 5444 ceterisque
852 5360 1098 5426 solennitatibus
1130 5360 1307 5429 observatis
1342 5360 1381 5425 de
1404 5359 1616 5442 predictorum
1641 5360 1736 5426 ‹loini-
