3944 6060
251 394 316 457 536

254 606 376 674 Avinio,
419 605 630 677 palatium
671 606 979 677 apostolicum:

310 708 354 765 23,
377 708 441 765 341-

311 779 539 835 auditores
584 795 824 835 causarum:

313 865 602 922 Bartholomeus.de
628 865 762 923 Besea-no
785 865 819 932 6;

314 952 503 1009 Beneventus
531 955 567 1010 de
596 953 691 1009 Utino
718 966 788 1024 452;

314 1040 485 1096 Bernardus
511 1038 652 1097 Fulconis
673 1039 725 1111 87;

314 1125 478 1182 Guilelmus
505 1127 540 1182 de
566 1126 667 1182 Lenne
694 1125 763 1197 516;

313 1212 466 1269 Oliverius
497 1214 534 1269 de
564 1212 692 1269 Cerzeto
720 1212 772 1284 87;

315 1300 421 1356 Petrus
445 1301 480 1357 de
504 1300 609 1356 Ilhavo
633 1300 696 1366 262,
721 1299 776 1370 380
784 1319 790 1365 ;

316 1386 419 1444 Simon
447 1387 482 1442 de
513 1386 651 1458 Sudbury
678 1386 730 1457 87;

313 1473 444 1529 Thomas
475 1472 599 1533 Fastoll,
627 1491 687 1544 eps.
717 1472 908 1527 Menevensis
936 1470 981 1542 87.

256 1697 660 1770 -poenitentiarii
724 1693 981 1767 apostolici:

314 1786 452 1840 Andreas
480 1786 515 1841 (le
544 1784 688 1840 Bohemia
717 1797 784 1854 157;
813 1782 920 1838 Petrus
947 1780 983 1835 de

315 1872 458 1927 Bolremia
485 1887 530 1943 23.
557 1887 620 1939 214.
647 1884 710 1942 305,
736 1869 800 1941 306,
828 1885 891 1940 343,
918 1883 983 1940 344,

314 1959 377 2030 361,
402 1959 467 2027 408·
492 1974 556 2030 430·
583 1958 646 2029 458-

602 2227 637 2287 B.

259 2424 292 2480 Β.
319 2424 354 2480 de
381 2422 519 2478 Marchia
544 2441 570 2477 v.
597 2418 744 2476 Marchia.

259 2510 406 2567 Baborow
432 2529 459 2565 v.
484 2508 667 2564 Bauerwicz.

259 2597 340 2653 Baca
368 2617 394 2652 v.
424 2596 513 2653 Luca.

259 2684 350 2765 Bach,
377 2683 462 2749 BacS,
489 2681 627 2753 Ungaria
655 2678 870 2753 (Batyensis):
892 2677 984 2733 eccla.

259 2769 396 2912 Baclclr6tis
421 2874 442 2913 s.
473 2853 638 2927 (Bactrius)
678 2862 807 2925 martyr:
843 2845 1009 2924 reliquiae'

315 2942 379 2998 eius
400 2942 445 3014 83.

260 3029 338 3086 Bacs
356 3049 383 3086 v.
402 3028 493 3084 Bach.

260 3115 360 3171 Bacuz
385 3135 410 3170 v.
434 3114 539 3170 Liticz.

260 3201 359 3258 Baczo
382 3221 407 3257 v.
432 3200 542 3256 Racko.

260 3287 385 3360 Bayeux
409 3307 435 3344 v.
461 3286 598 3342 Baioeae.

260 3375 398 3440 Baiocae,
422 3373 555 3444 Bayeun,
578 3371 721 3427 Francia:
744 3370 790 3442 Jo.
812 3371 866 3439 de,
889 3378 985 3425 notar.

315 3460 402 3532 publ,
427 3477 504 3531 mag.
528 3474 593 3531 492.

260 3547 425 3604 Balchasan
448 3567 475 3602 v.
501 3546 670 3602 Balthasar.

260 3634 394 3690 Balchna
422 3653 448 3689 v.
477 3631 594 3689 Blatnal.

260 3720 426 3776 Balduinus
474 3719 665 3791 (Baldoinus,
709 3715 887 3789 Baldeinus)
935 3715 987 3770 Ri-

317 3808 419 3862 chardi
441 3826 468 3861 v.
492 3804 642 3862 Richardi.

261 3890 429 3948 Balcluinus
455 3889 619 3963 (Baldwin
643 3887 868 3962 Balduwinus),
890 3887 986 3943 archi-

316 3997 375 4049 eps.
408 3977 612 4043 Treverensis,
644 3986 768 4047 patruus
800 3975 899 4032 Caroli
933 3974 986 4037 IV,

316 4064 361 4131 86,
384 4078 447 4135 274.

262 4150 423 4206 Balthasar
453 4149 651 4221 (Balchasar)
683 4150 718 4205 de
746 4147 935 4204 Marcellinis
959 4165 987 4202 v.

319 4236 513 4292 Marcellinis

263 4322 439 4394 Bamborga,
469 4321 626 4394 Bamberg‚
665 4321 796 4379 Bavaria
828 4320 989 4394 (Bamber-

319 4407 458 4480 gensislz
492 4427 570 4480 eps
602 4423 647 4481 92,
678 4423 726 4480 93,
761 4407 822 4475 106,
854 4422 918 4479 322.
949 4437 989 4447 —

319 4497 445 4551 eccla.
471 4498 593 4551 catu:
620 4513 754 4566 praepos.
780 4509 843 4567 233.
868 4495 989 4550 -cel-

319 4583 387 4637 lar:
421 4583 573 4654 Johanues
607 4581 761 4637 Bertholdi
794 4580 918 4636 Zu-flraz
953 4580 988 4635 de

319 4668 479 4739 Teymaria
513 4669 577 4737 482,
614 4682 676 4740 507.
709 4699 749 4709 —
781 4668 849 4736 oft,
886 4677 989 4739 postea

319 4751 474 4809 scholast:
494 4752 660 4810 Guilelmus
680 4753 852 4825 Zbynkonis
869 4755 905 4810 de
924 4752 988 4811 Ha-

319 4840 449 4911 senburg
470 4841 532 4896 226.
552 4873 591 4881 -
611 4859 691 4896 can:
713 4841 867 4912 johannes
885 4854 949 4912 477.

317 4925 453 4981 canonici
476 4926 685 4997 praebendati:

319 5011 484 5069 Guilelmus
512 5012 682 5084 Zbynkonis
710 5013 834 5084 Leporis
861 5014 896 5068 de
924 5012 987 5067 Ha-

319 5098 449 5170 senburg
469 5112 512 5169 79,
534 5097 597 5164 226,
618 5098 689 5170 318:

321 5185 502 5240 Reinboldus
532 5185 623 5241 Bauri
652 5188 689 5242 de
717 5185 888 5256 Boppardia
925 5184 988 5257 318,

319 5286 390 5342 344;

873 399 988 456 Avinio
1001 431 1040 441 -

1056 399 1144 456 Basel

1091 608 1279 665 Reinhardus
1303 609 1339 664 de
1363 607 1473 663 Hanau
1496 619 1551 681 232
1559 626 1566 674 ;

1091 694 1226 750 canonici
1247 701 1360 764 expect.
1379 693 1594 765 praebendam:

1092 781 1265 837 Genhardus
1334 779 1470 848 Henrici,
1537 779 1656 837 comitis
1728 782 1766 834 de

1093 866 1314 940 Schwarzburg
1338 882 1399 936 120,
1424 881 1491 933 121;

1091 954 1245 1026 Johannes
1275 953 1429 1010 Bertholdi
1460 952 1586 1009 Zuifraz
1617 953 1653 1009 de
1684 952 1765 1025 Tey-

1092 1042 1188 1097 maria
1212 1057 1275 1112 231,
1301 1056 1364 1112 232,
1390 1055 1460 1112 323;

1092 1128 1186 1184 vitto
1214 1127 1373 1184 Hilbrandi
1402 1142 1466 1198 409,
1494 1141 1558 1194 410.

1092 1214 1228 1270 canonici
1247 1216 1283 1270 de
1301 1213 1401 1284 praeb.
1421 1213 1589 1285 litigantes:
1608 1212 1764 1284 Johannes

1094 1300 1246 1356 Bertholdi
1285 1299 1411 1356 Zuliraz
1447 1301 1483 1356 de
1510 1299 1670 1371 Teymaria
1696 1298 1763 1367 482,

1093 1401 1155 1460 507.
1185 1420 1223 1427 -
1253 1387 1333 1458 dign.
1375 1404 1450 1458 pers.
1482 1385 1554 1441 ott:
1596 1384 1764 1442 Guilelmus

1093 1474 1263 1546 Zbynkonis
1291 1473 1416 1544 Leporis
1443 1474 1479 1529 de
1508 1472 1690 1545 Hasenburg
1717 1486 1764 1544 79,
1874 1512 1878 1521 .

1092 1560 1155 1616 226.
1176 1592 1215 1600 -
1235 1561 1299 1619 ben.
1322 1578 1346 1617 c.
1370 1579 1396 1615 v.
1419 1579 1440 1616 s.
1463 1578 1487 1616 c.
1510 1562 1547 1617 ad
1568 1558 1666 1615 collat.
1688 1558 1763 1630 epi:

1094 1647 1287 1703 Hermannus
1307 1644 1439 1702 Gotiridi
1459 1646 1495 1701 de
1515 1643 1764 1717 Burgkundstadt

1091 1747 1156 1806 479,
1181 1733 1251 1801 480;
1276 1734 1429 1806 Johannes
1456 1730 1609 1788 Bertholdi
1635 1730 1764 1787 Zutfraz

1090 1820 1127 1876 de
1147 1818 1307 1890 Teymaria
1327 1833 1371 1891 37,
1392 1818 1436 1876 66.
1455 1850 1494 1859 -
1512 1818 1638 1876 eccla.
1661 1837 1683 1874 s
1702 1817 1764 1889 Ja-

1092 1908 1185 1963 cobi
1229 1916 1315 1962 extra
1356 1919 1473 1961 muros:
1517 1902 1578 1960 dec.
1621 1919 1684 1977 523.
1726 1935 1765 1946 -

1093 1994 1219 2050 eccla.
1244 2010 1325 2063 par.
1346 2010 1371 2051 s.
1395 1990 1576 2048 Mariae:
1601 2000 1688 2047 rect:
1712 1990 1763 2062 Jo-

1092 2081 1207 2137 hannes
1226 2078 1380 2134 Bertholdi
1401 2077 1527 2134 Zuilraz
1547 2078 1583 2133 de
1602 2076 1763 2148 Teyrnaria

1093 2166 1156 2235 226,
1179 2165 1242 2231 228,
1265 2181 1329 2238 231,
1352 2180 1416 2237 232,
1439 2163 1503 2236 256,
1525 2179 1589 2237 323,
1612 2162 1668 2231 482
1698 2177 1763 2236 507.

1039 2268 1215 2340 Bamberga,
1245 2266 1455 2324 diocesis:
1486 2266 1598 2336 presbt:
1631 2264 1763 2321 Frideri-

1094 2373 1146 2412 cus
1167 2355 1303 2411 Kreuzer
1322 2354 1359 2410 de
1377 2352 1458 2409 Laui
1476 2367 1539 2426 495.
1559 2382 1598 2390 —
1617 2352 1685 2408 cler.
1707 2349 1763 2405 Ni-

1094 2442 1196 2498 colaus
1217 2440 1365 2514 Johannis
1387 2441 1423 2497 de
1446 2439 1537 2496 Curia
1562 2439 1693 2510 Regnicz
1716 2452 1763 2509 27,

1095 2544 1155 2601 109,
1177 2543 1237 2599 130,
1261 2544 1319 2600 131.
1337 2560 1376 2568 -
1394 2525 1516 2582 ecclae:
1536 2524 1624 2582 eccla.
1646 2541 1707 2594 par.
1727 2521 1764 2580 de

1094 2614 1285 2687 Konigsfeld,
1306 2614 1388 2669 eccla
1407 2630 1428 2670 s.
1450 2611 1575 2668 Martini
1596 2612 1632 2668 de
1651 2610 1764 2666 Forch-

1092 2700 1180 2767 heim,
1197 2702 1285 2757 eccla.
1302 2712 1332 2757 et
1348 2700 1451 2772 colleg.
1468 2699 1494 2755 b.
1513 2697 1630 2755 Mariae
1647 2698 1683 2753 de
1700 2697 1763 2752 No-

1093 2787 1251 2858 rimberga,
1270 2786 1359 2843 eccla.
1380 2803 1441 2858 par.
1461 2785 1496 2842 de
1515 2784 1709 2850 Veitsbronn,
1726 2814 1765 2823 —

1094 2874 1291 2930 monasteria:
1322 2873 1358 2928 de
1389 2871 1563 2943 Langlreim.
1595 2870 1632 2926 de
1663 2868 1765 2925 Miihl·

1095 2959 1165 3028 feld,
1191 2969 1316 3015 monast.
1344 2957 1503 3015 Scotorum
1526 2958 1563 3014 de
1590 2954 1765 3011 Norimber-

1116 3066 1141 3104 a.

1039 3067 1222 3205 Baniuoldus
1247 3168 1273 3204 v.
1298 3147 1490 3204 Ramuoldus

1040 3253 1173 3319 Banlrau,
1190 3253 1250 3308 duo
1266 3252 1331 3310 loca
1349 3252 1381 3307 in
1396 3249 1521 3306 Prnssia
1537 3248 1644 3306 Silesia
1667 3247 1766 3322 (Ban-

1095 3338 1207 3410 covo):
1236 3339 1344 3394 Petrus
1369 3335 1515 3409 Johannis
1543 3336 1588 3402 de,
1616 3335 1766 3392 Vratisla-

1094 3425 1207 3481 viensis
1231 3425 1315 3484 dioc..
1350 3422 1452 3494 capell.
1476 3422 1623 3496 Johannis
1649 3422 1767 3478 ambas·

1096 3512 1216 3568 siatoris
1243 3511 1322 3582 regis
1349 3509 1512 3582 Ungariae,
1540 3509 1605 3565 ben.
1633 3527 1658 3566 c.
1686 3528 1714 3565 v.
1744 3525 1766 3563 S.

1097 3617 1121 3656 c.
1155 3599 1192 3655 ad
1224 3597 1323 3654 collat.
1357 3595 1498 3668 archiepi.
1533 3594 1766 3667 Salzburgensis

1095 3698 1159 3757 474,
1182 3698 1246 3756 475·
1330 3748 1332 3752 .
1384 3764 1387 3768 Δ
1463 3757 1465 3762 ,

1042 3770 1354 3828 &mnfflww

1041 3873 1171 3946 Barjols,
1191 3873 1318 3929 Francia
1342 3871 1581 3945 (Bariolensis):
1601 3872 1690 3929 eccla.
1711 3869 1769 3924 Fo-

1094 3959 1268 4016 roiuliensis
1291 3959 1382 4015 dioc:
1407 3974 1540 4031 praepo&
1565 3973 1610 4015 22.

1042 4047 1176 4104 Barletta
1201 4067 1227 4102 v.
1253 4047 1415 4103 Nazareth.

1043 4133 1139 4191 Barso
1162 4132 1335 4190 Manikonis
1358 4133 1394 4189 de
1417 4132 1521 4188 Prcicz
1544 4150 1570 4188 v.
1594 4130 1708 4186 Prcicz.

1044 4220 1246 4279 Bartholumei
1277 4220 1313 4276 de
1342 4219 1455 4276 Voiicz
1483 4218 1621 4274 Andreas
1649 4236 1677 4273 v.
1708 4216 1771 4273 Vo-

1099 4325 1171 4365 zicz.

1044 4392 1284 4460 Bartholorneus,
1317 4392 1484 4463 apostolus:
1519 4389 1661 4463 reliquiae
1705 4389 1771 4446 eius

1044 4582 1281 4648 Bartholomeus,
1312 4590 1409 4637 rector
1437 4596 1482 4653 30.

1040 4700 1080 4709 -
1099 4667 1136 4724 tle
1158 4669 1273 4725 Arcato
1297 4688 1323 4725 v.
1348 4667 1471 4724 Arcato.

1040 4752 1134 4811 -de
1159 4754 1294 4811 Beseano
1318 4774 1343 4811 v.
1369 4754 1513 4810 Bescano.

1041 4872 1080 4880 -
1099 4839 1218 4897 Gerlaci
1242 4861 1268 4897 v.
1292 4839 1420 4896 Gerlaci.

1040 4957 1080 4965 -
1098 4925 1201 4998 Jacobi
1220 4928 1255 4984 de
1274 4927 1376 4983 Pilsna
1395 4948 1420 4983 v.
1441 4924 1551 4983 Pilsna.

1042 5046 1080 5054 -
1098 5014 1202 5086 Jacobi
1235 5015 1271 5069 de
1304 5014 1396 5069 Portu
1440 5012 1556 5068 Naonis
1598 5031 1624 5068 v.
1658 5011 1771 5068 Portus

1099 5099 1224 5160 Naonis.

1041 5187 1136 5243 —de
1158 5187 1257 5259 Praga
1279 5207 1306 5243 v.
1331 5187 1439 5259 Praga.

1044 5275 1132 5331 Basel
1156 5293 1184 5330 v.
1209 5272 1336 5331 Basilea.
