3944 6060
231 390 297 462 404
832 390 902 451 Acts
919 388 1071 452 iunocentii
1093 389 1138 450 Vl.

233 606 351 671 1013.
376 603 530 687 Episcopo
554 603 809 671 Lotbomosbmi
836 604 1020 685 momatur,
1051 612 1209 687 quotenos
1232 607 1393 674 Frs'derico
1416 606 1590 674 Slromoirs‘
1612 608 1742 674 notorio

234 705 342 773 Caroli
367 709 581 774 nonaoomm
603 710 804 794 imperatoris
827 714 858 774 et
879 708 1050 776 Bobemioe
1071 712 1155 794 repis
1176 711 1313 777 mediam
1323 711 1539 795 praebendam
1554 714 1591 776 in
1605 712 1742 779 ecclesio

316 855 320 905 Ι
815 813 973 897 Propensi
993 818 1150 893 conferat.

301 921 336 1073 ξ
1134 953 1296 1036 cornone,
1318 956 1405 1022 1359
1428 955 1618 1021 Novembris
1639 958 1693 1022 30.

361 1142 439 1207 Ven.
464 1143 500 1207 lr.
520 1193 527 1207 .
547 1193 553 1206 .
577 1145 726 1226 episcopo
749 1144 1006 1210 Lutbomnslensi
1030 1145 1166 1210 salntem
1182 1151 1242 1210 etc.
1269 1145 1404 1227 Dignum
1429 1146 1623 1212 arbitramur
1642 1198 1649 1212 .
1670 1197 1677 1210 .
1698 1198 1706 1213 .
1727 1200 1733 1212 .

233 1247 359 1311 Dudum
393 1247 549 1327 siquidem
573 1247 602 1311 d.
626 1246 648 1311 f.
671 1248 883 1330 Przibislao¹)
917 1250 1066 1315 canonico
1101 1249 1240 1314 ecclesie
1275 1249 1446 1332 Pragensis
1481 1251 1521 1315 de
1545 1251 1737 1317 canonicatu

232 1351 333 1433 ipsius
355 1351 490 1415 ecclesie
519 1370 591 1414 curn
614 1352 834 1417 reserracione
858 1354 1031 1434 prebende,
1062 1354 1090 1417 si
1113 1372 1174 1436 qua
1197 1354 1229 1417 in
1253 1354 1364 1418 eadem
1388 1355 1525 1419 ecclesia
1546 1360 1622 1420 tunc
1645 1374 1738 1421 vaca·

232 1457 295 1536 but,
318 1454 368 1518 vel
392 1473 461 1518 cum
493 1460 630 1537 vacaret,
655 1474 712 1537 per
734 1461 860 1521 nostras
890 1458 970 1523 certi
994 1458 1114 1523 tenoris
1137 1458 1264 1522 litteras
1296 1459 1513 1525 mandavimus
1535 1459 1701 1543 provideri
1712 1459 1737 1541 ¹)

232 1564 265 1623 et
287 1558 444 1622 voluimus
466 1557 552 1621 inter
574 1563 692 1637 cetera,
726 1562 810 1642 quod
833 1562 918 1626 idem
940 1560 1143 1645 Przibislans,
1179 1561 1409 1644 quamprimum
1445 1563 1553 1645 vigore
1578 1564 1736 1628 dictarum

230 1663 409 1727 litterarum
432 1662 613 1728 huiusmodi
636 1666 797 1746 prebende
820 1666 904 1731 loret
919 1665 1152 1747 possessionem
1169 1664 1329 1747 pacificam
1346 1673 1521 1744 assecutus,
1545 1673 1737 1749 perpetuum

232 1766 428 1846 beneficium,
462 1768 569 1832 media
591 1770 754 1851 prebenda
776 1775 1003 1855 nuncupatum,
1038 1769 1121 1849 quod
1144 1769 1177 1832 in
1201 1770 1287 1834 diota
1316 1771 1453 1836 eeclesia
1482 1776 1558 1835 tunc
1581 1770 1738 1852 temporis

232 1872 405 1954 obtinebat,
442 1873 588 1953 qnodque
623 1880 739 1938 extunc
772 1891 885 1937 vacare
920 1873 1128 1952 decrevimus,
1159 1874 1294 1953 omnino,
1325 1880 1420 1956 prout
1443 1875 1538 1940 adid
1562 1892 1597 1941 se
1622 1883 1737 1958 sponte

231 1977 356 2055 obtulit,
391 1976 553 2040 dimittere
585 1983 759 2042 teneretur.
806 1977 884 2042 Cum
907 1978 1015 2058 itaque
1049 1978 1257 2061 postmodum,
1295 1979 1737 2062 sicutaocepimus,dictu1n

231 2080 418 2146 beneficium
442 2098 481 2144 ex
505 2101 542 2146 eo
566 2083 728 2146 vacaverit
761 2087 796 2146 et
817 2099 933 2146 vacare
967 2079 1116 2147 noscatur
1139 2083 1179 2147 ad
1202 2100 1343 2165 presens,
1374 2084 1458 2164 quod
1482 2083 1588 2149 dictus
1614 2083 1735 2148 Praibi·

231 2187 318 2250 slaus
347 2185 566 2250 canonicatum
603 2186 687 2251 dicte
711 2186 848 2251 ecclesie
883 2192 918 2252 et
939 2186 1142 2268 prebendam,
1167 2193 1243 2251 tunc
1265 2188 1298 2251 in
1322 2188 1392 2269 ipsa
1414 2187 1551 2252 ecclesia
1572 2194 1735 2272 vacantes,

231 2289 422 2354 auctoritate
446 2289 601 2354 dictarum
634 2290 814 2355 litterarum
849 2292 999 2355 canonice
1034 2291 1095 2354 sibi
1129 2291 1271 2374 collatos,
1306 2290 1367 2356 luit
1388 2291 1519 2375 pacifice
1555 2298 1735 2375 assecutus,

231 2394 401 2474 nullusque
424 2401 533 2476 preter
556 2413 613 2460 nos
636 2395 696 2459 hac
719 2395 788 2459 vice
812 2396 851 2460 de
875 2395 944 2477 ipso
960 2395 1113 2460 beneficio
1137 2395 1306 2477 disponere
1329 2395 1472 2478 potuerit
1493 2414 1598 2478 neque
1630 2397 1736 2479 possit

231 2518 287 2580 pro
300 2516 347 2580 eo,
359 2499 442 2579 quod
452 2517 508 2563 nos
517 2499 570 2563 diu
581 2506 655 2564 ante
663 2499 863 2565 vocacionem
871 2499 1078 2584 huiuslmodi]
1089 2500 1193 2564 omnia
1201 2499 1737 2581 beneficiaecclesiasticaquorurn·

230 2622 362 2687 cunque,
386 2621 444 2685 per
466 2605 702 2669 assecucionem
726 2604 888 2687 pacificam
912 2605 1044 2669 aliorum
1057 2603 1291 2681 beneficiorum,
1314 2621 1372 2685 per
1394 2621 1452 2668 nos
1468 2620 1526 2667 seu
1541 2603 1735 2672 auctoritate

230 2715 341 2774 nostra
373 2708 421 2772 eis
456 2708 641 2773 collatorum
676 2714 711 2773 et
744 2709 875 2774 inantea
912 2709 1173 2774 conferendorum
1211 2708 1341 2790 eisdem,
1373 2712 1447 2771 tunc
1471 2708 1622 2773 vacancia
1644 2715 1679 2773 et
1702 2708 1736 2773 in

231 2820 392 2896 posterum
415 2819 574 2893 vacatura,
610 2812 777 2878 collacioni
800 2820 834 2878 et
857 2814 1063 2896 disposicioni
1086 2819 1195 2878 nostre
1218 2817 1431 2895 reservantes
1454 2813 1654 2878 decrevimus
1678 2832 1733 2878 ex-

232 2925 307 2982 tunc
331 2917 454 2982 irritum
478 2924 513 2981 el
535 2917 639 2999 inane,
662 2917 689 2981 si
714 2935 806 2982 secus
833 2966 921 2982 ....
953 2918 1154 3000 contingeret
1178 2916 1373 2999 attemptari,
1396 2933 1454 2981 nos
1477 2917 1623 2982 volentes
1653 2918 1685 2983 d.
1710 2918 1731 2985 l.

230 3022 425 3086 Fridericum
449 3019 614 3086 Strornairi
630 3021 670 3085 de
687 3021 886 3105 Nuremberg
900 3023 1084 3087 canonicum
1100 3021 1343 3086 Olomuoeusenr
1363 3069 1370 3084 .
1391 3073 1397 3087 .
1417 3072 1424 3089 .
1445 3073 1451 3085 .
1475 3021 1735 3088 consideracione

231 3125 444 3194 ....Caroli
478 3127 689 3190 Rornanorum
723 3125 977 3208 imperatoris..
997 3175 1029 3190 ..
1065 3132 1099 3191 et
1121 3127 1252 3192 Boemie
1285 3126 1371 3209 regis
1401 3126 1547 3208 illustris,
1581 3147 1640 3210 pro
1663 3128 1736 3211 ipso

229 3232 392 3295 l'ridcrico
426 3230 550 3296 notario
574 3236 608 3295 et
631 3229 758 3295 olficiali
782 3248 840 3296 suo
859 3277 866 3294 .
887 3281 892 3293 .
914 3277 947 3296 ..
972 3231 1190 3313 supplicantis,
1215 3230 1375 3296 lusoribus
1398 3231 1546 3313 prosequi
1570 3232 1735 3314 graciosis¹

229 3335 424 3400 fraternitati
459 3347 513 3400 tue
533 3385 540 3400 .
560 3387 567 3399 .
588 3382 620 3397 ..
653 3334 848 3412 mandamus,
883 3339 1041 3414 quatenns
1060 3386 1067 3399 .
1089 3385 1094 3397 .
1114 3385 1149 3400 ..
1185 3336 1304 3400 dictum
1337 3334 1524 3400 beneficium
1548 3337 1594 3401 sio
1617 3356 1736 3402 vacans

230 3490 264 3504 ..
288 3490 295 3504 .
315 3489 322 3504 .
341 3438 445 3503 eidem
467 3437 630 3503 Friderico
654 3438 845 3503 auctoritate
868 3444 978 3503 nostra
1000 3438 1144 3504 conferas
1167 3445 1201 3504 et
1225 3439 1447 3522 assignes...
1467 3490 1484 3520 .‚
1518 3458 1581 3505 non
1605 3442 1735 3506 obstan-

230 3546 368 3610 tibus..
389 3593 434 3623 ..,
458 3544 540 3625 quod
564 3543 597 3607 in
620 3542 823 3608 Olornucensi
847 3543 1064 3607 canonicatum
1088 3549 1121 3607 et
1143 3544 1337 3625 prebendam
1361 3550 1394 3608 et
1415 3543 1446 3607 in
1470 3543 1557 3608 dicta
1578 3544 1736 3628 Progensi

230 3649 377 3713 ecclesiis
401 3648 503 3712 altare
528 3667 553 3713 s.
578 3647 662 3710 Luce
687 3666 722 3711 ac
746 3646 977 3730 parrochialem
1000 3646 1167 3711 ecclesiam
1194 3647 1227 3711 in
1250 3649 1435 3730 Neumburg
1457 3647 1628 3730 Progensis
1651 3649 1734 3716 dioc.

230 3754 372 3818 noscitur
405 3754 559 3817 obtinere.
606 3751 758 3817 Volumus
794 3758 910 3830 autem,
943 3752 1026 3831 quod
1060 3751 1146 3816 idern
1170 3752 1363 3836 blidericus,
1394 3753 1651 3835 quamprimum.
1671 3797 1680 3820 .
1700 3806 1734 3819 ..

230 3858 306 3923 dicti
330 3856 475 3923 beneficii
506 3857 740 3939 possessionem
771 3856 933 3938 pacificam
963 3855 1061 3922 iuuerit
1092 3862 1269 3941 assecutus,
1301 3857 1419 3921 dictum
1452 3857 1734 3925 alta1·e....di-

231 3963 357 4027 nrittere
381 3968 530 4026 teneatur
549 4011 557 4027 .
575 4011 582 4024 .
601 4011 635 4026 ..
668 3963 706 4024 D.
730 3962 887 4026 Aninioae
910 3961 942 4025 ll
965 3960 1027 4025 kal.
1053 3961 1237 4025 Decembris
1261 3979 1288 4025 a.
1313 3961 1458 4042 septimo.

360 4168 390 4222 ll.
410 4170 459 4221 nv.
479 4174 530 4221 140
550 4167 595 4220 iol.
614 4171 684 4230 45⁰3
711 4166 743 4220 n.
762 4169 822 4221 Vat.
842 4173 893 4221 234
912 4168 958 4222 fol.
982 4173 1049 4223 lbb'.
1074 4198 1107 4208 -
1121 4167 1305 4235 ,Przisbislao‘
1324 4169 1386 4223 l'at.
1407 4197 1437 4205 -
1459 4169 1478 4235 ¹)
1498 4168 1575 4222 Cani.
1595 4185 1634 4222 ar.
1655 4175 1699 4224 82.

231 4553 348 4620 1014.
374 4553 561 4638 Compositio
584 4552 731 4618 nicoliae
765 4552 803 4616 dc
824 4553 963 4635 Kojctica
994 4572 1090 4636 super
1123 4552 1255 4616 aboatis
1288 4553 1325 4617 dc
1348 4552 1449 4619 ollam
1476 4572 1502 4617 s.
1527 4554 1677 4638 Procopii
1698 4557 1733 4622 in

822 4658 951 4724 ccclesia
974 4657 1139 4739 Prapcnss‘.

1343 4799 1429 4863 1359
1451 4799 1635 4864 Decembris
1656 4804 1689 4868 2.

361 4991 442 5056 ltern
477 5008 546 5055 curn
569 4989 731 5056 lohannes
765 4989 922 5071 quondam
958 4987 1080 5054 llatbie
1115 4989 1154 5053 de
1179 4988 1326 5071 Cogeticz
1360 4990 1530 5072 presbyter
1560 4989 1734 5072 Pragensis

230 5095 300 5160 dioc
302 5144 420 5162 .....
430 5102 457 5174 ·)
502 5132 543 5142 -
587 5095 649 5159 Die
672 5095 703 5158 ΙΙ
726 5094 845 5159 mensis
879 5093 1064 5157 Decembris
1098 5112 1179 5157 anno
1202 5092 1390 5158 blGCCLlX
1427 5093 1460 5157 in
1491 5093 1583 5160 domo
1614 5094 1736 5161 domini

230 5198 363 5266 Eblonis
387 5200 494 5266 clerici
517 5217 641 5265 camere
665 5199 841 5281 composuit
863 5198 1076 5280 personaliter
1091 5198 1131 5262 ad
1147 5198 1282 5262 mediam
1306 5205 1430 5281 partem
1453 5196 1614 5264 fructuum
1637 5201 1734 5265 unius

231 5305 305 5376 arun
328 5304 512 5375 solvendum
543 5322 666 5373 camere
690 5306 723 5371 in
746 5303 829 5371 sesto
852 5303 1031 5375 nativitatis
1061 5303 1179 5373 domiui
1201 5300 1397 5387 MCCCLXI,
1419 5303 1624 5389 presentibus
1647 5303 1735 5373 Heu·
