3944 6060
703 458 771 510 moe
789 454 865 510 Junii
882 459 917 510 so
935 485 968 495 -
987 454 1056 511 Julii
1076 458 1116 510 1e.
1599 460 1663 526 319

158 662 387 745 archiepiscopi
411 661 582 729 Tholosani
605 664 772 730 camerarii
807 665 909 731 nostri
932 665 1017 748 apud
1039 666 1149 730 sedem
1177 666 1385 748 apostolicum
1409 672 1523 748 sponte
1547 665 1662 730 iactam

155 774 193 832 et
224 786 282 850 per
303 768 440 834 eundem
464 768 735 852 archiepiscopum
768 769 851 852 apud
884 769 993 835 sedem
1017 770 1118 851 ipsam
1141 770 1319 850 admissam,
1353 771 1393 834 de
1417 770 1549 852 speciali
1572 789 1657 836 man·

151 871 230 936 dato
252 877 361 939 nostro
383 870 468 937 iacto
492 873 551 938 sibi
575 890 672 954 super
701 873 760 938 hoo
783 874 910 940 oraculo
934 875 1004 939 vive
1030 875 1126 957 vocis,
1158 875 1243 956 apud
1266 875 1374 938 sedem
1398 875 1531 940 eundem
1568 893 1660 938 voca-

154 976 263 1041 verint
284 981 319 1041 et
342 995 455 1042 vacare
477 983 650 1043 noscantur
673 978 714 1043 ad
736 996 870 1060 presens
873 1028 988 1057 .....
1020 997 1078 1043 nos
1101 978 1247 1043 volentes
1270 980 1299 1043 d.
1323 978 1342 1042 i.
1367 978 1543 1044 iohannem
1568 979 1657 1043 Pauli

154 1080 307 1145 clericum
338 1081 508 1163 Pragensis
531 1082 623 1161 dioc,
648 1100 798 1148 camere.
819 1134 825 1147 .
845 1132 878 1147 ..
911 1081 1016 1148 Caroli
1041 1083 1252 1148 Romanorum
1282 1083 1510 1164 imperatoris.
1531 1134 1537 1148 .
1557 1133 1565 1148 .
1583 1133 1599 1165 .,
1623 1089 1659 1147 nt

155 1186 321 1265 asseritur,
345 1184 578 1250 thesaurarium
581 1236 699 1269 .....
726 1186 886 1253 favoribus
909 1188 1059 1270 prosequi
1089 1186 1252 1270 graciosie
1288 1187 1476 1254 discrecioni
1499 1194 1580 1253 tue.
1601 1236 1660 1252 ...

151 1290 351 1371 maneamne,
374 1294 532 1370 quatenus
552 1340 558 1354 .
577 1340 584 1353 .
603 1341 609 1354 .
631 1342 637 1354 .
661 1291 879 1357 canonicatum
903 1297 937 1355 et
951 1291 1146 1374 prebendam
1162 1291 1324 1374 predictos
1340 1292 1386 1356 sic
1403 1298 1552 1357 vacantes
1574 1342 1580 1356 .
1600 1340 1607 1354 .
1627 1342 1634 1358 .
1654 1343 1660 1356 .

153 1392 262 1458 eidem
296 1391 435 1458 Johanni
469 1394 560 1459 Pauli
596 1395 787 1461 auctoritate
830 1401 939 1461 nostra
972 1394 1116 1460 conferre
1151 1401 1183 1460 et
1217 1395 1380 1478 assignare
1404 1413 1581 1478 procures.
1602 1448 1608 1460 .
1629 1444 1662 1460 ..

154 1498 197 1562 Ι).
219 1499 303 1581 apud
326 1498 557 1564 Villamnouam
582 1498 809 1566 Aninionensis
832 1501 891 1566 dic.
916 1501 964 1564 111
988 1501 1053 1565 kal.
1075 1499 1153 1565 Julii
1177 1520 1203 1564 a.
1230 1507 1336 1566 sento.x

260 1686 293 1740 R
313 1686 363 1740 Ar.
393 1691 442 1740 139
468 1684 516 1740 fol.
545 1692 602 1754 177,
620 1685 652 1740 R.
672 1685 732 1740 Vnt.
759 1692 809 1740 2³3
837 1686 884 1742 fol.
905 1692 962 1743 150.
994 1717 1021 1728 -
1046 1689 1071 1756 α)
1089 1686 1279 1750 ,Oinissonem‘
1307 1690 1367 1753 Au,
1386 1689 1573 1756 ,cunssonenr‘
1601 1687 1663 1742 Vnt.

155 1771 364 1840 mmmm

152 2123 249 2190 806.
282 2124 386 2189 Vucae
408 2123 447 2189 de
468 2122 702 2200 Liooctoouep
725 2121 807 2189 luico
831 2122 1003 2205 hoyensis
1025 2122 1104 2188 dioc.
1128 2127 1157 2188 et
1179 2122 1293 2187 Annae
1315 2123 1381 2187 eius
1403 2123 1498 2189 uxori
1522 2122 1663 2205 endudpc·

150 2229 220 2303 iar,
243 2231 279 2292 ut
302 2226 465 2309 confessor
487 2246 592 2292 eorum
621 2227 657 2292 in
677 2227 788 2292 mortis
810 2226 946 2292 articulo
972 2224 1103 2309 plenum
1126 2226 1264 2291 eunium
1283 2229 1483 2310 peccatorum
1506 2227 1662 2293 remissic-

156 2354 229 2397 ncm
265 2332 311 2398 cis
344 2332 506 2398 concedere
534 2334 647 2416 possit.
689 2331 872 2414 „movente
914 2330 1029 2414 „Apud
1067 2328 1299 2410 Vollumtnouom
1331 2330 1387 2395 ΙΙΙ
1415 2327 1480 2396 kal.
1515 2330 1599 2395 dolis·
1631 2350 1662 2395 a.

855 2438 972 2501 κήαι(

950 2575 1045 2658 Apud
1075 2573 1315 2657 villamnovam,
1345 2574 1429 2639 1368
1451 2571 1544 2639 June'c'
1565 2574 1618 2637 29.

290 2760 1506 2836 mmmmmmmmmmmm-QMMstmmmm

158 3150 461 3220 edeldrudae«)
490 3149 572 3216 dieto
602 3150 705 3215 Voduc
734 3148 771 3215 dc
802 3147 964 3231 (idolium)
993 3149 1074 3214 luico
1099 3147 1272 3229 stupescis
1302 3145 1379 3212 dioc.
1403 3144 1594 3226 impetur,
1627 3147 1663 3209 ut

151 3261 317 3338 commem
339 3257 408 3321 ciue
431 3256 464 3319 in
487 3256 595 3320 nimia
618 3255 752 3320 articulo
763 3254 894 3337 plenum
920 3255 1057 3318 omnium
1078 3257 1283 3336 peccatorum
1305 3250 1518 3315 emissionem
1540 3250 1568 3313 ci
1590 3270 1662 3315 cou-

160 3361 266 3427 eedere
282 3361 397 3445 poscit.
446 3358 629 3443 „Proventu
665 3358 781 3443 „Apud
811 3357 1041 3424 Villamnouum
1063 3356 1289 3423 Auiuioneueia
1314 3355 1393 3419 dioc.
1417 3355 1474 3419 lli
1490 3352 1555 3418 tul.
1579 3351 1663 3420 Julii

825 3484 855 3527 a.
880 3465 995 3527 sexto·

216 3589 281 3673 ,Ξῖ
951 3597 1046 3681 apuu
1076 3596 1315 3677 Vueamnovam,
1339 3596 1426 3662 rese
1447 3595 1543 3664 June
1564 3599 1617 3660 29.

291 3782 1660 3857 Rammmwstmmmmms-mffimmnmmmfflmwu

810 3981 1011 3996 μ--ι--σ

160 4171 249 4241 808.
275 4173 380 4241 doceo
401 4174 566 4257 epiecopus
588 4173 770 4237 Portiones
792 4170 963 4252 supplicae,
986 4173 1141 4253 quotenus
1170 4166 1312 4235 „rosanae
1335 4163 1464 4230 Nicotoi
1486 4164 1523 4229 de
1546 4164 1662 4230 Letho-

205 4277 285 4343 muel
307 4277 346 4342 de
368 4277 531 4358 diynitote
549 4279 727 4359 personatu
746 4273 795 4339 uel
817 4272 921 4356 officio
946 4274 1093 4339 ccclesiae
1123 4269 1381 4336 Vrutieluoa'ensis
1400 4269 1616 4351 provideatur.

961 4412 1057 4495 Apud
1087 4410 1325 4488 Villomuooum,
1351 4410 1436 4473 1358
1458 4408 1543 4474 dolii
1569 4409 1617 4472 15.

288 4624 453 4710 Supplicat
486 4623 529 4691 8¹¹
563 4624 615 4689 V¹⁸
645 4623 749 4690 Guido
772 4621 957 4689 Portuensis
980 4621 1159 4703 episcopus,
1193 4622 1350 4699 qnatenus
1380 4615 1579 4699 procuratori
1602 4633 1660 4681 suo

169 4725 277 4796 dilecto
311 4729 344 4794 in
366 4728 432 4794 illis
454 4729 599 4812 partibus
621 4727 760 4793 Johunui
790 4726 947 4808 quondam
970 4724 1094 4789 Nicolai
1125 4724 1164 4788 de
1187 4721 1396 4787 Luthomnsel
1428 4720 1468 4784 de
1492 4719 1661 4801 dignitate,

166 4842 330 4912 personatu
361 4835 413 4900 vel
446 4832 548 4899 officio
578 4833 713 4897 ecclesie
747 4829 1017 4896 Wratislauiensis
1048 4848 1117 4894 cum
1148 4845 1224 4891 curu
1245 4826 1296 4890 vel
1320 4825 1389 4889 sine
1413 4843 1498 4901 cura,
1533 4823 1573 4887 ad
1596 4823 1659 4888 col·

169 4934 314 5005 larionem
332 4989 339 5003 .
357 4989 365 5002 .
383 4989 419 5006 ..
442 4938 584 5021 episcopi
607 4944 641 5003 et
663 4937 796 5020 capituli
819 4935 1096 5014 Wratislauiensis
1117 4932 1149 4997 in
1172 4930 1308 4995 ecelesia
1331 4929 1382 4994 vel
1408 4934 1500 4992 extra
1523 4946 1657 4992 commu·

166 5040 244 5107 niter
272 5042 323 5108 vel
356 5041 481 5109 divisim
505 5047 682 5125 spectante,
719 5041 745 5105 si
769 5045 862 5105 vacat
888 5038 927 5102 ad
951 5055 1083 5120 presens
1114 5036 1165 5102 vel
1189 5053 1257 5099 cum
1282 5032 1451 5111 vacaverit,
1488 5031 1660 5114 dignemini

169 5146 325 5225 providere
348 5165 418 5212 cnm
440 5146 672 5223 reservacione,
696 5143 927 5225 acceptacione,
951 5141 1153 5224 inhibicione‚
1177 5140 1306 5204 decreto
1322 5143 1400 5218 etc.;
1423 5155 1486 5201 non
1503 5137 1659 5219 obstante,

169 5250 243 5327 quod
276 5249 310 5314 in
325 5248 478 5315 ecclesia
511 5268 536 5314 s.
560 5250 648 5314 Petri
671 5249 704 5313 in
726 5249 856 5313 Brunna
879 5245 1099 5311 Olomncensis
1123 5245 1202 5309 dioc.
1228 5240 1446 5306 canonicatum
1469 5246 1503 5304 et
1526 5239 1659 5321 preten-

171 5350 233 5419 dau
256 5355 381 5422 obtinet
403 5359 439 5419 et
460 5354 543 5437 quod
567 5353 606 5418 de
630 5352 817 5418 canonicatu
840 5358 874 5415 et
896 5350 1059 5433 prebenda
1075 5347 1209 5413 ecclesie
1225 5343 1500 5413 Wrutislauiensis
1516 5343 1659 5425 predicte
