3990 6052
613 386 614 389 ’
673 399 739 446 1338
758 393 916 446 Decembris
935 399 969 446 28
992 423 1017 431 -
1042 399 1107 446 1353
1126 392 1267 446 Februarii
1290 399 1328 444 11.
1689 395 1753 459 347

244 604 334 670 874.
360 603 457 667 Leoni
478 602 559 667 dicto
584 603 752 665 Dresnicer
774 601 962 682 conceditur,
985 605 1022 664 at
1040 600 1181 682 provisio
1204 602 1241 665 de
1248 599 1435 683 parochiali
1449 600 1580 664 ecclesia
1602 601 1637 664 in
1656 599 1754 683 Tepla

579 705 607 768 ei
623 704 722 789 fucta
745 709 775 768 et
796 704 921 769 collatio
943 704 1081 769 eiusdem
1111 704 1258 770 ecclesiae
1281 704 1418 769 valeant.

1156 841 1319 921 Aoinione
1346 844 1431 908 1358
1455 843 1635 908 Decemboa's
1657 843 1708 906 29.

376 1037 413 1098 Ι).
437 1033 457 1097 1.
493 1033 593 1098 Leoni
624 1034 708 1099 dicto
743 1035 914 1098 Dresnicer
947 1034 1095 1098 canonico
1129 1034 1315 1097 monasterii
1338 1033 1504 1115 Teplcnsis
1536 1035 1753 1098 Premonstra·

244 1139 347 1203 tensis
371 1138 491 1202 ordinis
515 1139 685 1220 l’rngensis
721 1138 800 1201 dioc.
825 1138 959 1202 salntem
983 1144 1043 1202 etc.
1080 1137 1255 1218 Religionis
1278 1138 1367 1201 zelus
1535 1137 1688 1202 Exhibita
1711 1137 1753 1199 si·

245 1242 373 1323 quidem
397 1243 487 1307 nobis
510 1261 568 1324 pro
592 1248 683 1324 parte
708 1249 763 1305 tua
786 1243 903 1322 peticio
927 1242 1118 1322 continebat,
1153 1242 1237 1321 quod
1261 1241 1377 1304 dudum
1402 1240 1592 1322 parrochiali
1616 1240 1754 1304 ecclesia

243 1345 278 1409 in
301 1345 402 1427 Tepla
425 1346 595 1428 Progensis
627 1346 706 1410 dioc.
742 1363 782 1408 ex
805 1364 843 1408 eo
868 1351 1012 1423 vacante,
1038 1346 1120 1425 quod
1155 1345 1186 1408 d.
1210 1344 1230 1407 f.
1255 1344 1417 1409 Jobannes
1441 1347 1623 1427 prepositus
1646 1364 1753 1409 inona-

244 1450 337 1514 sterii
361 1449 649 1515 Chotissouicensis
672 1469 731 1530 per
754 1451 950 1531 prepositum
987 1448 1074 1514 soliti
1105 1450 1276 1529 gubernari
1301 1449 1607 1514 Premonstratensis
1632 1449 1753 1515 ordinis

244 1552 330 1617 dicte
354 1553 434 1618 dioc.
458 1559 533 1617 tunc
557 1553 673 1617 dictam
707 1553 875 1617 ecclesiam
909 1554 1065 1629 obtinens,
1096 1571 1154 1634 per
1184 1553 1317 1617 dilectas
1342 1555 1373 1616 in
1409 1553 1536 1618 Christo
1560 1552 1640 1617 filias
1664 1570 1755 1616 cano·

244 1656 332 1721 uices
355 1663 389 1721 et
411 1662 600 1721 conventum
622 1657 723 1735 ipsius
747 1657 930 1720 monasterii
946 1657 979 1719 in
996 1674 1104 1720 earum
1127 1662 1160 1718 et
1183 1657 1327 1720 eiusdem
1350 1657 1536 1721 monasterii
1559 1657 1753 1738 prepositum

245 1761 446 1826 concorditer
467 1761 598 1840 electus,
622 1759 932 1823 administracioncm
957 1763 1109 1825 bonorum
1133 1760 1233 1841 ipsius
1257 1762 1442 1825 monasterii
1466 1762 1576 1826 extitit
1599 1761 1751 1825 canonice

243 1870 280 1928 et
300 1864 432 1946 pacifice
455 1869 629 1945 assecutus,
653 1863 681 1926 d.
705 1863 726 1927 f.
750 1864 890 1945 Eyringo
922 1865 1018 1928 abbas
1048 1864 1233 1927 monasterii
1265 1865 1433 1945 Teplcnsis
1464 1865 1584 1928 ordinis
1616 1871 1650 1928 et
1673 1864 1752 1927 dioc.

245 1968 458 2049 predictorum
485 1966 715 2049 parrochialem
750 1967 917 2031 ecclesiam
948 1967 1132 2049 predictam,
1165 1985 1222 2048 per
1255 1969 1422 2033 canonicas
1445 1968 1546 2050 ipsius
1569 1968 1754 2033 monasterii

245 2070 423 2153 Teplcnsis,
458 2072 547 2136 cuius
582 2072 694 2137 existis
730 2071 898 2134 canonicus
929 2070 1102 2152 professus
1135 2072 1303 2152 gubernari
1329 2079 1513 2136 consuetam
1536 2080 1570 2136 et
1594 2073 1633 2135 ad
1659 2072 1753 2135 colla-

247 2174 370 2240 cionem
394 2176 555 2240 abbatisse
580 2176 657 2239 dicti
696 2174 881 2238 monasterii
903 2173 1080 2255 Teplcnsis,
1104 2191 1164 2254 que
1188 2181 1238 2238 est
1271 2194 1328 2256 pro
1351 2182 1503 2258 tempore,
1529 2177 1753 2258 pertinentem,

246 2278 291 2343 sic
312 2284 478 2342 vacantem
521 2279 794 2355 ....cnnonice,
829 2277 892 2340 nisi
925 2283 1035 2343 nostra
1068 2278 1211 2342 obstaret
1245 2281 1435 2362 reservacio,
1467 2281 1524 2344 tibi
1556 2280 1692 2344 contulit
1721 2285 1756 2343 et

244 2381 385 2464 providit
414 2382 514 2445 eciam
539 2383 578 2445 de
602 2382 667 2463 illa,
691 2387 788 2462 tuque
812 2382 921 2462 vigore
945 2380 1173 2446 collaciouiset
1185 2384 1376 2463 provisionis
1393 2385 1572 2449 huiusmodi
1597 2384 1753 2467 prefatam

243 2485 411 2549 ecclesiam
434 2491 551 2549 extunc
581 2503 640 2568 per
671 2493 807 2565 quatuor
839 2503 939 2548 annos
962 2485 1013 2547 vel
1045 2485 1129 2548 circa
1151 2487 1284 2551 tenuisti
1316 2494 1350 2552 et
1371 2489 1555 2570 possedisti,
1580 2496 1674 2570 prout
1697 2489 1755 2552 ad-

244 2586 306 2653 huc
328 2593 421 2653 tenes
443 2595 478 2653 et
499 2590 645 2671 possides
668 2588 800 2671 pacifice
823 2595 857 2653 et
880 2589 997 2668 quiete.
1023 2588 1100 2653 Cum
1125 2595 1240 2663 autern,
1266 2591 1349 2655 sicut
1372 2593 1482 2657 eadem
1495 2592 1612 2674 peticio
1625 2592 1755 2656 subiun-

245 2693 350 2774 gebat,
374 2700 409 2757 tu
426 2692 563 2770 dubitas,
588 2694 673 2774 qrrod
696 2693 833 2757 ecclesia
856 2693 926 2774 ipsa
948 2698 1091 2773 tempore
1116 2694 1299 2759 collacionis
1323 2702 1356 2760 et
1379 2696 1570 2778 provisionis
1592 2696 1753 2778 predicta-

246 2798 314 2860 'rum
336 2795 435 2866 fuerit
457 2797 661 2879 disposicioni
694 2797 867 2879 apostolice
897 2801 1073 2879 reservata,
1101 2803 1197 2878 teque
1232 2816 1326 2880 posse
1357 2806 1527 2882 propterea
1551 2818 1647 2881 super
1684 2800 1755 2879 ipsa

246 2899 454 2983 imposterum
476 2903 650 2983 molestari,
673 2921 730 2967 nos
747 2903 891 2966 volentos
903 2907 935 2965 te
947 2953 952 2965 .
965 2954 970 2965 .
982 2953 988 2966 .
1000 2900 1123 2966 lavore
1135 2903 1285 2983 prosequi
1304 2905 1456 2987 gracioso,
1471 2957 1476 2968 .
1489 2954 1495 2967 .
1507 2953 1532 2967 ..
1554 2905 1699 2969 volumus
1721 2908 1754 2966 et

247 3005 422 3087 apostolica
454 3006 514 3071 tibi
545 3007 737 3071 auctoritate
772 3006 983 3082 concedimus,
1019 3005 1102 3086 quod
1133 3005 1264 3070 collacio
1299 3013 1334 3071 et
1367 3008 1506 3089 provisio
1544 3009 1688 3090 predicte
1713 3006 1753 3070 de

245 3109 383 3174 ecclesia
403 3109 476 3191 ipsa
497 3128 556 3192 per
578 3110 714 3174 eundem
738 3111 894 3186 abbatem,
918 3116 954 3173 ut
976 3108 1181 3192 premittitur,
1206 3110 1265 3174 tibi
1295 3110 1379 3174 lacte
1403 3117 1437 3174 et
1460 3110 1522 3174 alia
1544 3111 1621 3176 inde
1644 3117 1755 3175 secuta
1860 3115 1863 3120 “

246 3213 379 3294 perinde
401 3232 420 3277 a
443 3213 518 3278 data
541 3214 793 3295 presencium..
815 3266 820 3278 .
841 3264 848 3276 .
872 3214 1026 3278 valeant.
1048 3265 1053 3277 .
1074 3260 1108 3275 ..
1157 3214 1192 3277 l).
1219 3215 1376 3279 Aninionc
1408 3214 1471 3278 IllI
1503 3215 1564 3278 kal.
1606 3214 1755 3279 ianuarii

246 3315 448 3397 pontificatus
470 3319 571 3382 nostri
595 3337 622 3382 a.
647 3324 747 3381 sexto.

376 3504 409 3559 lt
427 3506 478 3558 Ar.
499 3511 546 3559 138
564 3505 611 3560 sol.
629 3511 697 3559 723⁴.

247 3783 337 3850 876.
361 3782 604 3867 Arcbiepiacopo
627 3783 977 3868 Propensiconcedctur
992 3783 1143 3863 facultas
1158 3785 1308 3863 faciendi
1325 3805 1440 3868 pacem
1454 3785 1537 3849 inter
1553 3786 1754 3850 Koaimirum

246 3907 348 3969 repen
379 3888 529 3953 Polonioe
551 3892 581 3953 et
602 3887 791 3968 mapietram
815 3907 853 3951 oc
868 3892 998 3966 fratres
1022 3887 1190 3970 hospitalia
1213 3888 1240 3953 b.
1264 3891 1394 3955 Mariae
1419 3889 1680 3955 Tbeatonicoram
1703 3911 1752 3954 or·

244 3989 331 4056 diocia
352 3991 615 4058 Jerosotooitooi.
643 3993 751 4074 „Inter
773 3994 876 4055 cetera
898 3990 1144 4055 desiderabilio“
1173 3991 1348 4067 „Aniniooe
1378 3993 1423 4056 VI
1438 3993 1503 4058 eat.
1532 3992 1700 4058 Februarii
1723 4016 1752 4059 o.

316 4150 351 4158 ..
918 4096 1079 4179 seplim0.“

293 4182 363 4305 ..Ξ
1182 4234 1345 4318 Acinione,
1369 4236 1456 4300 1359
1477 4238 1635 4304 Jonoarii
1655 4240 1709 4302 27.

377 4424 409 4478 R.
428 4427 477 4476 Ar.
498 4429 545 4477 141
565 4422 612 4477 lol.
632 4428 689 4476 889.
705 4454 737 4463 -
756 4423 805 4477 Ed.
825 4422 899 4492 apud
917 4423 1044 4491 Theium,
1061 4424 1136 4479 Mon.
1156 4422 1213 4475 Pol.
1234 4424 1244 4476 l
1264 4440 1324 4492 pag.
1344 4428 1396 4477 888
1409 4440 1449 4477 ur.
1470 4430 1527 4478 789.

896 4599 1104 4609 ———

246 4736 336 4803 876.
362 4736 523 4800 Martinus
545 4736 580 4799 ira
602 4734 746 4799 &batem
768 4735 954 4800 monosterii
968 4732 1202 4802 Strabooieacis
1222 4737 1335 4803 electus
1346 4738 1446 4803 eidem
1461 4739 1754 4822 monoclerioproe·

936 4840 1057 4921 ficitur.

294 4962 433 5085 ‚ffl
1177 4980 1339 5059 noanon,
1362 4981 1448 5045 1359
1471 4980 1637 5044 neumare
1660 4983 1711 5044 11.

377 5171 415 5235 D.
439 5170 460 5234 f.
485 5169 623 5234 Martino
657 5172 762 5236 abbati
798 5171 982 5236 monasterii
1017 5170 1259 5236 strahowiensis
1289 5171 1368 5235 alias
1404 5171 1523 5237 Montis
1546 5170 1629 5253 Syon
1654 5187 1753 5253 prope

246 5274 379 5358 Prognen
410 5273 716 5339 Premonstratensis
747 5275 868 5339 ordinis
891 5275 1026 5340 salutem
1049 5281 1111 5340 etc.
1135 5275 1225 5339 Inter
1254 5273 1474 5339 solicitudines
1499 5327 1504 5338 .
1527 5327 1530 5334 .
1552 5324 1586 5341 ..
1628 5274 1754 5338 llurlum
