4358 6200
784 539 851 596 lete
868 532 1026 598 Decembris
1046 493 1082 598 rb
1100 573 1127 584 -
1147 533 1306 600 bemmtrb
1324 539 1367 600 rt.
1784 539 1830 614 71.

323 751 412 819 168.
448 751 637 834 maroneo
663 753 831 818 Honestec
857 757 887 818 et
915 749 1110 820 Hellondr'oe
1137 756 1299 821 comilieec
1321 755 1490 839 supplicet,
1522 762 1677 842 queem
1698 756 1826 822 ᾱοηαίἰο

322 853 404 921 ieris
420 859 613 940 patronatus
636 860 665 921 ct
687 855 900 939 incorporatio
921 856 1061 940 capellae
1082 878 1108 924 s.
1133 856 1302 924 Laurentii
1329 859 1365 925 in
1385 864 1491 926 castro
1513 861 1698 964 Lepniceom
1718 881 1828 928 mona·

661 1011 665 1021 .
730 1023 737 1059 ‚v
828 963 924 1030 derio
946 963 1084 1030 Lubcnee'
1106 963 1316 1047 confirmetur.

1225 1102 1389 1184 Aornum,
1412 1105 1499 1170 1353
1522 1089 1705 1172 meremus
1725 1107 1783 1173 rs.

452 1290 615 1382 Significat
644 1291 682 1358 ge
705 1293 763 1358 'df‘
784 1291 913 1380 [devota
935 1293 1000 1359 filia
1022 1300 1130 1360 vestre
1152 1293 1335 1376 Margarete
1353 1295 1499 1362 Hanouie
1522 1302 1557 1362 et
1579 1277 1749 1364 Hollandie
1772 1317 1823 1364 co·

322 1397 495 1482 mitisse]·)
519 1418 575 1481 pro
592 1400 711 1464 abbate
726 1403 761 1463 et
775 1403 931 1463 conventu
954 1399 1139 1464 monasterii
1154 1398 1311 1464 Lubensis
1334 1399 1454 1468 ordinis
1471 1399 1693 1470 cisterciensis
1710 1402 1826 1467 Wruti·

322 1501 491 1568 slauiensis
522 1503 612 1584 dioc,
651 1503 734 1584 quod
764 1502 871 1568 XVIII
901 1502 992 1568 onnis
1021 1504 1189 1569 retroactis
1220 1504 1272 1569 vel
1305 1503 1379 1587 plus
1407 1504 1537 1573 inclitus
1560 1503 1708 1588 princeps
1730 1504 1825 1572 Bole-

323 1606 409 1672 slaus
432 1608 496 1672 dux
512 1605 615 1672 Slesie
638 1612 672 1672 et
687 1607 832 1673 domiuus
848 1607 1030 1690 Bregensis,
1054 1613 1185 1691 propter
1206 1627 1351 1699 magnam
1366 1615 1401 1682 et
1416 1609 1578 1692 ingentem
1600 1609 1826 1676 necessitatem

322 1716 499 1793 temporum
522 1711 572 1776 ius
584 1717 773 1794 patronatus
796 1711 972 1795 capellanie
995 1729 1019 1776 s.
1034 1711 1204 1777 Laurencii
1227 1718 1261 1778 et
1283 1713 1383 1795 ipsam
1407 1713 1561 1798 cupellam
1584 1713 1617 1782 ’ru
1640 1719 1745 1780 cestro
1767 1731 1825 1782 suo

321 1815 456 1900 Legniez
487 1818 572 1884 dicto
595 1817 788 1885 monasterio
811 1821 846 1882 et
868 1815 1036 1881 conventui
1065 1815 1155 1881 dedit
1184 1821 1219 1881 et
1249 1835 1308 1900 per
1332 1816 1451 1890 fratres
1472 1818 1616 1888 eiusdem
1638 1817 1825 1886 monasterii

319 1921 489 2004 regendum
513 1923 651 2007 donavit,
682 1937 774 2004 quam
798 1919 1003 1987 donacionem
1026 1921 1217 1986 venerabilis
1247 1925 1340 2003 pater
1354 1979 1357 1986 ,
1370 1921 1516 1992 dominus
1540 1920 1743 2004 Neuberusl)
1768 1941 1825 2006 pro

320 2030 395 2090 tuuc
420 2027 589 2110 episcopus
612 2025 888 2093 Wreb'slauiensis
918 2024 957 2090 de
989 2042 1144 2090 consensu
1174 2025 1224 2092 sui
1255 2025 1387 2108 capituli
1417 2025 1614 2092 confirmavit
1643 2032 1677 2092 et
1707 2027 1825 2094 dictem

320 2130 476 2213 capellam
498 2151 567 2196 eum
591 2133 735 2197 omuibus
757 2130 945 2204 redditibus,
972 2128 1094 2196 iuribus
1117 2134 1152 2194 et
1174 2130 1420 2196 obventionibus
1443 2149 1483 2196 ex
1506 2131 1602 2196 certis
1625 2136 1660 2197 et
1681 2131 1822 2196 raciona-

320 2234 436 2301 bilibus
465 2237 570 2302 ceusis
600 2235 685 2301 dicto
714 2234 907 2302 monasterio
936 2233 1091 2298 Lubeusi.
1107 2240 1262 2318 perpetuo
1291 2235 1506 2320 incorporavit
1527 2239 1563 2303 et
1585 2235 1697 2318 univit,
1730 2240 1766 2301 ut
1779 2219 1836 2299 'in'

319 2338 438 2412 litteris
468 2357 565 2424 super
596 2340 656 2406 boc
689 2339 841 2406 conlectis
864 2337 990 2422 plenius
1013 2339 1202 2405 continetur.
1242 2337 1347 2416 Quare
1370 2339 1552 2422 supplicent
1583 2339 1688 2405 eidem
1710 2338 1750 2404 Su
1768 2339 1823 2404 V¹⁰

320 2444 397 2510 dicti
420 2445 517 2511 obbas
540 2451 574 2510 et
596 2450 780 2529 conventus,
804 2448 960 2526 quatenus
983 2443 1198 2526 donacionem,
1218 2443 1507 2525 iucorporaoionem
1530 2449 1565 2509 et
1582 2444 1729 2510 unionem
1750 2462 1821 2527 pre·

319 2549 421 2616 dictes
443 2568 480 2614 ac
503 2550 617 2630 omnis,
641 2569 703 2633 que
727 2548 811 2615 circe
831 2548 891 2614 bec
914 2554 986 2614 octa
1009 2552 1094 2631 sunt,
1117 2565 1158 2612 ex
1180 2553 1267 2614 certa
1284 2547 1423 2614 sciencie
1437 2546 1623 2616 confirmare
1639 2548 1822 2636 dignemini,

318 2653 504 2737 supplentes
527 2654 681 2736 defectus,
705 2654 733 2719 si
756 2655 809 2736 qui
832 2651 952 2720 fuerint
973 2653 1006 2720 iu
1028 2653 1203 2736 premissis,
1225 2659 1260 2719 et
1282 2653 1366 2735 quia,
1389 2660 1482 2737 peter
1504 2660 1623 2736 sancte,
1645 2653 1749 2720 felicis
1771 2672 1821 2719 re-

318 2758 514 2824 cordacionis
535 2777 619 2843 pope
638 2758 784 2824 Clemens
800 2757 853 2840 Vl,
875 2759 1084 2840 predecessor
1105 2762 1222 2840 vester,
1244 2756 1364 2822 dictem
1386 2757 1592 2847 donacionem
1615 2763 1651 2824 et
1672 2758 1836 2852 unionem¹

318 2860 514 2928 confirmavit
545 2869 581 2929 et
609 2883 706 2946 super
734 2862 794 2928 boc
823 2861 943 2927 fuerint
972 2862 1080 2928 littere
1111 2861 1239 2956 scripte,
1274 2861 1331 2929 sed
1362 2867 1531 2944 antequem
1559 2867 1668 2942 esseut
1690 2863 1823 2940 bullata,

318 2965 402 3032 idem
424 2967 633 3049 predecessor
654 2973 763 3033 vester
784 2965 953 3048 expiravit.
1464 2961 1467 2970 ’
1518 2961 1523 2970 ’

446 3107 520 3173 Fiet
542 3108 583 3175 G.
626 3108 670 3174 Et
692 3107 762 3173 sine
793 3107 856 3172 alie
886 3106 1038 3174 leccione.
1071 3105 1145 3172 mae
1182 3105 1218 3173 G.
1252 3105 1291 3172 D.
1313 3106 1470 3175 Auinione
1493 3107 1552 3176 XV
1583 3107 1647 3174 lml.
1668 3107 1824 3194 Ianuarii,

317 3232 345 3277 a.
369 3231 479 3295 prrmo.
1421 3235 1424 3242 ¹
1575 3245 1577 3249 ·
1647 3251 1649 3256 .

446 3401 788 3473 RSuppl.2llol.1b2.
810 3431 837 3442 -
861 3407 886 3470 ¹)
916 3400 1024 3472 ,devote
1040 3430 1066 3442 -
1088 3375 1236 3458 comitisee‘
1265 3417 1300 3456 ex
1327 3400 1529 3473 supplicatione
1553 3369 1735 3472 praecedente
1755 3419 1819 3473 eup-

316 3487 429 3560 pletum.
453 3489 480 3556 b)
498 3489 621 3556 Corripe:
640 3489 813 3559 ‚Noukeruet

967 3647 1169 3660 ————

317 3822 406 3890 169.
438 3821 576 3888 omacio
603 3820 686 3888 turb
711 3825 904 3904 patronatus
934 3824 964 3885 et
992 3821 1203 3905 incorporatio
1232 3817 1373 3906 capellae
1393 3842 1423 3887 er
1455 3821 1623 3886 mereris·
1651 3822 1687 3888 ὄπ
1716 3827 1821 3888 cestro

317 3926 501 4009 Lepore‘ceaer‘
522 3927 712 3991 monasterio
734 3927 872 3992 Lubenei
893 3926 1127 4009 confirmantur.
1162 3923 1257 4008 „Hire
1278 3944 1334 4010 que
1358 3924 1401 3989 ad
1422 3924 1614 3991 relevamen·
1646 3925 1822 4008 „Aulaione

386 4085 415 4137 Χ
806 4031 872 4096 XV
889 4029 953 4098 eal.
976 4031 1133 4099 Jamerti
1155 4051 1185 4097 a.
1205 4029 1341 4115 primo“.

364 4170 433 4228 .Χ.
761 4183 763 4188 ·
984 4183 987 4218 1
1093 4183 1098 4188 “
1219 4167 1703 4245 'Aunbnelebdlleeembrb
1727 4172 1776 4237 18.

444 4344 476 4398 R.
495 4344 545 4398 Ar.
565 4349 615 4398 125
632 4342 679 4398 Iol.
698 4347 757 4408 517,
777 4342 808 4398 R.
829 4341 890 4397 Vel.
908 4348 958 4397 222
978 4341 1025 4396 fol.
1043 4337 1113 4399 426¹.
1131 4372 1164 4383 -
1182 4341 1233 4396 Ed.
1252 4341 1327 4413 apud
1345 4341 1471 4408 Tbeiner,
1491 4343 1565 4397 Mon.
1583 4343 1667 4397 Poll
1686 4358 1746 4414 pag.
1760 4349 1820 4399 bol.

318 4729 405 4798 170.
438 4727 601 4797 Jobcnnes
624 4727 727 4794 dictus
757 4725 872 4814 Ruffus
902 4731 931 4796 ei
960 4725 1122 4798 Jobonaes
1156 4725 1245 4794 Wcrd
1273 4726 1465 4811 supplicant,
1497 4731 1654 4810 quotenus
1687 4727 1749 4792 eibi
1782 4728 1821 4793 de

314 4833 478 4918 beneficiis,
492 4833 528 4898 in
548 4853 596 4898 nr.
610 4835 672 4898 rel
691 4831 857 4916 descriptis
873 4831 1058 4898 adinvicem
1076 4831 1310 4916 pemutundr'e,
1331 4831 1545 4913 provideatur.
1573 4831 1668 4913 „Flac
1687 4831 1727 4899 G.
1744 4833 1820 4900 Sine

463 4937 532 5005 clia
546 4938 690 5005 leccione.
714 4938 790 5006 mat
815 4934 854 5004 G.
878 4938 919 5002 D.
942 4936 1100 5004 Auiniouc
1122 4938 1213 5006 XIII
1228 4937 1292 5002 leel.
1315 4937 1471 5006 laneam·
1493 4959 1524 5002 a.
1543 4937 1682 5023 primo“.

1224 5073 1388 5158 Aoinione,
1411 5077 1498 5142 1353
1521 5075 1701 5142 Decembris
1722 5071 1776 5142 20.
1800 5071 1803 5078 ’

443 5268 476 5325 s.
495 5267 591 5340 Suppl.
610 5275 645 5325 24
663 5269 710 5324 iol.
732 5273 788 5324 lod.
808 5298 841 5310 -
859 5268 891 5323 ln
909 5283 993 5338 marg.
1012 5237 1149 5340 ein.:⁵,W.
1168 5267 1201 5322 Δ.
1220 5235 1344 5338 permut‘.

966 5481 1166 5497 mm
