3944 6060
804 450 933 510 Carolus
957 482 995 493 -

288 687 432 743 Nicolaus
458 681 582 738 Fridlini
609 679 644 733 de
671 675 793 730 Brunna
820 681 864 740 55,
890 664 953 737 358,

286 773 349 846 367·
369 786 439 844 375:

288 859 398 918 Paulus
417 859 452 913 de
473 856 571 926 Praga
590 867 660 920 214:

288 947 394 1003 Petrus
439 940 585 1016 Johannis
630 929 868 991 Leuthornertzri
918 927 952 980 (16

288 1034 386 1105 Praga
411 1029 462 1101 158
471 1049 477 1095 ;

289 1117 444 1176 Servatins
469 1117 504 1171 de
531 1111 683 1182 Warhurg
710 1106 776 1179 1383

288 1203 456 1262 Stanislaus
477 1199 592 1256 Alherti
615 1199 652 1252 de
673 1190 825 1250 Poznania
848 1204 915 1259 147:

287 1289 489 1348 Theodericus
523 1283 653 1342 Simonis
685 1280 754 1336 dicti
790 1279 885 1349 Beyor
918 1277 954 1329 de

289 1376 458 1450 Boppardia
480 1386 550 1446 252;

231 1481 357 1541 Carolus
381 1478 452 1535 IV.:
477 1475 516 1532 ia
526 1473 564 1530 ni
578 1482 643 1528 tor
667 1469 731 1525 eiu
745 1488 758 1525 s
783 1480 952 1537 supremus:

288 1565 439 1622 Divi—sius
466 1563 517 1634 [de
540 1550 650 1624 Rican]
678 1571 722 1628 35.

287 1652 440 1709 medici
467 1648 546 1706 eius:
575 1645 734 1703 Balthasar
762 1643 797 1698 de
826 1637 953 1694 Marcei-

287 1740 356 1798 linis
377 1756 429 1808 40;

285 1828 438 1902 johannes
458 1822 584 1879 Henrici
603 1822 639 1877 (16
659 1818 748 1876 Νον6
768 1816 865 1872 Domo
886 1827 953 1885 130:

286 1915 438 1988 Johannes
458 1909 604 1966 Wiclonis
623 1909 661 1964 (16
678 1898 826 1978 Glogovia
845 1898 916 1968 4183

289 2001 462 2058 Reimboius
493 1995 657 2052 Eberhardi
688 1993 725 2049 de
754 1991 863 2048 Castro
893 2001 954 2046 120.

287 2087 350 2161 265,
373 2087 436 2159 276,
459 2084 522 2152 282,
546 2083 609 2154 289,
633 2096 696 2153 290,
720 2092 783 2151 305,
806 2076 876 2149 478;

287 2165 463 2236 militfes
492 2171 602 2227 eius:

287 2261 441 2338 Jaraczius
466 2261 501 2316 (16
527 2254 684 2328 Pogorella
707 2270 758 2322 413

288 2349 431 2405 Nicolaus
458 2348 493 2403 de
521 2344 593 2401 Orle
619 2357 690 2411 424;

287 2435 490 2492 Theodericus
514 2433 549 2488 dc
575 2427 790 2498 Houcheringa
818 2439 876 2495 107.

229 2660 268 2668 -
287 2626 434 2682 nuncii
468 2619 723 2694 (amhaxiatores)
755 2616 834 2672 eius:

288 2711 445 2771 conradus
474 2711 510 2791 de
541 2705 731 2766 Geisenheim
762 2718 831 2776 505;

289 2799 454 2858 Guilelmus
472 2797 509 2855 de
527 2795 657 2852 Lestkov
675 2793 720 2864 64,
738 2790 784 2860 86,
806 2805 866 2860 104,
884 2803 954 2860 3²¹2

291 2886 434 2959 Neplach,
467 2883 530 2942 abb.
564 2891 689 2939 monast.
723 2875 953 2951 Opatovicensis

287 2975 314 3043 8,
340 2989 367 3046 9,
394 2989 445 3039 20:

288 3059 427 3117 Ortolfus
455 3055 679 3115 Voherstorfer
704 3054 775 3127 269;

290 3149 458 3212 Preczlaus
491 3164 550 3217 eps,
584 3140 832 3200 Vratislaviensis
864 3154 915 3210 25:

288 3233 491 3291 Theodericus
515 3233 553 3289 de
580 3230 796 3300 Honcheringa
826 3240 892 3297 107:

289 3321 419 3378 Thobias
443 3321 479 3376 de
504 3317 644 3390 Bechynd
668 3331 713 3388 74,
738 3315 782 3386 76.
805 3312 857 3380 80;

290 3408 435 3480 Vojslaus·
457 3405 603 3478 Johannis
628 3404 664 3460 de
691 3401 806 3459 Sadska
831 3416 894 3472 331.

205 3567 207 3570 Ι
288 3494 434 3550 nuncii
475 3493 567 3549 eins
606 3491 651 3547 ad
691 3489 826 3545 sedem
867 3504 954 3556 apo

290 3581 381 3637 stol.
409 3601 434 3636 v.
461 3578 580 3643 Avinio,
607 3575 715 3632 nuncii.

231 3780 601 3842 -procuratores
663 3767 741 3823 cius:
805 3771 955 3835 procurat.

289 3858 352 3914 eius
374 3858 451 3929 apud
473 3857 571 3912 sedem
593 3855 731 3926 apostol.:
755 3851 868 3908 Olenus
891 3850 956 3905 Pii-

287 3945 374 4002 Ι013161
402 3945 438 4000 (16
465 3943 667 4000 Odlochovicz
696 3954 759 4014 251.
786 3972 823 3979 —
851 3955 956 4009 procn-

289 4043 371 4088 rator
393 4031 456 4087 eins
479 4031 508 4085 in
533 4047 624 4100 regno
648 4027 824 4083 Boheniiae:
849 4023 955 4081 Wern*

289 4119 378 4174 herus
398 4116 554 4173 Thinionis
575 4115 610 4171 (16
632 4113 871 4171 Erdnrannsdorf
892 4125 956 4183 379,

289 4205 352 4278 380,
377 4203 440 4277 398-

232 4395 528 4451 -secretarii
555 4394 634 4452 eius:

290 4480 448 4539 Corradus
483 4484 518 4540 de
556 4481 745 4539 Geisenheirn
783 4479 847 4551 487.
885 4493 955 4549 491;

291 4569 441 4626 Henricus
464 4570 500 4625 de
525 4569 658 4625 Wesalia
681 4583 726 4640 37,
748 4567 819 4638 483;

290 4656 418 4728 Jacobus
440 4656 601 4729 Augustini
626 4656 693 4724 146:

290 4743 442 4815 Johannes
457 4745 493 4799 de
511 4744 599 4799 Novo
618 4743 696 4802 Foro
710 4741 761 4813 67;

290 4830 441 4902 Johannes
472 4849 531 4902 eps,
562 4829 771 4886 Olomncensis
802 4844 852 4900 74:

290 4916 441 4988 Johannes
462 4915 588 4971 anfraz
610 4917 645 4973 de
667 4917 825 4988 Teynraria
848 4914 918 4983 482:

290 5003 440 5075 Johanncs
468 5004 656 5060 Hohenheim
683 5005 717 5060 (16
744 5003 821 5059 weil
851 5017 918 5074 125:

291 5090 434 5148 Nicolaus
458 5092 493 5148 de
519 5090 651 5147 Cremsir
676 5089 839 5162 256-261;

292 5176 443 5244 Nicolaus,
471 5177 608 5234 scholast.
637 5177 800 5249 Progensis
823 5193 894 5249 492;

292 5263 399 5321 Petrus
420 5265 457 5321 de
481 5264 566 5321 Luna
593 5264 660 5334 146;

238 5407 241 5411 ,
292 5349 407 5407 Plichta
435 5351 565 5408 Conradi
593 5352 629 5408 de
658 5351 760 5408 Misna
788 5365 855 5423 19o;

1667 432 1731 501 549

1021 446 1163 510 Castrum

1065 655 1214 714 Rudolfus
1239 656 1274 711 (16
1299 653 1459 724 Honrburg
1483 665 1552 722 252:

1065 742 1213 800 Rudolins
1233 741 1377 815 johannis
1399 738 1493 795 Rnlcn
1513 738 1549 794 de
1570 736 1733 808 Friedhcrg

1069 832 1128 900 146,
1155 846 1224 896 200;

1067 919 1261 990 Segremours
1284 917 1323 973 (16
1349 915 1495 971 Ponieriis
1523 913 1590 985 136:

1065 1005 1187 1078 prnko
1206 1004 1302 1074 Lepus
1321 1004 1357 1059 (16
1377 1001 1560 1072 Hasenburg
1580 1015 1639 1071 109.

1009 1109 1143 1169 Carolus.
1163 1108 1378 1179 primogenitus
1398 1105 1478 1176 regis
1498 1104 1650 1165 Franciae,
1671 1102 1733 1157 dux

1067 1195 1284 1254 Normanniae.·
1305 1191 1461 1263 delphinus
1488 1189 1667 1246 Viennensis
1699 1186 1732 1257 (†

1069 1281 1174 1354 1380):
1201 1281 1268 1338 cler.
1295 1290 1323 1336 et
1350 1279 1488 1335 ianrhiar.
1514 1278 1592 1333 eins:
1619 1276 1732 1332 Crista-

1066 1387 1121 1425 nns
1146 1387 1192 1441 qu.
1221 1366 1388 1424 Sebastiani
1414 1366 1449 1422 de
1477 1364 1632 1436 Mladr'ejov
1660 1362 1733 1418 Pra-

1065 1455 1165 1527 gensis
1192 1455 1268 1511 dioc.
1298 1467 1361 1525 359.

1010 1541 1135 1599 Carolus
1164 1541 1288 1597 Velislai
1316 1541 1351 1596 de
1381 1539 1470 1611 Spole
1497 1558 1523 1594 v.
1552 1537 1649 1608 80016.

993 1628 1144 1719 6610103.
1173 1647 1226 1684 reor
1255 1627 1409 1699 Ungariac
1443 1626 1476 1697 (†
1508 1624 1615 1696 1342):
1646 1632 1732 1678 natus

1065 1715 1144 1772 eius:
1178 1714 1355 1786 Stephanus
1387 1714 1448 1769 dux
1479 1709 1732 1783 Transsylvaniae

1064 1802 1127 1871 466.

1009 1903 1250 1978 carpentoracte,
1274 1904 1464 1976 carpentas,
1489 1901 1615 1958 Francia
1642 1899 1732 1970 (Car-

1063 1991 1321 2064 pentoratensis):
1351 2009 1410 2062 eps.
1438 2007 1501 2062 91.⁴

1010 2079 1180 2152 Carpincto‚
1211 2080 1296 2151 plura
1327 2080 1392 2134 loca
1421 2078 1450 2133 in
1483 2077 1570 2134 ltalia
1600 2085 1628 2132 et
1659 2073 1732 2131 Cor-

1066 2166 1142 2223 sica:
1164 2165 1198 2221 B.
1220 2166 1255 2222 dc
1275 2181 1339 2238 324,
1360 2165 1423 2237 336,
1444 2164 1507 2237 361.

1009 2267 1230 2337 ,Camenzaco'z
1247 2277 1372 2325 monast.
1390 2266 1625 2324 Mediolanensis
1641 2262 1732 2321 dioc:

1066 2375 1146 2413 can:
1169 2356 1260 2427 Hugo
1282 2356 1317 2411 de
1339 2355 1509 2426 Bompartis
1528 2354 1565 2410 de
1587 2352 1732 2410 Mediola-

1067 2462 1107 2499 no
1128 2442 1191 2512 284.

1010 2545 1178 2611 carthusia,
1198 2547 1225 2601 la
1243 2545 1569 2612 Grande-C'hartreuse,
1589 2543 1732 2600 Francia:

1066 2642 1207 2689 monast.:
1231 2633 1310 2704 prior
1331 2643 1359 2690 ct
1380 2650 1464 2688 cons.
1486 2630 1608 2688 maioris
1628 2630 1733 2687 domus

1069 2733 1128 2791 170.

1010 2805 1233 2863 carthusiensis
1258 2806 1320 2862 ord.
1347 2804 1527 2862 monasteria
1555 2821 1615 2878 170.

1010 2892 1188 2953 Kasimirns.
1218 2891 1383 2949 Casiniirus
1413 2913 1438 2949 v.
1468 2892 1649 2950 Kazirn-irns.

1010 2978 1173 3048 ‚Caslari0’‚
1195 2977 1364 3050 Stephanus
1384 2979 1537 3047 hunerici,
1557 2980 1592 3036 61.
1613 2980 1657 3050 (16,
1677 2980 1733 3036 66-

1066 3067 1212 3123 turcensis
1237 3065 1311 3123 dioc.
1337 3081 1399 3138 522.

1010 3152 1203 3221 Caslatensis,
1232 3152 1414 3209 Casletensis
1444 3173 1470 3210 v.
1501 3152 1612 3210 Cassel.

1010 3256 1168 3313 Kasmirus
1201 3277 1227 3315 v.
1259 3256 1439 3312 Kazimirus.

1009 3343 1177 3414 ,Kaspurk'.
1203 3360 1264 3414 par.
1289 3344 1377 3399 eccla.
1404 3342 1564 3415 Pragensis
1590 3343 1635 3399 vel
1661 3339 1733 3397 Olo-

1066 3429 1215 3485 muccnsis·
1233 3430 1324 3486 (1106.;
1346 3439 1433 3485 recu:
1456 3428 1578 3487 Persico
1597 3441 1659 3498 512.

1010 3515 1121 3584 Cassel,
1161 3516 1292 3573 Francia·
1332 3516 1540 3588 (Casletensis
1579 3515 1732 3572 Caslaten-

1067 3602 1144 3674 sis):
1167 3605 1255 3661 eccla.
1280 3602 1463 3660 Morinensis
1484 3601 1575 3660 dioc:
1599 3619 1732 3674 praepos.

1065 3690 1091 3756 8,
1115 3705 1178 3762 253.

1010 3792 1169 3859 Castelatz,
1194 3792 1350 3850 Castellicz
1376 3811 1401 3847 v.
1427 3790 1575 3847 Kostelec.

1010 3879 1161 3947 Castellio,
1178 3877 1331 3947 6636111011,
1350 3878 1476 3934 Francia
1497 3873 1712 3950 (castellione)
1727 3893 1732 3927 :

1067 3966 1247 4038 Hugonetus
1266 3967 1310 4032 de,
1331 3964 1629 4035 Gratianopolitanae
1648 3963 1733 4022 (1106..

1066 4054 1135 4111 cler.
1164 4052 1264 4110 Caroli
1294 4053 1357 4119 IV„
1385 4072 1448 4109 can.
1478 4051 1583 4107 666166.
1614 4051 1732 4121 Lugdu-

1067 4140 1167 4196 nensis
1194 4140 1238 4195 vel
1267 4139 1487 4196 Bisunrinensis
1516 4138 1575 4210 136.

1011 4226 1182 4292 6636611601,
1215 4226 1355 4293 66366110,
1390 4226 1476 4282 Italia
1513 4223 1733 4297 (castellanen-

1069 4312 1145 4385 si·s):
1171 4314 1262 4369 dioc:
1288 4324 1412 4369 monast.
1439 4332 1460 4368 s.
1488 4311 1603 4368 Nico‘lai
1630 4311 1659 4366 in
1684 4309 1732 4364 Li-

1068 4410 1131 4457 tore
1155 4402 1190 4457 de
1216 4399 1351 4456 Veneriis
1375 4400 1418 4471 78.

1012 4487 1156 4543 663611100
1187 4506 1213 4542 v.
1244 4485 1395 4543 Cascellio.

1012 4573 1146 4629 Castoris
1168 4585 1197 4629 et
1219 4573 1331 4628 Florini
1354 4591 1400 4639 ss,
1423 4573 1510 4628 66616.
1523 4571 1733 4628 Conilneruiae

1068 4679 1094 4716 v.
1122 4658 1324 4718 Con-fluentia.

1012 4745 1127 4808 Castro,
1155 4746 1243 4802 Italia
1273 4745 1496 4817 (Castrensis):
1523 4764 1583 4817 eps.
1613 4760 1671 4815 149.

1011 4832 1266 4904 Castrohurglinis
1293 4834 1328 4888 (16
1356 4853 1382 4888 v.
1411 4831 1596 4904 Burglinnm.

1012 4920 1160 4984 (astrum,
1191 4918 1364 4975 Reimbotus
1395 4919 1559 4976 Eberhardi
1590 4921 1635 4983 de,
1665 4922 1729 4975 cler.

1070 5005 1307 5071 Wormatiensis
1335 5025 1411 5078 mag.
1438 5012 1468 5063 in
1495 5018 1549 5062 art.
1576 5018 1603 5062 et
1630 5008 1732 5063 medic.

1067 5091 1180 5157 doctor,
1222 5090 1355 5148 medicus
1385 5103 1413 5149 et
1447 5092 1584 5148 familiar.
1627 5094 1733 5147 Annae

1069 5179 1192 5237 Roman.
1214 5188 1244 5236 et
1264 5179 1336 5235 Boh.
1360 5180 1479 5251 reginae
1500 5189 1528 5234 et
1548 5178 1648 5236 Caroli
1670 5179 1733 5239 IV..

1068 5283 1132 5321 can.
1157 5283 1224 5337 exp.
1250 5283 1302 5336 pr„
1328 5275 1432 5337 postea
1455 5283 1523 5322 cunr
1548 5283 1590 5337 pr.
1617 5278 1645 5322 et
1671 5266 1733 5321 the-

1067 5368 1145 5412 saur.
1173 5351 1279 5409 ecclae.
1307 5351 1546 5420 wormatiensis,
1574 5360 1643 5408 rect.
1671 5368 1732 5424 par.
