3944 6060
239 424 305 491 510
843 425 913 476 ncta
929 419 1082 476 1116661111
1099 419 1145 473 vl.

241 635 360 700 1284.
398 634 540 697 Litterae
573 631 729 696 Bodasloi
763 631 887 695 obbatis
920 630 1107 694 monosterii
1139 627 1293 695 Siloeasis
1323 626 1362 692 de
1394 625 1546 691 eleccione
1584 622 1751 690 Vencesloi

242 737 337 802 Pauli
360 734 889 801 661111611161111611611661111
920 736 955 798 ia
971 734 1192 817 praepositum
1221 731 1405 796 monosterii
1429 729 1610 795 Caniccasis
1635 749 1751 812 popae

687 839 731 903 od
752 838 1018 920 confirmationem
1034 840 1294 919 praesentantur.

1145 975 1307 1051 Animosa,
1332 972 1414 1038 1361
1439 969 1622 1036 Decembris
1648 973 1699 1035 16.

365 1152 400 1215 In
424 1152 549 1216 nomine
572 1151 688 1216 domini
714 1168 814 1216 amen.
847 1150 913 1216 Nos
935 1149 1114 1215 Bohuslaus
1145 1149 1252 1213 divina
1277 1147 1484 1212 miseracione
1519 1146 1616 1210 abbas
1639 1163 1750 1210 mona-

235 1255 325 1319 sterii
349 1254 510 1338 Syloensis
534 1255 838 1320 Premoustratensis
861 1254 981 1320 ordinis
1003 1253 1174 1336 Pragensis
1197 1253 1288 1334 dioc,
1320 1261 1413 1333 pater
1436 1251 1533 1315 abbas
1556 1249 1746 1315 monasterii

234 1359 434 1441 prepositure
457 1358 741 1423 sanctimonialium
768 1359 801 1422 in
824 1357 949 1441 Cunycz
980 1358 1057 1423 dicti
1080 1358 1201 1422 ordinis
1225 1355 1445 1423 Olomuceusis
1477 1354 1556 1420 dioc.
1581 1372 1641 1436 per
1673 1371 1746 1436 pre·

234 1463 371 1545 positum
395 1462 482 1528 soliti
506 1464 684 1544 gubernari,
708 1467 818 1527 notum
840 1460 973 1526 iacimus
1005 1462 1163 1527 universis
1186 1466 1251 1525 tam
1274 1459 1478 1543 presentibus
1502 1477 1596 1540 quam
1626 1456 1744 1524 bituris

233 1567 432 1649 presencium
456 1572 634 1632 nostrarum
666 1567 815 1632 noticiam
839 1564 995 1630 habituris
1018 1564 1207 1641 litterarum,
1239 1565 1322 1645 quod
1354 1568 1487 1628 vacante
1511 1580 1613 1645 nuper
1634 1581 1745 1628 mona·

153 1703 155 1706 ⁴
237 1671 336 1736 sterio
359 1676 393 1735 et
414 1671 618 1753 prepositura
652 1669 891 1753 Cunycensibus
924 1668 1077 1751 predictis
1107 1686 1165 1750 per
1198 1676 1332 1733 mortem
1354 1668 1435 1732 bone
1460 1666 1611 1732 memorie
1634 1665 1744 1732 1111111

234 1773 388 1839 Johannis
401 1778 440 1839 (16
457 1773 694 1856 Nichilspurl,·)
712 1771 841 1855 'pridem
853 1771 1009 1855 prepositi
1026 1770 1102 1836 dicti
1115 1772 1300 1837 monasterii
1316 1771 1504 1852 immediati,
1520 1789 1651 1853 corpore
1669 1789 1745 1852 quo·

235 1897 296 1960 quo
319 1878 397 1943 dicti
425 1877 580 1942 Johanuis
614 1878 831 1944 ecclesiastice
862 1877 980 1942 tradito
1013 1876 1186 1957 sepulture,
1218 1877 1372 1959 volentes,
1404 1880 1500 1958 prout
1530 1875 1571 1939 ad
1598 1880 1743 1941 nostrum

234 1987 360 2063 spectat
383 1981 529 2064 officium,
562 1982 646 2046 dicto
670 1982 862 2047 monasterio
886 1982 931 2046 sic
954 1981 1079 2045 vacanti
1103 1981 1142 2045 (16
1166 1981 1328 2063 preposito
1351 1987 1385 2044 et
1408 1985 1536 2062 pastore
1568 1980 1743 2045 secundum

234 2091 355 2150 statuta
378 2092 412 2150 et
433 2086 600 2168 privilegia
623 2086 742 2152 ordinis
759 2085 1064 2151 Promonstratensis
1080 2086 1228 2150 canonice
1253 2085 1429 2166 providere,
1452 2088 1487 2147 et
1503 2088 1656 2165 quantum
1673 2103 1743 2149 cum

235 2191 294 2256 deo
317 2208 492 2272 possemus,
525 2191 747 2272 indempnitati
779 2191 857 2254 dicti
879 2191 1063 2256 monasterii
1087 2189 1253 2254 consulere
1276 2195 1310 2253 et
1333 2203 1514 2271 precavere,
1547 2188 1744 2255 instantibus

234 2294 333 2359 eciam
352 2294 442 2359 nobis
464 2295 622 2377 religiosis
645 2296 762 2359 nostris
784 2295 817 2358 iu
834 2293 960 2358 Christo
983 2292 1107 2358 filiabus
1123 2291 1270 2357 Eufarnia
1293 2293 1455 2374 priorissa,
1477 2292 1576 2357 Jutka
1593 2293 1740 2375 subprio-

233 2398 323 2479 rissa,
347 2396 481 2462 llacbua
505 2399 642 2462 cantrice
667 2398 844 2479 ceterisque
868 2397 1057 2462 monialibus
1080 2401 1115 2461 et
1137 2402 1292 2462 conventu
1316 2396 1500 2461 monasterii
1531 2396 1679 2480 predicti,
1703 2397 1745 2463 ad

233 2521 311 2583 quas
334 2502 449 2567 electio
472 2503 656 2567 monasterii
672 2501 788 2585 prelati
812 2503 852 2568 de
868 2503 937 2566 iure
961 2501 1140 2582 etantiqua
1156 2500 1387 2566 consuetudine
1403 2500 1545 2565 noscitur
1567 2499 1741 2584 pertinere,

234 2606 393 2687 priorisse,
424 2606 645 2688 subpriorisse‚
677 2605 809 2671 cantrioi
832 2612 866 2670 et
888 2606 1058 2671 conventui
1096 2604 1287 2686 supradictis
1319 2603 1634 2685 vicesimamprimam
1659 2604 1744 2670 diem

233 2710 350 2775 mensis
372 2710 390 2774 J
395 2710 451 2774 ulii
470 2711 630 2792 presentis
653 2711 820 2775 terminum
837 2709 1085 2792 peremptorium
1108 2714 1142 2773 ot
1164 2709 1322 2790 precisum
1346 2708 1491 2774 duximus
1515 2707 1744 2790 assignandum

233 2815 273 2878 ad
297 2815 529 2895 procedendum
559 2815 700 2880 indicto
731 2814 1254 2895 61661161111616616(1611166,
1286 2817 1438 2893 quantum
1469 2810 1566 2878 fuerit
1597 2812 1637 2877 de
1662 2814 1743 2897 iure,

234 2937 270 2981 ac
292 2918 445 3000 omnibus,
469 2937 600 2999 quorum
623 2918 760 2984 interest
782 2918 832 2983 vel
855 2925 964 3000 posset
988 2917 1144 2982 interesse
1160 2917 1364 2997 quovismodo
1377 2917 1409 2980 11
1425 2915 1576 2994 futurum,
1600 2922 1636 2981 et
1658 2918 1743 2998 quod

234 3023 404 3086 secundum
429 3022 549 3085 ordinis
571 3022 720 3086 instituta
750 3022 950 3087 venerabiles
973 3027 1007 3086 et
1029 3022 1195 3103 religiosos
1226 3022 1310 3086 viros
1333 3020 1449 3085 iratres
1479 3027 1606 3086 nostros
1638 3021 1743 3087 karis-

234 3126 329 3189 simos
352 3125 384 3188 P.
406 3177 412 3188 .
434 3176 440 3188 .
465 3125 678 3207 Gradicensis,
705 3125 880 3190 Hiuconem
911 3128 1205 3208 Zaburdouicensis,
1230 3125 1432 3191 Wilhelmum
1462 3126 1646 3191 Jarocensis
1676 3147 1744 3193 mo-

234 3230 443 3295 nasteriorum
466 3230 597 3293 abbates
621 3230 696 3294 dicti
721 3230 841 3295 ordinis
871 3230 1091 3297 Olomuceusis
1122 3236 1156 3295 et
1186 3230 1387 3295 Patauiensis
1420 3231 1499 3295 dioc.
1532 3231 1572 3295 ad
1603 3232 1742 3296 eundem

234 3335 401 3398 terminum
434 3334 562 3399 invitari
593 3333 725 3397 fecimus
755 3335 920 3400 61166111
950 3336 989 3399 ad
1014 3335 1238 3417 presidendum
1269 3335 1430 3399 nobiscum
1461 3341 1495 3399 et
1525 3335 1742 3400 assistendum

234 3437 323 3502 nobis
354 3438 385 3501 in
416 3438 576 3503 eleccione
609 3437 788 3504 huiusmodi
819 3440 1017 3504 celebranda.
1049 3438 1286 3519 Subsequenter
1315 3456 1439 3519 quoque
1470 3439 1620 3503 16116116
1654 3439 1742 3504 dicto

234 3543 368 3607 termino
392 3543 432 3606 ad
454 3542 645 3606 eleccionem
672 3540 801 3623 prefixo,
825 3544 1079 3625 comparentibus
1102 3543 1202 3607 eciam
1225 3542 1377 3624 predictis
1408 3542 1575 3607 abbatibus
1597 3543 1630 3606 in
1653 3543 1742 3608 dicto

234 3647 401 3710 Cunicensi
427 3647 619 3711 monasterio
651 3647 749 3710 veluti
772 3647 833 3729 piis
865 3648 1049 3712 monasterii
1080 3654 1113 3712 et
1137 3647 1256 3711 ordinis
1286 3646 1500 3728 predictorum
1534 3648 1740 3730 zelatoribus,

233 3750 393 3831 priorissa,
425 3750 644 3831 subpriorisse‚
669 3753 791 3814 cantrix
815 3758 848 3815 et
872 3757 1046 3816 conventus
1075 3752 1257 3815 monialium
1288 3750 1502 3832 predictarum
1533 3769 1567 3815 se
1591 3751 1738 3816 1116166-

233 3855 354 3918 cionem
370 3855 502 3917 eandem
520 3854 735 3935 disponentes,
759 3855 856 3920 missa
878 3856 918 3919 de
942 3855 1056 3936 spiritu
1073 3861 1182 3919 sancto
1198 3855 1344 3936 primitus
1361 3855 1546 3919 solemnitor
1566 3855 1740 3921 decantata

233 3958 363 4039 ipsaque
394 3957 492 4035 finita,
524 3959 563 4021 ad
594 3977 705 4023 sonum
736 3977 886 4041 campane
916 3979 979 4022 una
1009 3959 1171 4024 nobiscum
1195 3966 1228 4023 et
1251 3959 1346 4023 dictis
1376 3958 1588 4023 confratribus
1618 3960 1739 4024 nostris

231 4062 402 4142 capitulum
426 4061 502 4124 dicti
519 4063 702 4127 monosterii
725 4070 758 4127 et
781 4064 899 4128 adhoc
923 4070 1113 4145 congregate
1138 4063 1357 4145 capitulariter
1379 4064 1588 4128 intraverunt.
1613 4063 1650 4127 In
1673 4083 1738 4145 quo

232 4165 375 4228 omnibus
398 4171 432 4228 et
454 4164 586 4245 singulis
610 4167 812 4247 presentibus
836 4175 869 4232 61
892 4167 1157 4231 interessentibus
1187 4167 1377 4231 monialibus
1399 4167 1584 4232 monasterii
1607 4165 1738 4251 prefati,

232 4268 285 4349 qui
300 4274 472 4349 potuerunt
487 4274 522 4331 et
536 4269 715 4333 debuerunt
737 4270 893 4335 interesse
917 4270 957 4335 de
980 4270 1060 4353 iure,
1084 4271 1253 4334 decantato
1277 4271 1424 4352 primitus
1441 4290 1498 4354 per
1513 4288 1570 4336 uos
1594 4278 1627 4335 et
1649 4272 1750 4352 ipsas

232 4391 346 4453 ympno
381 4371 435 4452 ,Te
460 4372 552 4435 deum
585 4373 759 4437 laudamus‘
790 4379 944 4438 statutum
976 4375 1075 4439 nostri
1100 4375 1404 4438 Premonstrateusis
1427 4374 1546 4440 ordinis
1570 4375 1738 4440 continens

232 4476 348 4540 formas
360 4475 553 4540 eleccionum
570 4476 602 4539 in
619 4477 703 4541 dicto
721 4477 860 4559 capitulo
875 4476 1008 4542 fecimus
1024 4478 1152 4542 recitari
1168 4477 1334 4555 hortando,
1349 4479 1506 4544 mouendo
1522 4483 1556 4543 et
1570 4478 1603 4542 in
1615 4479 1736 4544 virtute

233 4585 341 4644 111616
355 4580 539 4644 obediencie
553 4580 757 4662 precipiendo
773 4581 933 4662 priorisse,
951 4582 1171 4664 subpriorisse‚
1186 4582 1316 4646 cantrici
1333 4589 1366 4646 et
1389 4582 1577 4647 monialibus
1601 4601 1638 4647 ac
1660 4601 1737 4648 oon·

233 4684 341 4747 ventui
365 4682 526 4764 predictis,
550 4692 582 4749 nt
608 4685 779 4749 secundum
804 4686 941 4765 aliquam
965 4685 1131 4750 deformis
1155 4687 1305 4768 perlectis
1329 4687 1501 4768 procedere
1524 4692 1673 4752 curarent
1695 4687 1737 4753 ad

231 4786 423 4850 eleccionem
447 4788 631 4869 predictam.
657 4788 772 4852 Statim
796 4807 920 4870 quoque
936 4789 1096 4870 priorissa,
1114 4790 1334 4871 subpriorisse‚
1359 4790 1481 4854 cantrix
1504 4795 1538 4855 ot
1560 4797 1736 4856 conventus

231 4889 411 4953 monialium
435 4891 576 4971 predicte
601 4891 799 4956 deliberandi
823 4911 841 4955 a
860 4893 951 4957 nobis
974 4893 1068 4956 venia
1090 4893 1192 4974 potita
1208 4899 1242 4956 61
1258 4895 1388 4958 6116111
1403 4894 1488 4958 11161
1507 4912 1541 4958 16
1558 4899 1736 4960 tractantes

152 4978 155 4985 ’
230 4999 263 5056 61
297 5012 404 5058 omues
438 4994 561 5075 singule
596 4996 776 5077 supradicte
811 4996 942 5060 formam
977 4997 1193 5078 compromissi
1228 4997 1467 5078 arnplectantes,
1491 4998 1523 5062 in
1556 4999 1734 5080 predictam

231 5097 407 5161 Eulerniam
440 5098 624 5179 priorissam
655 5106 728 5163 rota
762 5107 796 5164 et
826 5100 912 5164 vices
942 5102 1081 5181 ipsarum
1113 5107 1146 5163 et
1185 5100 1354 5165 cuiuslibet
1396 5121 1504 5166 eurum
1536 5103 1737 5169 concorditer

230 5203 462 5266 transtulerunt
484 5209 518 5266 et
541 5203 573 5266 in
597 5221 667 5266 eam
691 5205 983 5285 compromiserunt,
1009 5205 1122 5268 (lantes
1146 5204 1206 5269 sibi
1230 5205 1438 5271 omnimodam
1462 5211 1668 5289 potestatem,
1699 5213 1736 5273 ut

232 5304 301 5387 ipsa
325 5305 471 5370 Eusemia
494 5326 550 5372 suo
573 5314 607 5371 et
630 5308 769 5390 ipsarum
792 5315 827 5372 et
848 5309 1019 5373 cuiuslibet
1040 5309 1180 5391 ipsarum
1204 5326 1242 5373 ac
1265 5309 1341 5373 dicti
1357 5317 1532 5375 conventus
1550 5311 1676 5377 nomino
1699 5319 1735 5378 ot
