3944 6060
635 340 701 391 135³
719 337 882 407 Septembris
901 342 933 392 lb
952 367 985 379 -
1004 337 1135 396 Octobris
1154 346 1177 394 9.
1620 346 1658 410 61

160 541 238 609 144
271 542 431 622 nauseo
453 558 571 622 Boniai
584 558 750 641 capellano
767 558 923 626 Ouidouis
937 556 1075 641 episcopi
1090 556 1273 620 Portueusr's
1285 551 1469 637 providetur
1483 551 1527 615 ad
1540 550 1662 634 suppti-

160 657 310 723 amionem
331 661 433 744 ipsios
462 661 659 745 episcopide
682 662 871 728 canonicatu
906 661 1053 727 ecciesiae
1074 661 1112 724 de
1139 661 1279 740 Loryma
1300 666 1326 734 ⁸)
1352 657 1560 722 Bituricensis
1583 655 1662 719 dioc.

160 760 213 824 sab
235 765 448 844 expectatione
462 765 671 849 praebendae.
696 765 893 847 ,Probitotis
915 770 967 830 tae
990 765 1123 830 truria‘
1151 763 1326 842 „Auius’oue
1356 760 1432 825 VIII
1452 760 1495 825 ia.
1522 757 1663 824 Octobris

163 885 190 929 a.
221 867 359 946 primo“.
391 903 432 915 -
467 872 506 933 lu
538 891 562 934 e.
597 890 638 933 su.
674 869 896 934 archidiacono
931 868 1105 949 Propensis
1139 870 1169 930 et
1193 865 1348 932 Guilelmo
1373 865 1495 948 Capude
1517 862 1663 929 canonico

441 969 709 1041 Ctoromouteusis
729 973 931 1039 ecdesiorom
954 993 992 1037 oc
1015 968 1151 1053 officiati
1174 969 1375 1034 Bituriceusi.

243 1075 298 1189 ιζ
1027 1104 1030 1109 ’
1127 1123 1289 1204 evanum,
1312 1125 1399 1189 ress
1424 1124 1565 1189 oaorrs
1587 1127 1619 1190 s.

213 1249 220 1262 .
235 1210 295 1264 XX
306 1250 313 1263 .

253 1315 284 1369 rt
300 1317 351 1368 Ar.
373 1320 422 1369 124
440 1314 485 1371 iol.
505 1322 564 1384 288,
593 1317 624 1371 R.
645 1317 707 1372 Vat.
725 1324 776 1372 223
794 1316 842 1371 iol.
866 1320 933 1372 193⁶.
952 1347 985 1358 -
1004 1315 1257 1381 ermerbertus.

165 1689 260 1786 145ss
271 1685 517 1787 {abspueslde
539 1689 628 1755 Nooo
650 1688 746 1778 Fue]
766 1690 952 1774 praeficitur
974 1689 1119 1755 ecclesiae
1142 1686 1396 1754 Luthomuslensi
1419 1688 1452 1752 in
1475 1688 1661 1770 episcopum.

236 1827 265 1879 X
279 1826 308 1878 X
323 1827 351 1878 X
367 1827 395 1878 X
404 1828 431 1878 X
446 1827 474 1879 X
819 1872 822 1878 ,
1128 1825 1290 1905 Aoiuioue,
1317 1826 1400 1890 1353
1425 1824 1567 1892 Octobris
1588 1828 1618 1889 9.

212 1915 261 1967 ,Χ
276 1914 304 1966 Χ
320 1914 347 1965 Χ
363 1916 392 1966 Χ
401 1914 430 1965 Χ
446 1914 493 1966 Χ.

288 2036 325 2099 Ι).
335 2033 355 2099 i.
367 2034 504 2099 Jobanni
516 2035 619 2100 electo
631 2036 889 2102 Luthomuslensi
899 2037 1035 2102 salutem
1049 2035 1246 2102 etcilomani
1258 2032 1416 2118 pontificis
1436 2084 1443 2099 .
1464 2083 1470 2096 .
1490 2084 1497 2099 .
1518 2035 1662 2100 budam

161 2139 313 2220 siquidem
337 2139 419 2204 boue
442 2139 592 2205 memorie
615 2141 759 2206 Johanne
776 2142 925 2225 episcopo
941 2139 1199 2206 Luthomuslensi
1223 2138 1369 2221 regimini
1390 2138 1664 2205 Luthomuslensis

161 2243 292 2308 ecclesie
304 2243 488 2326 presidente
504 2260 562 2309 uos
575 2244 740 2325 cupientes
752 2245 856 2310 eidem
869 2245 1127 2312 Luthomuslensi
1140 2243 1285 2319 ecclesie,
1301 2261 1371 2307 cum
1384 2262 1452 2308 earn
1465 2261 1577 2308 vacare
1591 2263 1663 2310 corr-

161 2349 305 2430 tingeret,
328 2366 387 2429 per
409 2347 582 2429 apostolice
606 2349 692 2413 sedis
708 2349 942 2431 providenciam
961 2349 1071 2413 utilem
1087 2353 1120 2412 et
1136 2348 1290 2430 ydoneam
1306 2346 1469 2428 presidere
1485 2365 1662 2429 personam,

162 2452 370 2534 provisionem
393 2451 494 2533 ipsius
510 2451 645 2516 ecclesie
662 2471 701 2517 ea
716 2453 785 2517 vice
802 2453 1007 2535 dispositioni
1023 2459 1057 2518 et
1073 2450 1267 2519 ordinacioni
1283 2457 1392 2516 nostre
1408 2452 1592 2534 specialiter
1614 2471 1662 2517 re·

162 2557 353 2622 servavimus
377 2574 412 2619 ac
437 2556 634 2621 decrevimus
657 2563 774 2621 extunc
796 2557 920 2622 irritum
945 2563 979 2623 et
1001 2557 1104 2638 inane,
1128 2556 1156 2621 si
1173 2573 1265 2621 secus
1278 2574 1374 2638 super
1395 2556 1458 2621 hiis
1478 2607 1483 2620 .
1504 2606 1510 2618 .
1531 2609 1537 2622 .
1559 2611 1564 2622 .
1589 2576 1661 2623 corr·

162 2661 297 2743 tingeret
320 2660 514 2741 attemptari.
549 2661 673 2726 Deinde
698 2679 772 2727 vero
796 2662 882 2726 dictu
912 2661 1047 2727 ecclesia
1071 2660 1330 2726 Luthomuslensi
1363 2679 1421 2743 per
1443 2661 1562 2727 obitum
1586 2662 1662 2727 dicti

162 2764 310 2830 iohannis
334 2765 487 2845 episcopi,
523 2764 577 2845 qui
599 2764 632 2828 in
654 2765 799 2847 partibus
822 2766 886 2830 illis
910 2766 1059 2841 decessit,
1093 2765 1231 2847 pastoris
1262 2765 1379 2831 solacio
1410 2765 1574 2844 destituta,
1605 2784 1663 2831 uos

164 2869 328 2933 vocacione
351 2868 531 2933 huiusmodi
548 2867 716 2951 fidedignis
741 2869 894 2935 relatibus
917 2869 1093 2949 intellecta,
1118 2868 1158 2932 ad
1183 2868 1395 2951 provisionem
1418 2869 1520 2951 ipsius
1544 2870 1661 2935 Lutho-

166 2972 331 3037 muslensis
362 2972 507 3050 ecclesie,
542 2974 582 3037 de
612 2992 674 3054 qua
704 2974 810 3038 nullus
840 2980 948 3056 preter
977 2991 1034 3038 nos
1064 2973 1122 3036 bac
1145 2973 1214 3037 vice
1241 2972 1410 3055 disponere
1432 2973 1537 3055 potuit
1559 2991 1662 3055 neque

164 3084 273 3157 potest,
318 3077 538 3142 reservatione
570 3084 604 3141 et
633 3077 762 3142 decreto
794 3077 1022 3142 obsistentibus
1054 3076 1254 3158 supradictis,
1293 3094 1332 3140 ue
1359 3076 1452 3159 longe
1487 3079 1663 3143 vocacionis

163 3186 339 3244 remaneret
368 3181 515 3263 exposita
538 3182 748 3265 detrimentis,
780 3181 913 3246 solicitis
937 3181 1052 3245 studiis
1074 3181 1280 3246 intendentes
1310 3185 1344 3244 et
1370 3181 1536 3263 cupientes
1558 3182 1662 3246 eidem

162 3281 414 3350 Luthomuslensi
446 3285 580 3350 ecclesie
604 3286 715 3351 utilem
745 3292 779 3351 et
800 3284 993 3349 fructuosum
1024 3284 1188 3366 presidere
1212 3302 1389 3367 personam,
1412 3291 1486 3366 post
1508 3286 1662 3351 delibera·

160 3387 289 3469 cionem,
320 3407 414 3470 quarn
436 3407 532 3471 super
554 3389 616 3454 hiis
647 3408 716 3453 cum
739 3389 891 3453 fratribus
914 3391 1031 3453 nostris
1055 3388 1221 3452 habuimus
1244 3389 1439 3470 diligentem,
1473 3390 1597 3454 demum
1622 3392 1663 3455 ad

158 3493 198 3575 te,
220 3499 298 3557 tuuc
320 3493 456 3557 erectum
469 3492 770 3575 Nuemburgensem,
796 3493 1004 3558 consideratis
1021 3492 1185 3574 grandium
1202 3497 1326 3555 tuarum
1355 3492 1507 3556 virtutum
1529 3495 1661 3577 meritis,

152 3597 271 3675 quibus
294 3597 468 3662 altissimus
491 3603 576 3661 tuam
600 3597 765 3679 insignivit
787 3615 963 3680 personam,
987 3597 1161 3662 direximus
1181 3596 1288 3662 oculos
1318 3602 1427 3661 nostre
1450 3598 1576 3662 ruentis.
1613 3599 1662 3662 ln·

149 3701 327 3767 tendentes
356 3702 465 3783 itaque
495 3707 559 3766 tarn
591 3703 675 3767 dicte
708 3703 965 3768 Luthomuslensi
995 3701 1131 3767 ecclesie
1162 3720 1253 3781 quam
1285 3701 1355 3765 eius
1385 3701 1474 3783 gregi
1506 3703 1662 3770 dominico

145 3805 329 3871 salubnter
351 3812 385 3870 et
408 3806 531 3870 utiliter
553 3807 729 3888 providere,
753 3813 785 3870 te
802 3827 821 3870 a
837 3807 970 3888 viuculo,
993 3825 1054 3887 quo
1071 3805 1324 3886 Nuemburgeusi
1345 3805 1490 3888 ecclesie,
1514 3806 1564 3870 cui
1588 3812 1663 3872 tunc

141 3920 296 3989 preesse,
319 3910 490 3991 tenebaris,
513 3910 552 3974 de
570 3910 724 3974 dictorum
743 3918 865 3990 patrum
882 3909 1014 3974 consilio
1030 3916 1064 3974 et
1079 3909 1254 3991 apostolice
1270 3909 1441 3991 potestatis
1463 3910 1662 3992 plenitudine

140 4013 369 4096 absolventes,
394 4019 426 4078 te
441 4014 519 4078 licet
534 4015 697 4078 absentem
715 4016 754 4079 ad
771 4014 927 4097 prefatam
943 4014 1240 4079 Luthomuslensem
1257 4014 1425 4080 ecclesiam
1443 4015 1662 4081 transferimus

139 4115 253 4199 teque
275 4117 324 4182 illi
346 4116 526 4200 preficimus
549 4119 582 4183 iu
598 4119 781 4202 episcopum
802 4125 836 4183 et
852 4126 1012 4202 pastorem
1032 4171 1038 4182 .
1059 4172 1065 4183 .
1086 4169 1093 4184 .
1114 4171 1120 4182 .
1145 4119 1182 4182 D.
1199 4119 1357 4184 Aninione
1375 4119 1434 4184 VH
1456 4120 1499 4184 id.
1517 4119 1662 4186 Octobris

142 4234 187 4280 a.
211 4221 322 4304 primo.

289 4325 325 4389 ln
348 4344 376 4391 a.
400 4345 430 4389 m
449 4377 455 4390 .
477 4376 483 4389 .
504 4377 511 4389 .
532 4377 537 4389 .
562 4326 701 4407 capitulo
725 4327 861 4389 ecclesie
885 4324 1159 4390 Luthomuslensis
1178 4376 1185 4390 .
1205 4376 1211 4389 .
1233 4376 1265 4389 ..

289 4412 325 4476 ln
348 4431 377 4478 e.
400 4433 442 4477 m.
483 4465 571 4478 ....
596 4414 680 4476 clero
705 4414 844 4477 civitatis
867 4420 901 4478 et
924 4412 1004 4477 dioc.
1029 4412 1304 4478 Luthomuslensis
1323 4464 1329 4477 .
1350 4465 1356 4477 .
1377 4465 1383 4477 .
1406 4465 1411 4477 .

288 4515 325 4580 ln
348 4534 376 4580 e.
400 4536 430 4580 m
434 4567 548 4584 .....
573 4521 688 4598 populo
713 4519 852 4583 civitatis
876 4526 909 4583 et
932 4521 1011 4584 dioc.
1037 4517 1420 4585 hammerensis...

289 4620 326 4684 Iu
349 4638 377 4686 e.
400 4640 440 4685 m.
461 4673 494 4686 ..
542 4674 548 4687 .
573 4623 730 4687 universis
753 4624 884 4688 vasallis
908 4623 1044 4688 ecclesie
1068 4622 1343 4688 Luthomuslensis
1389 4676 1448 4689 ...

289 4723 325 4789 ln
349 4742 376 4789 e.
398 4744 438 4789 m.
459 4778 465 4789 .
487 4779 492 4790 .
540 4777 546 4790 .
571 4727 808 4809 archiepiscopo
833 4729 983 4809 l'rageusi
1004 4779 1010 4791 .
1031 4779 1037 4792 .
1058 4779 1091 4792 ..

288 4827 325 4892 In
348 4846 376 4891 e.
400 4848 439 4894 rn.
461 4878 467 4892 .
488 4883 493 4892 .
516 4882 548 4894 ..
575 4830 687 4896 Carolo
711 4833 840 4896 Boemic
863 4833 931 4914 regi
954 4832 1124 4900 illustri..
1146 4883 1179 4896 ..

267 5015 323 5154 xli.
342 5019 394 5069 Av.
418 5023 466 5070 122
491 5017 538 5070 fol.
564 5023 605 5084 bt,
632 5019 661 5072 lt.
685 5019 746 5071 Vat.
771 5026 820 5072 221
848 5020 886 5071 iol
919 5022 970 5071 4⁶2¹.
997 5049 1028 5057 -
1058 5019 1122 5088 Reg.
1142 5018 1216 5088 apud
1235 5019 1333 5083 Tadra,
1353 5020 1462 5072 Summa
1481 5019 1661 5074 cancellariae

205 5101 264 5165 gx
293 5100 342 5156 Ill.
