3944 6060
230 402 294 470 418
843 400 912 454 heta
929 400 1082 456 Innocentii
1099 399 1145 456 Vl.

231 613 346 678 1047.
372 607 506 676 Carolus
531 612 745 677 Romanorum
769 613 940 698 imperator
962 611 1132 694 supplicat,
1166 617 1320 695 quatenus
1350 611 1577 696 infrascriptis
1599 612 1741 680 eeckuis

231 721 259 780 et
276 716 424 798 personis
444 715 588 780 diversae
606 717 733 798 pratiae
755 718 973 785 coucedautur.
996 752 1040 763 -
1066 713 1204 782 Thomas
1223 715 1356 783 Heurioi
1370 716 1409 782 dc
1423 717 1546 782 Metuo
1561 717 1741 800 supplicat,

232 826 386 907 quotenus
408 819 471 885 sibi
498 820 536 885 de
557 819 711 905 beneficio,
735 822 779 887 ad
811 822 1006 889 collationem
1039 819 1188 886 ecclesiae
1212 819 1424 887 Olomuceusis
1458 824 1630 903 spectante,
1662 841 1741 905 pro·

905 926 1061 993 uideatur.

1177 1064 1342 1137 Asinium,
1367 1064 1453 1130 1360
1475 1065 1646 1130 Februarii
1667 1064 1699 1128 4.

361 1241 526 1322 Supplicat
537 1237 577 1304 8¹¹
591 1240 646 1304 V¹⁶
655 1240 788 1305 devotus
797 1238 881 1305 filius
893 1245 1000 1306 vester
1009 1241 1145 1305 Karalus
1154 1240 1365 1304 Romanorum
1374 1238 1557 1320 imperator,
1569 1243 1743 1320 quatenus,

233 1366 301 1410 cum
318 1346 350 1408 in
374 1344 509 1409 ecclesia
525 1344 685 1426 Pragensi,
702 1343 734 1407 in
751 1342 901 1409 honorem
918 1343 970 1428 [s]
989 1344 1168 1407 Weuceslai
1184 1342 1326 1420 fundata,
1342 1347 1452 1424 pretor
1468 1342 1681 1424 principalem
1706 1344 1742 1405 et

233 1451 383 1514 maiorem
406 1448 534 1513 chorum
558 1448 639 1511 alius
671 1447 784 1512 choros
807 1448 1013 1513 inhonorem
1043 1450 1071 1513 b.
1096 1448 1199 1511 Maris
1223 1447 1355 1529 virginis
1377 1446 1529 1511 fundatos
1552 1447 1685 1529 existat,
1710 1447 1744 1509 iu

233 1574 294 1635 quo
325 1555 429 1617 dictus
452 1553 625 1634 imperator
648 1570 735 1615 suam
760 1553 955 1634 sepulturam
990 1553 1097 1635 elegit,
1130 1557 1165 1616 et
1197 1552 1257 1615 due
1289 1552 1373 1615 clare
1399 1552 1550 1616 irremoric
1575 1554 1743 1615 consortes

233 1660 333 1741 ipsius
352 1659 385 1721 in
401 1657 526 1721 domiuo
541 1657 756 1737 requiescunt,
780 1676 838 1738 per
860 1656 963 1721 XXIV
986 1657 1158 1737 urinistros,
1182 1655 1410 1719 ruansionarios
1435 1660 1633 1735 nuncupatos
1649 1659 1685 1718 et
1700 1655 1742 1718 ad

233 1762 434 1828 serviendum
468 1759 593 1841 inipso
622 1759 716 1825 choro
741 1760 925 1841 specialiter
948 1762 1127 1842 deputatos,
1164 1763 1259 1824 misse
1283 1766 1317 1825 et
1339 1761 1402 1824 alio
1424 1760 1502 1824 hore
1532 1760 1685 1824 canonice
1709 1760 1743 1823 iu

234 1867 386 1930 honorem
410 1865 553 1927 eiusdem
577 1863 719 1945 virginis,
742 1870 836 1945 prout
859 1863 958 1927 eciam
982 1865 1083 1927 sicin
1108 1866 1192 1929 dieto
1216 1866 1278 1929 alio
1304 1865 1397 1930 choro
1421 1864 1534 1929 maiori
1552 1863 1743 1929 solemniter

236 1973 455 2048 siopomenon,
488 1976 618 2050 propter
648 1969 729 2048 quod
761 1968 889 2032 hiemali
912 1969 1080 2049 presertim
1098 1976 1239 2050 tempore
1265 1970 1295 2032 iu
1319 1969 1389 2050 ipsa
1412 1969 1547 2032 ecclesia
1570 1969 1742 2033 missarum

235 2074 388 2141 solemnia
422 2091 521 2153 usque
556 2073 596 2136 ad
629 2092 774 2155 maguam
811 2072 875 2136 diei
908 2077 1032 2154 partem
1063 2092 1132 2136 cum
1162 2072 1346 2154 prolixitate
1387 2071 1484 2135 nimia
1507 2071 1745 2152 protenduntur

234 2181 383 2262 dignetur
420 2178 483 2242 81⁸⁸
516 2177 571 2241 Vs*
605 2177 788 2255 concedere,
823 2177 907 2256 quod
940 2177 974 2239 in
1004 2178 1089 2242 dicto
1120 2177 1215 2242 choro
1248 2179 1275 2241 h.
1300 2176 1403 2241 Marie
1435 2196 1454 2238 a
1483 2176 1568 2240 festo
1598 2176 1740 2239 omnium

234 2291 412 2349 sauctorum
429 2300 528 2362 usqne
545 2282 585 2345 ad
600 2281 716 2345 festum
731 2280 848 2363 pasche
864 2281 1029 2345 missarum
1047 2281 1201 2345 solemnia
1223 2287 1297 2344 ante
1321 2287 1354 2345 et
1377 2299 1474 2362 prope
1498 2280 1580 2344 diem
1605 2278 1672 2344 dici
1687 2298 1742 2344 ra·

234 2392 322 2454 leant
344 2395 378 2452 et
400 2388 499 2451 eciam
524 2386 703 2466 decantari3
727 2404 797 2449 cum
821 2405 882 2450 non
906 2387 1106 2451 obstantibus
1130 2392 1164 2449 et
1187 2386 1337 2450 clausulis
1361 2386 1536 2467 oportunis.

366 2492 437 2555 Fiat
461 2490 499 2555 G.

365 2598 444 2660 ltem
464 2595 631 2676 supplicat,
649 2599 804 2673 quatenos
821 2595 964 2659 omuibus
980 2596 1183 2659 visitantibus
1198 2594 1365 2658 ecclesiam
1389 2593 1574 2659 turonasterii
1590 2612 1615 2657 s.
1643 2592 1745 2656 Kate-

235 2706 302 2768 riuo
337 2703 426 2767 Noae
461 2699 601 2762 civitatis
635 2699 813 2778 ProgensiS,
848 2717 906 2780 per
940 2700 1058 2763 dictmu
1082 2701 1305 2781 imperatorem
1331 2700 1369 2762 de
1395 2718 1473 2763 novo
1508 2697 1685 2769 fundatam,
1711 2697 1744 2760 in

236 2807 406 2872 nraioribus
438 2803 555 2867 domiui
578 2805 678 2867 nostri
695 2823 730 2867 ac
747 2805 778 2868 iu
795 2804 1021 2885 penthecostes
1045 2810 1079 2867 et
1101 2804 1266 2867 Trinitatis
1297 2809 1331 2866 et
1354 2811 1489 2883 ‹pratuor
1511 2801 1745 2884 principalibus

236 2911 362 2977 domine
392 2912 500 2972 nostre
524 2925 582 2970 nec
605 2926 666 2970 non
692 2913 872 2971 sanctorum
896 2909 1121 2989 apostolorum,
1147 2909 1299 2971 llaterine
1324 2914 1357 2972 et
1373 2908 1577 2972 dedicacioue
1601 2905 1744 2970 ecclesie

236 3013 465 3080 festivitatibus
488 3018 522 3076 et
543 3011 576 3075 in
599 3011 736 3075 crunnum
761 3018 939 3076 sarrctonun
964 3012 1182 3077 celolnucione
1200 3013 1336 3092 aliquam
1354 3012 1489 3094 amplam
1505 3010 1745 3094 hululgenciarn

237 3118 366 3200 elargiri
390 3115 572 3198 dignemini.

366 3221 439 3284 fiat
461 3220 500 3283 de
524 3238 586 3284 runo
609 3239 692 3284 auno
715 3227 750 3285 et
772 3222 983 3303 quadraginta
1006 3222 1118 3285 diebus
1143 3224 1179 3286 G.

367 3328 447 3390 Item
471 3325 629 3408 supplicat
651 3325 735 3390 idern
754 3326 967 3391 Romanorum
982 3327 1163 3410 imperator,
1186 3333 1344 3408 qrratonus
1360 3327 1506 3409 personis
1529 3326 1748 3409 infrascriptis

237 3431 409 3515 ‹lignamini
433 3430 537 3494 facere
561 3430 698 3512 graciam
723 3430 911 3512 specialem:

367 3536 471 3599 Primo
502 3534 640 3599 Johanui
664 3536 818 3600 Wiclonis
849 3537 889 3599 de
914 3536 1069 3617 filogonia
1092 3537 1205 3602 Maiori
1237 3537 1360 3600 medico
1384 3555 1441 3601 suo
1464 3536 1749 3602 stratislouiensis

132 3643 134 3647 ’
238 3643 317 3707 rlioc.
342 3643 380 3707 de
405 3639 557 3705 beneficio
582 3640 802 3704 ecclesiastico
826 3660 896 3704 cnm
920 3660 996 3704 cura
1019 3641 1069 3704 vel
1094 3641 1163 3704 sine
1187 3661 1270 3722 cura,
1294 3642 1393 3704 eciam
1418 3643 1443 3704 si
1461 3641 1608 3723 dignitas
1633 3659 1749 3724 perso-

239 3751 333 3809 natus
356 3745 406 3808 vel
431 3743 566 3809 officium
583 3744 739 3827 [existat],
764 3750 930 3826 spectante
946 3745 984 3808 ad
1001 3745 1206 3809 collusionem
1222 3752 1282 3809 etc.
1297 3746 1438 3826 episcopi
1455 3745 1748 3827 Wratislauiensis,

239 3852 265 3914 si
290 3851 373 3930 curcul
400 3855 490 3912 saccant
513 3849 562 3910 rel
596 3868 664 3911 cum
692 3850 862 3930 vaucamuit,
887 3850 990 3913 eidem
1008 3850 1180 3931 dignemini
1197 3850 1374 3931 providere,
1400 3852 1641 3930 nonobstante,
1659 3853 1749 3932 quod

238 3954 441 4017 canonicatus
473 3958 508 4016 et
530 3954 708 4033 prehendas
744 3954 950 4017 ecclesiarum
987 3954 1209 4034 Glogoniensis
1243 3960 1276 4019 et
1298 3955 1504 4035 Legniceusis
1539 3954 1624 4018 dicte
1662 3956 1748 4022 dioc.

238 4058 379 4122 noscitur
401 4057 555 4139 obtinere,
579 4076 649 4120 cum
671 4058 786 4122 ceteris
808 4077 872 4122 non
895 4059 1095 4124 obstantibus
1118 4065 1152 4123 et
1175 4059 1325 4122 clausulis
1349 4060 1522 4141 oportunis.

369 4161 443 4224 h'iat
467 4160 503 4224 G.

368 4265 446 4328 ltem
481 4265 650 4346 supplicat,
679 4271 836 4345 qsratouus
861 4267 1010 4330 hlichoeli
1035 4268 1074 4332 de
1099 4267 1319 4331 Slachonuerd
1345 4268 1469 4348 clerico,
1504 4267 1653 4333 faruiliari
1688 4290 1750 4337 suo

244 4369 413 4451 [hagensis
437 4369 528 4450 dioc,
552 4370 591 4434 de
623 4370 808 4433 canonicatu
841 4373 898 4435 sub
922 4372 1147 4451 expectatione
1171 4373 1332 4451 probemle
1363 4372 1498 4436 ecclesie
1523 4374 1751 4442 Olorrrureusis

243 4475 415 4556 ‹liguremini
439 4474 615 4557 providere,
649 4493 712 4539 uon
736 4477 892 4555 obstante,
927 4477 1011 4556 quod
1034 4494 1131 4558 super
1154 4477 1340 4542 carronicatu
1366 4483 1400 4541 et
1421 4478 1584 4559 prebenda
1607 4479 1750 4546 ecclesie

240 4579 451 4654 Bellunensis,
486 4597 617 4659 quorum
651 4580 887 4661 possessionem
920 4599 983 4644 non
1017 4580 1124 4661 hahet,
1148 4582 1291 4645 noscitur
1319 4581 1447 4663 litigare
1479 4587 1512 4647 et
1534 4583 1618 4663 quod
1642 4585 1749 4650 archi·

241 4684 496 4764 presbyteratum
533 4683 636 4765 plebis
669 4702 693 4747 s.
717 4683 827 4764 Vigilii
851 4685 883 4747 in
908 4685 1061 4748 Rasrdena
1083 4691 1117 4749 et
1140 4685 1324 4750 clericatum
1356 4686 1460 4767 plebis
1477 4685 1508 4749 s.
1533 4685 1689 4769 Stephani
1714 4692 1748 4754 in

240 4787 342 4852 Murrio
366 4787 551 4851 Tridentine
575 4788 653 4853 dioc.
678 4789 820 4853 noscitur
847 4790 1009 4870 obtinere3
1034 4808 1112 4869 quos
1135 4790 1483 4870 arclupreshyteratum
1500 4796 1534 4854 et
1549 4792 1748 4873 clericatum,

239 4910 309 4955 com
331 4891 563 4973 possessiouem
586 4892 739 4957 dictorum
763 4894 966 4958 canonicatus
1001 4899 1035 4956 et
1057 4895 1218 4974 prehemle
1243 4894 1372 4975 pacifice
1405 4895 1540 4976 adeptus
1563 4894 1672 4976 fuerit,
1698 4899 1747 4963 di·

238 4995 366 5060 mittere
389 5000 440 5059 est
461 5000 607 5077 paratuum
630 5015 699 5059 cum
723 4995 794 5061 aliis
817 5015 879 5061 uon
904 4998 1103 5061 obstantibus
1128 5003 1161 5061 et
1185 4998 1336 5061 clausulis
1361 4998 1536 5080 oportunis

375 5099 448 5163 Fiat
472 5099 508 5162 G.

372 5204 452 5268 Item
469 5203 628 5285 supplicat
643 5204 779 5268 Thomas
795 5206 950 5284 quoudam
975 5206 1106 5270 Hemici
1122 5207 1161 5269 de
1186 5208 1318 5272 hlolnih.
1344 5207 1555 5271 sululiaconus
1579 5206 1748 5289 pragensis

243 5308 333 5391 dioc,
357 5318 514 5390 quatenus
538 5306 626 5392 [sibi]
649 5307 688 5374 de
711 5307 864 5374 beneficio
887 5310 1104 5375 ecclesiastico
1121 5328 1189 5374 curu
1207 5330 1281 5374 cura
1305 5312 1355 5375 vel
1379 5312 1447 5375 sine
1471 5329 1555 5394 cura,
1578 5319 1746 5394 spectamte
