3990 6052
899 426 965 478 rasa
983 422 1078 477 alasii
1096 429 1121 476 a.
1722 426 1760 491 ῃ

258 633 327 699 dioc
353 686 359 700 .
384 686 390 697 .
415 684 421 697 .
449 684 466 714 .,
489 634 825 699 consideracione...
847 684 853 699 .
874 635 982 700 llaroli
1003 635 1212 699 Itorrranoruru
1230 641 1264 700 ot
1277 635 1405 699 ltoeruie
1430 635 1514 712 regis
1538 635 1683 708 illustris
1705 653 1761 716 pro

257 739 342 804 dicto
365 738 524 821 Hahardo,
547 738 665 804 dilecto
690 757 747 804 suo
751 788 867 816 .....
892 740 1111 822 supplicantia,
1143 741 1249 805 lavore
1280 740 1429 822 prosequi
1459 739 1611 820 graciose,
1642 738 1762 803 discre-

256 844 338 909 cioni
362 849 416 909 tue
435 893 442 906 .
462 893 469 908 .
490 892 525 908 ..
548 844 744 926 mandamus,
769 852 1008 926 apamenus...
1030 895 1036 908 .
1064 846 1282 910 carronicutum
1313 853 1347 909 et
1377 844 1570 927 prebendam
1601 844 1763 926 predictos

255 949 359 1013 eidem
393 948 543 1014 Hahardo
578 948 768 1014 auctoritate
802 955 914 1014 nostra
949 949 1092 1013 conferre
1126 955 1160 1013 et
1194 950 1356 1031 assignare
1390 966 1570 1030 procures.
1592 997 1663 1030 ...,
1698 968 1762 1013 nou

255 1054 455 1119 obstantibus
474 1103 482 1119 .
501 1104 508 1118 .
529 1104 535 1116 .
555 1102 583 1135 .,
607 1054 690 1135 quod
715 1054 818 1119 dictus
831 1053 1001 1119 Habardns
1014 1054 1168 1136 prefatam
1184 1052 1414 1136 parrochialem
1431 1052 1598 1118 ecclesium
1616 1053 1759 1118 noscitur

254 1158 451 1227 obtinere..
498 1211 504 1223 .
531 1160 567 1223 l).
592 1158 750 1224 Aninioue
775 1158 817 1223 Vl
842 1177 914 1222 uon.
939 1158 1050 1223 llarcii
1076 1181 1101 1222 a.
1125 1159 1235 1240 primo.

376 1349 406 1402 a
425 1351 474 1402 Aa.
495 1354 541 1403 mr
562 1349 608 1402 fol.
627 1351 696 1415 ste‘,
715 1349 747 1403 R.
761 1349 824 1402 Vat.
843 1353 890 1402 221
911 1349 957 1403 fol.
978 1355 1044 1403 ³71¹.
1059 1380 1084 1388 —
1103 1349 1261 1419 utcoruge:
1282 1350 1432 1411 ,Malouar‘.
1460 1377 1493 1388 -
1518 1349 1536 1414 ¹)
1557 1345 1717 1402 mosomii
1737 1353 1760 1401 l.

259 1467 283 1475 -
307 1434 382 1490 (foul.
395 1435 566 1490 hlonvatl
585 1451 624 1488 ur.
645 1440 719 1489 1435.

254 1755 319 1819 36.
365 1753 524 1818 lodicibus
561 1751 743 1833 marrdelur,
782 1757 937 1833 qualenam
967 1752 1110 1820 Jelruaui
1140 1752 1177 1816 de
1203 1751 1337 1816 Stcrrdal
1366 1707 1586 1817 carronicotam
1616 1756 1645 1815 et
1665 1773 1759 1834 prue-

655 1857 787 1922 beudum
810 1857 957 1923 ecelesiae
980 1857 1153 1938 I’repeusis
1177 1856 1354 1940 conferant.

1239 2013 1400 2091 Avisioue,
1434 2016 1520 2078 1353
1544 2013 1663 2078 dlartr'i
1685 2017 1714 2077 2.

340 2052 374 2060 -m

346 2069 369 2118 ν

318 2138 394 2189 .Χ.

382 2223 460 2288 Ven.
494 2223 531 2289 fr.
552 2275 585 2289 ..
615 2224 764 2306 episcopo
800 2224 957 2288 lliudensi
993 2232 1028 2289 et
1050 2225 1101 2289 dd.
1125 2223 1159 2289 ff.
1196 2225 1329 2289 sacriste
1364 2224 1498 2287 ecclesie
1534 2224 1759 2288 Auiuiouensis

254 2347 289 2391 ac
309 2380 314 2390 .
335 2380 341 2392 .
366 2327 493 2392 officiali
517 2328 723 2394 Aninioueusi
747 2329 881 2392 salutem
905 2335 966 2393 etc.
1008 2329 1083 2393 Vite
1107 2349 1143 2393 ac
1166 2349 1286 2395 morum
1317 2329 1468 2394 honestas
1493 2330 1617 2409 aliaque
1644 2329 1759 2393 urerita

252 2433 429 2516 probitatis,
445 2451 541 2516 super
552 2433 683 2515 quihus.
698 2487 703 2498 .
728 2432 890 2498 lohannes
900 2434 1002 2499 dictus
1016 2435 1083 2518 [de]
1099 2433 1228 2500 Steudal
1243 2441 1347 2501 rector
1358 2434 1565 2517 parrochialis
1577 2433 1712 2498 ecclesie
1725 2434 1757 2498 in

252 2536 428 2604 Schesaucz
449 2538 670 2604 Olomucensis
689 2539 769 2603 dioc.
795 2538 879 2620 apud
902 2557 960 2602 uos
980 2538 1041 2603 lide
1062 2540 1156 2623 digno
1180 2541 1416 2605 corumendatur
1431 2539 1624 2621 testinmuio,
1645 2556 1756 2620 expos-

252 2650 336 2724 cunt,
360 2650 397 2708 ut
412 2645 472 2708 sihi
485 2644 654 2709 reddamur
667 2644 707 2708 ad
723 2645 859 2727 graciam
876 2644 1034 2710 liherales.
1054 2645 1177 2709 nudum
1194 2645 1348 2725 siquidem
1364 2695 1370 2708 .
1385 2698 1390 2708 .
1407 2695 1413 2708 .
1429 2695 1434 2706 .
1449 2645 1596 2708 (lemene
1608 2661 1691 2725 papa
1702 2642 1755 2719 Vl,

251 2749 458 2830 predecessor
473 2754 591 2831 noster,
603 2766 712 2814 omues
724 2750 928 2815 canonicatus
942 2755 976 2814 et
987 2751 1165 2832 prehendas
1178 2756 1347 2829 ceteraque
1358 2747 1511 2814 beneficia
1528 2747 1755 2823 ecclesiastica,

251 2872 311 2934 que
334 2854 538 2936 promovendi
562 2871 620 2937 per
642 2873 713 2917 euru
738 2855 776 2918 ad
808 2855 1038 2919 cathedralium
1073 2855 1278 2919 ecclesiarum
1303 2854 1457 2936 regimina
1480 2859 1623 2936 tempore
1646 2852 1755 2915 huius·

250 2959 334 3023 modi
368 2959 577 3041 promotionis
612 2975 720 3022 eorum
755 2959 945 3035 obtinerent,
982 2980 1050 3024 cum
1082 2960 1137 3024 illa
1159 2959 1384 3040 quovismodo
1407 2976 1519 3023 vcrccue
1548 2957 1754 3038 contingeret,

250 3062 453 3144 disposicioui
477 3081 534 3126 sue
558 3079 733 3144 reservans,
757 3064 900 3128 decrevit
922 3071 1039 3129 extunc
1062 3064 1186 3128 irritum
1210 3070 1243 3127 et
1263 3064 1367 3144 irraue,
1391 3063 1417 3126 si
1438 3115 1444 3127 .
1464 3113 1471 3126 .
1493 3111 1524 3125 ..
1556 3059 1755 3141 corrtiugeret

250 3168 442 3249 attemptari.
482 3168 559 3233 Cum
584 3168 690 3250 itaque
714 3169 924 3251 postmodmu,
960 3170 1042 3233 sicut
1077 3169 1265 3251 accepimus,
1300 3168 1501 3233 canonicatus
1532 3174 1566 3229 ct
1592 3164 1755 3248 prehendo

249 3272 385 3336 ecclesie
408 3273 587 3357 l‘rageusis,
612 3290 691 3354 quos
710 3315 830 3338 .....
831 3273 985 3338 lohannes
1009 3273 1177 3355 episcopus
1208 3272 1428 3338 Oloruuceusis
1461 3278 1603 3354 tempore
1630 3287 1754 3352 promo·

249 3376 349 3440 ciouis
372 3376 411 3440 de
435 3377 505 3459 ipso
527 3376 611 3442 facte
635 3395 693 3459 per
715 3378 974 3459 predecessorem
1006 3378 1182 3459 predictum
1195 3380 1217 3458 ¹)
1248 3378 1287 3441 ad
1319 3377 1561 3442 Olouruceusem
1585 3375 1753 3440 ecclesiam

250 3486 324 3546 tuuc
358 3489 522 3546 vacantem
558 3482 732 3560 obtinebat,
768 3502 825 3563 per
859 3482 1039 3547 huiusmodi
1071 3483 1301 3565 promocionem
1334 3502 1421 3547 suam
1445 3490 1478 3546 ct
1501 3477 1752 3546 consecracionis

249 3605 372 3664 munuc,
397 3587 457 3652 sihi
481 3588 520 3651 de
543 3588 693 3652 uramlato
717 3588 859 3652 eiusdem
884 3588 1121 3669 predecessoris
1134 3596 1224 3653 extra
1245 3589 1413 3653 ltoruanam
1430 3589 1549 3652 curiam
1564 3588 1752 3667 impensum,

248 3693 332 3757 dicto
344 3692 572 3774 predecessore
588 3690 689 3755 adhuc
705 3691 738 3754 in
754 3691 900 3755 humanis
913 3699 1028 3769 apsente
1042 3693 1223 3757 narraverint
1241 3701 1272 3757 et
1287 3693 1448 3758 vrrcentad
1461 3708 1603 3775 presens,
1616 3707 1682 3771 noe,
1697 3687 1750 3768 qni

247 3797 331 3862 dicto
343 3796 578 3878 predecessore,
594 3796 677 3860 sicut
689 3796 813 3860 ‹louriuo
827 3796 955 3878 placuit,
970 3798 1008 3860 de
1023 3797 1081 3860 hac
1098 3797 1168 3860 luce
1186 3800 1348 3862 suhtracto
1361 3798 1400 3861 ad
1414 3797 1534 3879 apicem
1549 3794 1661 3858 surrrmi
1675 3811 1749 3874 apo·

247 3902 382 3967 stolatus
396 3901 559 3983 assumpti,
574 3902 605 3965 in
619 3900 718 3983 ipsius
732 3902 961 3984 assumpciouis
979 3910 1087 3967 nostre
1101 3903 1281 3986 primordiis
1294 3914 1403 3967 omnes
1416 3901 1620 3965 canonicatus
1633 3904 1666 3963 ct
1678 3914 1748 3980 pre·

247 4006 366 4070 hendas
389 4011 557 4086 ceteraque
571 4004 724 4069 herreficia
736 4005 963 4087 ecclesiastica,
976 4026 1036 4088 que
1050 4008 1185 4089 promoti
1199 4027 1255 4090 por
1278 4007 1413 4072 carrrrderu
1437 4005 1695 4087 predecessorem
1709 4001 1749 4066 ad

246 4110 474 4174 cathedralium
487 4110 692 4174 ecclesiarum
716 4110 870 4189 regimina
882 4112 1091 4192 proruociouis
1108 4130 1216 4176 eorum
1235 4119 1376 4193 tempure
1395 4110 1594 4191 ohtiuchant,
1605 4115 1679 4172 tuuc
1695 4126 1749 4171 vat·

247 4215 353 4278 cauria
370 4222 403 4278 et
427 4215 632 4296 imposterum
656 4221 814 4281 varcatura.
839 4216 1003 4280 collacioni
1028 4223 1061 4279 ct
1085 4216 1289 4299 disposicioui
1313 4223 1420 4280 nostre
1437 4233 1507 4278 curn
1524 4212 1636 4286 similis
1652 4213 1748 4276 inter·

246 4319 406 4400 posicioue
429 4319 549 4382 decreti
574 4319 718 4383 dumums
742 4320 943 4402 reservanda,
961 4320 1105 4384 volentes
1123 4323 1240 4386 dictum
1264 4321 1440 4386 Johauueur
1458 4319 1575 4382 dictum
1592 4318 1631 4380 de
1655 4316 1745 4380 Sten-

246 4422 297 4485 dal
319 4475 323 4482 .
345 4476 350 4486 .
372 4475 377 4486 .
398 4475 404 4486 .
429 4423 686 4487 currsidcrarioue
708 4475 713 4487 .
733 4475 739 4487 .
760 4475 793 4488 ..
821 4425 928 4488 lluroli
952 4426 1163 4490 llouraumum
1188 4432 1221 4491 et
1244 4426 1373 4490 llooruie
1397 4424 1481 4505 regis
1512 4422 1657 4490 illustris.
1691 4440 1746 4502 pro

245 4528 356 4592 eodem
379 4527 534 4610 Johuuue,
557 4527 673 4591 dilecto
698 4547 764 4610 suo,
786 4580 791 4591 .
812 4583 817 4592 .
840 4580 871 4592 ..
897 4529 1116 4611 supplicantis,
1140 4531 1288 4612 prosequi
1320 4529 1427 4593 faenore
1451 4527 1556 4605 gracie
1588 4526 1745 4608 specialis,

245 4632 432 4698 discrecioni
467 4639 572 4696 vestre
593 4683 599 4696 .
620 4687 625 4697 .
647 4685 679 4697 ..
714 4635 909 4710 arrauulamus,
941 4642 1097 4714 ‹parateuus
1117 4686 1123 4698 .
1144 4688 1148 4696 .
1170 4684 1203 4698 ..
1236 4636 1338 4698 dictos
1369 4632 1588 4697 canonicatum
1619 4636 1652 4694 ct
1675 4647 1745 4711 pre-

245 4736 388 4813 hendam,
413 4737 452 4800 de
465 4736 577 4817 quihus
590 4738 693 4801 dictus
714 4739 920 4819 predecessor
932 4739 1059 4803 minime
1083 4738 1250 4817 ordinavit,
1278 4740 1315 4822 si,
1343 4744 1379 4803 ut
1402 4736 1607 4819 premittitur,
1624 4739 1746 4813 varcuut,

263 4892 321 4905 ...
345 4897 348 4903 .
373 4840 496 4922 prelato
519 4840 654 4905 dohanni
679 4842 763 4905 dicto
788 4842 826 4905 de
851 4842 981 4906 Sterulul
1006 4845 1196 4907 humanitate
1227 4850 1336 4908 nostra
1359 4840 1501 4907 corrierre
1525 4847 1558 4903 et
1582 4839 1744 4919 assignare

244 4944 363 5008 curetis
381 4995 387 5007 .
407 4994 412 5007 .
431 4995 436 5006 .
455 4997 472 5027 .,
496 4963 557 5007 nou
573 4946 772 5009 obstantibus
787 4995 867 5012 .....
894 4947 976 5027 quod
992 4947 1220 5028 parrochialem
1234 4947 1399 5011 ecclesiam
1413 4945 1587 5027 predictam
1605 4942 1746 5007 noscitur

244 5049 388 5113 ohtinerc.
411 5102 415 5111 .
437 5099 443 5111 .
466 5099 497 5111 ..
523 5049 560 5113 h.
585 5050 741 5114 Aninione
767 5051 806 5115 Vl
832 5070 901 5114 runa.
929 5051 1042 5115 llarcii
1066 5070 1092 5114 a,
1118 5051 1225 5132 prium.

374 5237 406 5291 R.
427 5238 486 5290 Vat.
506 5244 554 5290 att
575 5239 621 5291 ful.
640 5243 708 5301 Μ’,
729 5240 758 5291 li.
779 5240 838 5292 Vnt.
858 5248 909 5293 '219
927 5240 972 5293 fol.
993 5248 1051 5293 ‘25lh
1071 5271 1103 5279 -
1125 5243 1143 5303 ¹)
1162 5242 1237 5295 Mon.
1258 5240 1317 5293 vot.
1338 5244 1346 5292 l
1366 5257 1405 5293 nr.
1428 5247 1501 5293 llos.

891 5434 1096 5443 ———.-
