3990 6052
892 438 956 487 isat
975 431 1042 488 uuit
1062 439 1101 487 ro.
1687 437 1751 502 235

240 643 333 711 686.
357 641 488 707 Nicolao
510 641 668 726 quondam
697 641 856 708 Jobannis
889 640 927 704 de
957 641 1153 719 Kostelecc·)
1183 646 1362 707 reservatur
1392 641 1572 723 beneficium
1604 644 1747 709 ecclesia·

243 746 357 811 sticum
379 766 449 810 cum
471 744 519 810 vel
541 744 608 810 sine
630 765 718 822 curo,
743 749 921 808 consuetum
943 742 1065 809 clericis
1086 746 1304 811 sacerdoribus
1328 746 1500 827 assipnari,
1535 754 1681 829 spectans
1705 747 1750 811 ad

243 849 439 916 collationem
454 848 635 932 praepositi
658 847 843 913 monasterii
864 849 1155 914 sanctimonialium
1176 853 1212 914 in
1236 849 1359 928 lunico,
1382 872 1443 932 per
1459 853 1681 933 praepositum
1703 871 1749 915 so·

242 952 296 1017 liti
315 952 495 1036 pubcrnari,
517 954 606 1018 euius
622 955 753 1029 fructus
775 952 818 1015 25
840 973 921 1033 resp.
946 955 988 1018 18
1010 973 1193 1018 marcarum
1215 956 1340 1035 arpenti
1361 954 1530 1019 secundum
1553 957 1750 1020 taxationem

245 1056 384 1122 monae
405 1057 542 1121 oannem
565 1077 706 1121 annuum
729 1076 791 1120 non
813 1056 973 1140 excedant,
996 1059 1026 1121 si
1047 1064 1140 1122 cacat
1162 1058 1209 1123 uel
1232 1078 1301 1122 cum
1325 1061 1493 1123 vacaverit.
1529 1061 1749 1145 ,Suffrapan

244 1161 295 1226 cia
311 1160 386 1224 tibi“
408 1159 523 1244 ,Apud
545 1162 675 1225 Pontem
691 1160 1045 1241 SorpieAuinionensis
1067 1162 1147 1227 dioe'.
1180 1162 1226 1226 VI
1243 1162 1286 1227 id.
1312 1163 1396 1226 Maii
1427 1183 1456 1226 a.
1480 1164 1619 1245 quint0.“
1648 1202 1683 1209 -
1713 1165 1752 1227 ln

243 1285 268 1330 e.
291 1284 331 1327 m.
351 1266 535 1347 praeposito
561 1264 775 1329 olomucensis
798 1285 836 1329 ao
863 1265 1001 1329 eiusdem
1028 1266 1242 1330 olomucensis
1266 1271 1341 1331 ets.
1365 1266 1507 1348 Apricoli
1527 1266 1751 1333 Aciniouensis

818 1370 1017 1433 ecclesiarum
1040 1371 1176 1434 decanis.

292 1506 414 1572 Gratis.
1004 1506 1100 1588 Apud
1123 1511 1253 1573 Pontem
1276 1509 1416 1591 Serpiae,
1442 1508 1527 1572 1357
1550 1510 1635 1573 Maii
1657 1514 1707 1574 10.

375 1693 407 1747 a„
426 1697 476 1747 Αν.
497 1701 546 1747 135
565 1693 612 1748 fol.
633 1692 701 1748 139⁴.
721 1726 753 1734 -
774 1699 797 1762 a)
816 1696 979 1764 ,Castellicz¹
998 1698 1048 1748 Αν.

243 2041 334 2107 687.
359 2037 515 2105 Arnestus
538 2039 790 2124 archiepiscopus
813 2043 986 2123 Propensis
1008 2041 1178 2124 supplicat,
1201 2048 1355 2124 quatenus
1375 2044 1465 2106 Petro
1488 2044 1526 2106 de
1541 2041 1755 2126 Kuueeudorf

247 2142 285 2208 de
305 2144 494 2209 canonicatu
522 2144 670 2210 ecclesiae
692 2145 864 2225 Propensis
892 2146 949 2211 sub
971 2146 1185 2229 expectatione
1209 2145 1420 2230 praebendae,
1451 2146 1628 2227 dipsitatis,
1652 2147 1755 2228 officii

788 2250 835 2314 ael
860 2254 1050 2332 personatus
1070 2248 1284 2332 provideatur.

1006 2386 1102 2469 Apud
1124 2386 1254 2449 Pontem
1278 2387 1418 2471 Sorpiae,
1443 2390 1528 2452 1357
1551 2389 1635 2452 Maii
1660 2391 1708 2453 10.

377 2575 542 2659 Supplicst
565 2575 607 2641 ὃ]
627 2577 680 2641 V¹⁶
703 2578 927 2642 devotissimus
950 2584 1058 2643 orator
1083 2585 1190 2643 vester
1214 2580 1369 2643 Arnestus
1397 2578 1654 2659 archiepiscopus
1679 2577 1753 2641 Pra-

248 2678 365 2761 gensis,
397 2686 554 2760 quatenus
577 2682 672 2746 Petro
695 2682 736 2746 de
760 2681 973 2747 Cunczindort
1000 2681 1128 2747 officiali
1151 2683 1313 2765 Pragensi,
1345 2701 1402 2747 suo
1433 2682 1597 2764 capellano
1628 2682 1754 2763 dilecto,

249 2781 288 2845 de
310 2785 498 2848 canonicatu
522 2785 660 2849 ecclesie
672 2786 842 2868 Pragensis
858 2786 1030 2867 dignemini
1048 2787 1224 2868 providere,
1246 2787 1439 2867 prebendam
1456 2803 1581 2867 quoque
1597 2804 1634 2849 ac
1649 2785 1754 2867 digui-

248 2889 357 2970 tntsm,
381 2887 518 2953 officium
531 2889 582 2952 νε]
605 2896 809 2971 personatum
833 2909 903 2954 cum
927 2909 1003 2954 cura
1024 2891 1076 2954 νε]
1100 2891 1168 2955 siue
1192 2911 1276 2973 cura,
1302 2891 1403 2955 eciam
1426 2891 1454 2954 si
1477 2891 1517 2955 ad
1541 2908 1579 2955 ea
1601 2890 1672 2971 quis
1695 2908 1754 2971 per

249 2988 440 3056 eleccionem
464 2994 630 3058 consuevit
654 2994 781 3076 assumi,
806 2994 991 3058 vacantibus
1015 2994 1055 3058 ad
1078 3012 1211 3076 presens
1233 2995 1285 3058 νε]
1309 3013 1378 3059 cum
1394 2993 1488 3058 simul
1505 2999 1560 3057 aut
1575 2993 1755 3058 successive

249 3092 282 3156 iu
304 3093 391 3159 dicta
412 3097 549 3162 eeclesia
572 3098 763 3176 vacaverint,
780 3098 884 3162 eidem
906 3098 1002 3162 Petro
1026 3097 1243 3180 conferendos,
1267 3117 1336 3162 cnm
1360 3098 1582 3180 acceptatione
1606 3102 1676 3178 etc,
1700 3096 1754 3160 do-

250 3198 374 3264 nacioni
397 3199 571 3282 apostolice
595 3200 769 3283 dignemini
793 3218 976 3281 reservare3
1010 3221 1073 3267 non
1097 3203 1254 3282 obstante,
1278 3204 1362 3283 quod
1385 3203 1605 3268 canonicatum
1628 3207 1662 3266 et
1684 3218 1756 3282 pre·

250 3303 384 3369 bendam
408 3323 444 3370 ac
467 3305 642 3371 cantoriam
665 3305 801 3370 ecclesie
824 3307 1021 3371 Lubncensis
1045 3307 1177 3385 obtinet,
1201 3324 1272 3370 enm
1295 3307 1411 3371 dictam
1435 3306 1609 3370 cantoriam
1624 3309 1755 3386 paratus

251 3406 293 3471 sit
315 3407 487 3491 dimittere,
518 3415 685 3491 postquam
715 3409 824 3491 vigore
854 3411 1015 3491 presentis
1045 3411 1150 3492 gracie
1181 3410 1369 3492 dignitatem
1397 3416 1453 3473 aut
1476 3414 1680 3491 personatum
1703 3407 1755 3471 vel

251 3510 386 3576 officium
410 3532 480 3576 cum
503 3532 579 3577 cura
600 3511 698 3578 fuerit
720 3512 851 3594 pacifice
874 3520 1049 3596 assecutus,
1072 3533 1141 3578 cum
1166 3514 1237 3577 aliis
1260 3533 1322 3578 uon
1339 3513 1538 3578 obstantibus
1554 3518 1588 3576 et
1604 3510 1755 3574 clausulis

251 3616 415 3699 oportunis
438 3623 472 3680 et
495 3617 727 3684 executoribus.

380 3736 453 3803 Fiat
476 3740 513 3804 G.
548 3740 592 3803 Et
622 3739 705 3819 quod
734 3744 879 3802 transeat
909 3738 977 3802 siue
1002 3737 1065 3801 alia
1087 3737 1236 3801 leccione.
1273 3737 1345 3801 Fiat
1369 3736 1406 3801 G.
1442 3737 1480 3799 ]).
1505 3735 1590 3816 apud
1622 3736 1753 3799 Pontem

252 3840 361 3926 Sorgie
384 3843 610 3909 Auirrionensis
634 3843 712 3908 dioc.
736 3842 780 3907 VI
803 3843 846 3907 id.
871 3842 948 3906 Maii
973 3861 998 3906 a
1023 3841 1142 3922 quinto.

381 4031 413 4084 a.
432 4030 527 4100 supp.
545 4036 578 4084 er
598 4030 644 4083 ror.
666 4037 721 4085 110.

904 4191 1107 4199 ———-—-—-—-

251 4363 341 4429 688.
374 4363 469 4427 Petro
497 4362 535 4427 de
558 4362 796 4447 Kunsendorf·)
827 4362 1012 4444 procidetm·
1042 4363 1080 4426 de
1109 4363 1296 4427 canonicatu
1326 4361 1474 4426 ecclesiae
1497 4360 1670 4439 Propensis
1701 4358 1757 4422 sub

250 4465 464 4550 ecpectatione
480 4466 691 4549 praebendae,
722 4465 1000 4531 nonobstantibus
1030 4470 1067 4529 ut
1096 4467 1132 4529 in
1152 4465 1382 4549 supplicatione
1402 4464 1459 4529 sub
1481 4486 1530 4528 nr.
1554 4464 1627 4527 587.
1667 4463 1755 4543 „Lit-

252 4573 393 4636 terarum
425 4571 581 4637 sciencia“
622 4571 736 4654 ,Apud
772 4573 902 4636 Pontem
939 4571 1049 4651 Sorpie
1083 4568 1307 4635 Aninionensis
1342 4568 1419 4633 dioc.
1462 4569 1509 4632 VI
1533 4566 1577 4632 id.
1610 4565 1695 4629 Maii
1725 4588 1756 4632 a.

252 4675 387 4758 quinto.⁸¹
421 4714 463 4724 -
493 4678 533 4740 In
562 4698 585 4740 e.
608 4696 648 4740 m.
675 4675 873 4740 Olomueensi
894 4679 922 4737 et
947 4672 1201 4738 Lutbomuslensi
1230 4673 1383 4756 episcopis
1409 4692 1448 4737 oc
1473 4672 1589 4736 decano
1612 4670 1759 4737 ecclesiae

781 4799 808 4843 s.
832 4778 977 4858 Apriooli
998 4775 1231 4842 Aninionensis.

322 4919 397 5077 ,ix
1014 4931 1110 5014 Aput
1132 4935 1260 4997 runem
1284 4931 1424 5012 struae,
1451 4933 1534 4995 rese
1559 4929 1642 4994 orate
1665 4932 1715 4994 ro.

384 5144 415 5198 R.
435 5147 484 5197 nv.
506 5150 553 5198 137
573 5142 619 5197 soi.
642 5150 697 5208 154,
716 5143 747 5195 it.
767 5143 829 5197 Vae
848 5148 898 5195 sse
918 5140 965 5194 fol.
989 5146 1044 5193 rra
1063 5169 1096 5178 -
1111 5144 1135 5206 a)
1155 5136 1355 5206 ,eunczindoro
1375 5140 1423 5190 nv.

904 5300 1108 5310 ———
