3990 6052
742 395 900 449 Decembris
920 402 960 450 19.
980 426 1012 435 —
1031 396 1190 450 Decembris
1209 403 1251 450 21.
1682 402 1746 466 273

244 606 329 672 701.
352 604 548 689 11,ἲὲεώεῆιῆ
572 605 665 670 uxori
687 606 815 671 Nicoloi
838 604 1078 687 Rokcooueriib)
1102 608 1179 671 ciuis
1203 607 1380 690 Propensis
1403 607 1594 691 indulgetur,
1617 613 1653 671 ut
1675 628 1744 670 oum

241 712 263 773 4
284 713 445 775 matronis
465 711 690 777 monasterium
711 732 736 776 s.
762 711 879 779 Cioroe
909 711 1070 790 Propense
1091 711 1215 776 ordinis
1243 713 1380 778 eiusdem
1403 717 1515 796 quater
1544 713 1579 777 in
1601 731 1684 776 urano
1707 711 1744 774 ii-

243 813 310 878 bere
331 813 454 896 ingredi
474 815 589 880 coieot.
626 817 831 897 „Devociouis
854 818 923 880 rom
952 813 1135 898 ,Auiuioue
1160 816 1268 880 XIIII
1285 816 1350 880 irai.
1373 817 1531 884 Jurrucrii
1552 839 1582 881 a.
1606 818 1742 900 quinto.“

288 972 356 1023 .Χ.
1146 956 1309 1038 Aoiuionc,
1333 957 1420 1021 1357
1443 956 1624 1020 Decembris·
1650 956 1699 1021 19.

371 1143 403 1196 R.
420 1147 470 1197 Ar.
493 1146 542 1197 136
553 1143 600 1198 iol.
620 1151 688 1211 529¹,
707 1145 738 1197 R.
757 1145 818 1196 Vat.
838 1149 889 1198 232
909 1142 955 1197 Iol.
975 1150 1033 1198 384.
1068 1174 1094 1182 -
1125 1147 1149 1209 ³)
1168 1144 1329 1208 ‚Heliaabet‘
1348 1151 1395 1198 Av.
1420 1145 1445 1211 b)
1463 1143 1631 1211 ‚Roczaueri‘
1643 1149 1691 1196 Ar.

247 1524 328 1588 702.
353 1524 460 1591 Nobili
481 1527 607 1592 mulieri
629 1529 835 1610 Morporetoe
856 1535 951 1597 uxori
973 1533 1139 1599 Francisci
1171 1529 1410 1602 llolrcoaucrii⁸)
1433 1527 1546 1591 militis
1571 1528 1743 1607 Propensis

245 1628 425 1710 indulgetur,
459 1636 495 1694 at
528 1653 597 1698 cum
630 1637 652 1697 4
684 1639 841 1702 oratrouis
870 1641 1095 1703 monasterium
1118 1661 1144 1702 s.
1172 1637 1286 1701 Clarae
1319 1634 1478 1714 Propense
1508 1631 1630 1695 ordinis
1660 1633 1742 1693 eius·

246 1731 310 1796 dem
332 1740 442 1817 quater
463 1737 498 1801 iu
520 1757 601 1801 ouuo
631 1738 727 1806 iibere
760 1742 885 1822 ingredi
913 1743 1028 1809 voleat.
1064 1742 1267 1823 „Deoociouis
1300 1740 1368 1802 tue⁴⁴
1400 1739 1459 1817 ,D.
1491 1742 1526 1798 ut
1548 1737 1582 1801 in
1612 1736 1738 1799 eaoem‘*

802 1848 839 1928 (I.
864 1869 888 1911 e.
913 1852 948 1910 ut
970 1849 1004 1911 iu
1026 1869 1074 1911 ur.
1099 1847 1186 1918 701.)

323 1997 391 2047 .X.
1143 1984 1307 2063 Aoiuiooe,
1333 1981 1417 2046 1357
1443 1977 1623 2044 Decembris
1648 1977 1697 2041 19.

370 2168 401 2222 R
420 2175 469 2223 Ar.
491 2176 537 2224 136
556 2172 602 2224 fol.
622 2178 681 2238 530,
700 2174 731 2226 R.
750 2173 812 2226 Vat.
832 2179 882 2226 232
901 2174 947 2228 iol.
967 2180 1026 2227 384.
1046 2204 1078 2212 —
1099 2178 1123 2238 a)
1143 2169 1308 2238 ,Roczaueri‘
1328 2173 1376 2222 Ar.

1000 2352 1090 2359 —-

252 2548 333 2615 703.
358 2547 487 2617 Carolus
511 2555 723 2619 Romanorum
753 2558 927 2640 inmoratur
949 2562 978 2620 et
1001 2555 1172 2620 Boiremioe
1201 2576 1256 2621 rer
1288 2552 1457 2636 supplicat,
1489 2555 1644 2633 quatenus
1665 2547 1741 2611 oisi-

250 2652 381 2718 toutilms
397 2657 549 2739 cupellam
571 2662 606 2725 in
621 2665 726 2726 castro
741 2661 905 2726 Karisteio
927 2661 1144 2741 indulgentiae
1166 2658 1387 2722 concedantur.
1411 2693 1455 2700 -
1478 2656 1555 2717 Item
1571 2652 1740 2735 supplicat,

251 2761 394 2835 quolenus
408 2762 638 2847 archiepiscopo
654 2766 813 2846 Propensi
834 2770 864 2830 et
878 2767 945 2830 eius
967 2763 1181 2850 suffraganeis
1205 2761 1417 2843 indulgeatur,
1429 2762 1464 2821 ut
1480 2776 1585 2821 omues
1600 2754 1741 2838 epomis

252 2861 463 2942 cismteatiis,
486 2886 565 2948 quos
583 2889 641 2948 per
666 2891 832 2953 processus
853 2880 963 2935 contro
994 2870 1186 2934 Lodooioum
1209 2865 1375 2930 Bcoorum
1406 2865 1615 2942 incurrerunt,
1639 2858 1740 2923 obsol-

250 2980 313 3026 oere
329 2969 459 3047 possint.
484 3008 525 3016 -
547 2972 625 3036 Item
646 2973 816 3057 supplicat,
839 2979 992 3058 quatenus
1005 2973 1164 3057 fundatio
1186 2972 1281 3035 unios
1297 2969 1412 3033 citaris
1435 2970 1470 3031 io
1485 2966 1577 3030 cicoro
1592 2961 1741 3029 ecclesiae

786 3079 958 3159 Iicoeusis
980 3078 1188 3160 confirmetur.

986 3173 988 3176 Α
1140 3215 1301 3290 Aoim'oue,
1326 3210 1411 3275 1357
1436 3208 1618 3273 Decembris
1641 3210 1693 3271 21.

371 3399 532 3482 Significat
547 3404 587 3468 Si
620 3406 673 3469 V¹⁰
697 3407 831 3472 devotus
847 3408 930 3472 filius
947 3413 1054 3470 vester
1069 3406 1205 3469 Karolus
1228 3407 1440 3469 Romanorum
1457 3401 1631 3481 imperator
1649 3449 1656 3464 .
1677 3450 1682 3460 .
1703 3449 1710 3460 .
1731 3447 1737 3458 .

252 3501 281 3559 et
301 3498 426 3568 Boemie
448 3524 512 3583 rex,
543 3509 626 3588 quod
647 3509 716 3590 ipse
741 3510 780 3573 de
804 3530 884 3575 novo
914 3529 1009 3574 unam
1032 3511 1238 3590 sollempnem
1269 3525 1393 3571 crucem
1424 3505 1463 3568 de
1494 3521 1573 3585 puro
1605 3520 1680 3565 auro
1704 3506 1738 3563 et

253 3603 484 3677 preciosissimis
505 3613 682 3694 margaritis
705 3612 773 3676 fieri
808 3620 842 3677 et
864 3613 1011 3678 fabricari
1034 3620 1068 3678 et
1091 3614 1123 3677 in
1147 3634 1185 3678 ea
1207 3619 1330 3693 partem
1354 3611 1393 3673 de
1423 3609 1510 3689 ligno
1534 3606 1635 3669 crucis
1659 3604 1736 3667 vivi-

252 3698 303 3766 lice
324 3713 357 3770 et
379 3709 418 3775 de
441 3712 550 3793 spinea
579 3734 692 3781 corona
715 3724 749 3781 et
771 3719 903 3800 spongia
927 3716 1045 3781 Christi
1071 3735 1215 3781 necnon
1238 3717 1277 3779 de
1301 3734 1326 3778 s.
1357 3711 1510 3778 iohannis
1533 3709 1680 3792 Baptiste
1702 3714 1737 3771 et
1774 3746 1777 3752 -

253 3804 316 3870 aliis
337 3811 479 3889 plurimis
501 3820 598 3883 sacris
633 3821 776 3901 reliquiis
806 3823 880 3904 poni
903 3821 990 3901 lecit,
1025 3823 1056 3884 in
1080 3827 1184 3885 castro
1208 3838 1265 3885 suo
1289 3819 1328 3883 de
1364 3817 1531 3896 Carlsteyn
1565 3811 1736 3891 Pragensis

252 3907 322 3975 dioc.
346 3934 403 3995 pro
425 3921 655 3999 preciosissimo
687 3925 779 3989 iooali
802 3945 911 4007 regum
934 3931 968 3989 et
990 3925 1080 4006 regni
1110 3925 1250 4003 Boemie,
1275 3924 1328 4004 qui
1352 3941 1409 4003 pro
1440 3926 1583 4001 tempore
1606 3915 1735 3990 luerint,

252 4022 397 4096 Perpetuo
420 4028 670 4092 conservandam.
695 4028 799 4105 Quare
823 4030 982 4111 supplicat
1004 4029 1089 4093 idem
1111 4030 1294 4109 imperator,
1324 4033 1482 4105 qnatenus
1505 4022 1658 4095 omnibus,
1682 4018 1736 4098 qui

251 4121 339 4184 semel
362 4122 394 4186 in
418 4143 498 4193 anno
521 4130 682 4213 duntaxat,
706 4133 831 4212 ‹puando
855 4134 940 4196 dicta
963 4151 1039 4195 crux
1053 4130 1271 4212 sollempniter
1295 4128 1527 4199 ostenderetur,
1551 4124 1665 4187 devote
1688 4122 1735 4185 in-

252 4224 386 4309 ieren'nt,
410 4231 544 4312 quinque
575 4253 671 4300 annos
694 4242 728 4300 et
750 4237 882 4301 totidem
913 4238 1132 4318 quadragenas
1156 4233 1328 4315 dignemini
1360 4229 1609 4295 misericorditer
1631 4225 1735 4290 indul·

250 4340 316 4400 gere
339 4334 431 4409 etos)

369 4433 442 4498 Fiat
465 4437 500 4500 G.

372 4536 454 4602 Item
488 4544 650 4627 supplicat,
680 4552 837 4627 quatenus
869 4567 925 4628 pro
956 4548 1057 4629 ipsius
1087 4547 1173 4628 regis
1204 4552 1237 4608 et
1267 4543 1407 4607 fidelium
1438 4540 1563 4602 illarum
1593 4538 1735 4619 parcium

249 4637 458 4706 consolacione
490 4662 525 4708 ac
547 4648 716 4714 animarum
749 4651 853 4715 salute
878 4652 1049 4733 dignemini
1085 4649 1282 4714 committere
1318 4644 1556 4725 archiepiscopo
1580 4641 1735 4723 l’ragensi

248 4739 365 4806 eteius
389 4744 604 4828 suinaganeis,
628 4754 710 4833 quod
733 4757 857 4836 possint
880 4756 1045 4821 absolvere
1069 4771 1177 4818 omnes
1208 4760 1241 4816 et
1265 4750 1405 4831 singulos
1429 4748 1578 4829 prelatos,
1602 4746 1735 4810 clericos

248 4846 278 4903 et
308 4843 416 4921 laicos,
441 4850 648 4934 cuiuscunque
671 4861 917 4941 preeminencie,
941 4860 1116 4942 dignitatis,
1151 4864 1263 4937 status,
1298 4854 1417 4917 ordinis
1454 4852 1504 4915 vel
1539 4850 1735 4914 condicionis

247 4945 389 5023 existant,
414 4958 553 5034 exceptis
583 4956 687 5023 tamen
710 4962 787 5026 filiis
811 4965 942 5029 condam
981 4963 1132 5028 Ludoviei
1157 4963 1196 5024 de
1231 4958 1368 5023 Bovario
1390 4975 1447 5036 per
1470 4954 1638 5017 ecclesiam
1662 4971 1735 5016 con-

247 5046 428 5131 dempnatis,
452 5057 490 5121 ab
512 5061 652 5126 omnibus
674 5070 708 5128 et
736 5068 870 5149 singulis
894 5069 1066 5132 sentenciis
1098 5073 1192 5146 atque
1216 5063 1316 5145 penis,
1341 5079 1418 5141 quas
1454 5059 1655 5120 incurrerunt
1677 5072 1736 5136 per

246 5167 406 5228 processus
437 5164 680 5230 contradictum
703 5169 897 5235 Ludovicum
920 5172 1045 5237 habitos
1080 5188 1135 5233 seu
1159 5187 1266 5233 eorum
1291 5164 1455 5229 occasione
1479 5168 1512 5222 et
1536 5177 1632 5238 super
1655 5158 1734 5220 irre·

245 5255 410 5332 is'ulflritste
434 5269 590 5329 contracta
624 5270 807 5351 dispensare
832 5293 950 5354 eosque
975 5276 1144 5339 habilitare
1177 5281 1210 5337 et
1233 5271 1405 5336 restituere
1430 5273 1463 5327 et
1487 5261 1659 5326 interdicta
1682 5279 1731 5323 re-

1597 5403 1629 5447 18
