3944 6060
233 419 298 486 250
323 415 325 418 ’
731 450 734 455 -
835 380 1077 477 Ants'lnnocentia
1093 410 1141 467 VI.

230 645 324 708 quam
345 643 473 691 camera
493 628 612 705 nostre,
634 640 696 704 que
718 621 879 688 consuetis
894 621 1072 687 redditibus
1088 639 1151 686 non
1166 620 1315 703 abundat,
1338 620 1549 693 vehementer
1569 620 1737 705 exhausa,

230 749 287 795 nos
306 728 349 794 ad
373 728 631 811 prosecucionem
653 726 740 793 illius
761 731 795 791 et
809 726 1058 808 explicacionem
1073 724 1282 807 multiplicum
1300 724 1503 808 agendorum,
1526 727 1578 792 cui
1592 724 1735 809 gravium

231 834 356 899 sarcina
375 837 559 915 sumptuum
590 835 641 895 est
663 848 797 911 annexa,
827 848 885 896 nos
916 829 1021 895 minus
1050 829 1144 911 plene
1175 825 1321 895 sufficere
1343 828 1519 913 intuentes,
1540 829 1737 895 necessitate

230 936 332 1003 coacti
361 955 380 1001 n
409 942 443 1001 te
474 953 511 1001 ac
541 933 701 1001 nonnullis
730 935 865 1018 prelatis
894 940 929 999 et
958 934 1035 999 viris
1066 932 1293 999 ecclesiasticis
1324 935 1396 1000 aliis
1426 934 1614 1014 subsidium,
1646 934 1738 1000 euius

230 1041 468 1108 interventione
506 1039 685 1106 huiusmodi
715 1057 813 1106 onera
846 1039 1038 1106 commodius
1074 1037 1281 1123 perferamus,
1315 1037 1507 1105 fiducialiter
1528 1038 1738 1122 *providimus

230 1146 462 1229 postulandum,
499 1150 667 1228 sperantes
703 1143 836 1210 firmiter
865 1143 899 1209 in
936 1149 968 1209 te
1003 1162 1040 1209 nc
1072 1143 1137 1209 illis
1174 1144 1288 1209 devote
1318 1143 1558 1227 compassionis:
1586 1141 1738 1210 affectum

231 1256 266 1316 et
288 1249 474 1317 auxiliarem
497 1248 724 1315 liberalitatem
746 1247 868 1331 pariter
889 1248 1043 1313 invenire.
1083 1248 1126 1313 ldt
1147 1247 1220 1313 ideo
1242 1246 1478 1314 iratemitatem
1500 1255 1587 1314 tuam
1611 1252 1736 1314 attente

231 1372 406 1438 precamur,
430 1355 580 1437 quatinus
602 1371 673 1418 ven.
689 1352 850 1418 innostro
872 1351 1018 1434 Philippo
1042 1352 1190 1435 episcopo
1210 1349 1432 1437 Oauallicensi,
1454 1352 1631 1436 apostolice
1646 1351 1743 1419 sedis·

232 1458 356 1544 nuncio,
378 1458 473 1525 latori
496 1458 705 1542 presencium,
728 1474 821 1538 quem
844 1456 884 1529 ad
906 1462 940 1521 te
964 1474 1001 1521 ac
1022 1462 1132 1539 partes
1147 1456 1234 1540 ipsas
1261 1473 1318 1539 spe
1341 1456 1414 1523 freti
1431 1456 1613 1527 huiusmodi
1637 1456 1736 1521 desti-

232 1581 352 1647 namus,
376 1581 473 1646 super
494 1562 566 1647 hiis,
589 1579 650 1644 que
673 1561 733 1628 tibi
755 1580 794 1625 ex
817 1566 909 1645 parte
931 1565 1042 1626 nostra
1056 1560 1215 1642 retulerit,
1238 1563 1351 1629 credas
1365 1561 1504 1646 indubie,
1526 1561 1583 1628 illa
1605 1578 1736 1645 operum

232 1668 387 1734 fructibus
409 1666 599 1751 impleturus
628 1685 665 1732 ac
694 1667 907 1749 rescriptums
938 1684 996 1748 per
1025 1666 1152 1731 litteras
1182 1671 1254 1732 tuas
1283 1666 1385 1742 nobis,
1415 1667 1491 1747 quid
1521 1671 1555 1731 et
1584 1671 1737 1747 quantum

232 1773 337 1838 eidem
368 1772 517 1855 episcopo
547 1770 605 1836 sed
632 1770 724 1837 nobis
754 1769 861 1837 verius
891 1769 1109 1835 subsidialiter
1139 1770 1267 1836 duxeris
1301 1770 1534 1835 conferendum.
1581 1769 1621 1834 D.
1652 1768 1737 1853 apud

232 1877 463 1943 Villamnouam
486 1875 710 1942 Aninionensis
734 1876 813 1941 dioc.
838 1875 868 1940 X
890 1874 953 1942 kal.
977 1874 1055 1940 Julii
1080 1895 1107 1940 a.
1132 1875 1256 1956 quinto.

359 2063 395 2123 R.
413 2065 475 2120 Vnt.
494 2069 544 2120 289
568 2063 616 2120 iol.
638 2069 695 2119 118.
716 2093 748 2105 -
767 2063 834 2134 Reg.
852 2062 926 2134 opud
945 2061 1109 2134 Werunsky‚
1127 2063 1266 2133 Excerpta
1284 2080 1324 2119 ur.
1343 2068 1394 2118 439
1411 2069 1439 2117 et
1457 2061 1562 2131 Huber,
1580 2062 1648 2133 Reg.
1667 2061 1737 2132 Imp.

232 2151 299 2208 Vlll
322 2167 385 2223 pag.
409 2156 458 2206 789
483 2167 524 2207 nr.
547 2154 606 2206 840.
630 2182 664 2193 -
690 2152 767 2206 Haec
788 2150 882 2206 littere
904 2157 1093 2208 reconstructa
1116 2158 1159 2206 est
1185 2166 1220 2207 er
1239 2151 1332 2206 littera
1349 2149 1509 2206 boemundo
1526 2148 1736 2221 archiepiscopo

232 2239 394 2295 treverensi
413 2238 551 2295 destinata
568 2244 596 2293 et
613 2238 643 2292 in
661 2254 716 2308 reg.
735 2239 819 2308 plene
836 2237 983 2308 descripte.
1001 2238 1043 2293 De
1059 2238 1151 2293 littera
1169 2239 1203 2295 ad
1222 2238 1457 2310 archiepiscopum
1471 2241 1634 2308 mensem
1652 2236 1738 2293 mim

234 2327 413 2397 sequentibus
431 2334 537 2383 tentum
555 2327 645 2382 verbis
664 2325 765 2381 mentio
784 2324 829 2381 fit:
848 2325 927 2396 ‚itam
944 2325 974 2380 iu
993 2340 1017 2380 e.
1034 2343 1069 2381 m.
1088 2342 1147 2381 een.
1167 2327 1200 2381 ir.
1215 2368 1221 2381 .
1238 2368 1244 2382 .
1263 2324 1472 2395 archiepiscopo
1489 2324 1638 2396 Prageusi‘

232 2627 324 2694 635.
350 2624 501 2708 libbam)
523 2624 634 2692 abboli
655 2624 840 2690 neonastem'o‘
861 2644 886 2690 s.
903 2626 1031 2690 oseriae
1053 2624 1232 2690 denotem
1255 2620 1474 2692 ttsterciensb
1488 2622 1611 2689 ordinis
1633 2622 1739 2710 Vrata'·

232 2724 400 2797 cluniensem
430 2730 509 2796 dioc.
532 2729 724 2814 indulgetur,
752 2731 789 2794 nt
810 2733 974 2809 confessor·
1001 2729 1069 2796 eino
1097 2730 1132 2793 in
1154 2729 1264 2794 mortis
1293 2728 1429 2794 articulo
1445 2729 1576 2813 plenam
1598 2728 1739 2793 omna'mn

231 2838 431 2918 peccatoram
463 2834 678 2901 remissionem
712 2835 740 2898 ei
774 2833 935 2899 concedere
962 2836 1075 2918 possit.
1126 2833 1309 2917 ,Procamffl
1349 2833 1464 2918 „Apud
1504 2831 1740 2899 Villomnouunc

581 2940 805 3006 Aninionensis
828 2937 906 3003 dioc.
930 2940 985 3002 III
1001 2938 1064 3004 bot.
1088 2936 1174 3003 Julia‘
1196 2960 1227 3004 u.
1250 2941 1388 3023 quinto.l

1025 3080 1123 3161 Apud
1154 3077 1501 3161 mumurantem
1522 3078 1617 3146 June
1638 3083 1694 3146 29.

269 3272 274 3308 “·
363 3268 395 3323 R.
413 3272 462 3323 Ar.
483 3275 532 3324 tud
550 3268 597 3323 iol.
614 3262 665 3324 48⁴.
689 3298 714 3308 -
735 3268 800 3340 Reg.
818 3268 846 3322 in
864 3262 963 3325 szd
980 3267 1135 3323 Schlesiens
1154 3270 1230 3323 XXV
1248 3284 1309 3339 pag.
1328 3273 1386 3322 302.
1410 3298 1435 3308 -
1457 3269 1481 3324 ι)
1500 3267 1616 3339 ,Tyloni‘
1633 3269 1686 3350 Ar.
1742 3280 1751 3301 ⁴·

234 3567 337 3636 636.
357 3568 452 3632 Petro
468 3564 506 3632 de
520 3563 703 3647 Bolealuo⁸l
726 3565 877 3632 monacho
898 3566 1084 3633 monosterii
1105 3565 1131 3630 b.
1158 3567 1288 3631 Marone
1307 3564 1346 3631 de
1367 3565 1491 3632 Lmen
1521 3564 1745 3634 tbternemb

233 3669 355 3736 ordinis
385 3670 642 3738 Wota'aluvienm'e
662 3671 740 3737 dioc.
758 3670 949 3754 indolpetnn
972 3676 1007 3736 ul
1021 3670 1184 3758 confessor
1197 3672 1264 3737 eina
1280 3671 1313 3736 in
1327 3670 1439 3735 mortis
1454 3668 1587 3736 ambulo
1604 3668 1744 3754 plenum

234 3776 372 3843 monium
391 3780 590 3860 peecatorum
611 3776 827 3861 renisa-ionem
857 3776 896 3841 ei.
915 3776 1079 3842 concedere
1095 3777 1208 3862 possit.
1250 3775 1434 3857 „Provem't‘
1463 3773 1577 3859 „Apud
1607 3773 1744 3841 l'a‘llum-

515 3900 630 3947 nonom
653 3881 876 3947 Aninionenm‘s
900 3879 978 3948 dioc.
1003 3884 1059 3947 Ill
1074 3881 1136 3947 bol.
1158 3881 1244 3949 Jola'i
1265 3905 1295 3946 a.
1320 3881 1454 3966 quinto.“
1674 3888 1704 3897 “’

283 3972 352 4107 ξ,
1028 4020 1125 4103 spuo
1155 4021 1392 4106 cananaeam,
1416 4022 1502 4087 rear
1523 4021 1620 4089 unm
1640 4024 1698 4088 29.

364 4205 395 4259 R.
415 4207 463 4260 An.
484 4212 533 4261 136
552 4206 599 4261 ml.
618 4213 670 4261 48⁴.
688 4238 718 4248 -
743 4210 767 4277 ⁸)
787 4209 964 4276 ,Boleslauia‘
982 4213 1031 4265 An.

883 4374 1084 4385 -ι---

330 4509 333 4513 ·
428 4517 432 4541 ³
463 4532 466 4539 ·
529 4506 644 4573 637.
675 4503 821 4572 Visitotio
843 4506 1002 4574 Jolmnm's
1024 4509 1164 4592 episcopi
1187 4506 1411 4574 olomucencis.

1426 4647 1510 4713 1357
1530 4646 1618 4717 Just
1639 4653 1697 4720 10.

364 4836 424 4900 bio
447 4835 569 4902 decima
590 4837 670 4903 Julii
695 4839 736 4923 [a.
761 4839 790 4904 d.
808 4837 1058 4927 nrcucnvssp)
1081 4840 1275 4905 reverendus
1298 4845 1390 4923 pater
1413 4839 1558 4905 dominus
1573 4838 1743 4909 lohannes

234 4936 402 5022 episcopus
426 4939 645 5006 Olomucensis
675 4960 732 5024 pro
756 4961 818 5008 uno
841 4944 968 5011 biennio
991 4945 1133 5029 proxime
1157 4949 1317 5010 trausacto
1344 4963 1402 5027 per
1424 4944 1583 5010 dominum
1606 4944 1742 5023 Petrum

234 5042 274 5106 de
304 5041 427 5108 Waben
456 5044 675 5127 presbyterum
707 5045 945 5146 Cameracensis
981 5051 1058 5116 dioc.
1092 5054 1328 5130 procuratorem
1362 5068 1453 5115 suum
1487 5054 1548 5115 etc.
1582 5050 1742 5145 visitarit,

233 5144 331 5212 nichil
354 5152 462 5213 tamen
484 5154 519 5214 et
541 5155 658 5215 cetera.

257 5357 262 5365 ·
294 5350 296 5355 ·
319 5406 323 5411 ¹
354 5333 421 5393 ubl.
440 5342 468 5392 et
485 5336 541 5393 Sul.
559 5343 594 5394 80
611 5336 659 5394 iol.
680 5298 745 5394 ltil‘.
767 5370 793 5380 -
821 5346 844 5407 8)
863 5341 1025 5412 Suppletum
1044 5358 1077 5397 ex
1096 5341 1197 5413 pagina
1215 5343 1404 5412 praecedente.
1425 5296 1428 5301 -
