3944 6060
737 422 811 472 tuso
828 417 887 472 Mai
905 423 920 472 'i
943 448 969 459 -
990 417 1068 473 Junii
1085 424 1128 472 ut.
1624 420 1690 484 433

185 629 301 696 1083.
334 627 488 710 Episcopo
520 623 715 691 Olomuc'eusi
736 623 919 698 moudotur,
950 621 1104 707 quotenus
1135 645 1204 689 cum
1235 623 1368 688 Nicoloo
1399 624 1476 710 cuce
1510 627 1688 710 opaviam)

185 738 215 797 et
234 734 333 800 Jutto
366 737 445 795 uoto
464 728 655 808 Bormum)
688 729 778 793 ducis
810 728 981 804 Sitesioe⁰i
1005 734 1034 793 et
1068 727 1382 810 Fumnoupenstsdt
1404 749 1498 813 super
1527 731 1689 795 mouimu-

185 837 244 915 m'o,
268 835 343 900 oiim
364 835 408 899 od
422 834 564 899 scdoudo
584 853 774 915 puerrorum
796 831 994 911 discrimino,
1017 855 1097 916 quoe
1118 833 1202 898 iuter
1221 834 1314 898 duces
1331 833 1513 915 praedictos
1536 834 1689 919 cipetum,

184 943 249 1004 iom
279 943 451 1017 coutrocto,
473 939 640 1021 dispenset,
670 938 716 1001 eis
738 935 936 1020 iuiuupeudo,
968 936 1049 1016 quod
1071 939 1112 1000 25
1144 938 1261 1021 equites
1293 957 1400 1002 eorum
1428 938 1605 1021 sumptibus
1629 962 1690 1022 per

183 1063 239 1110 scu
260 1047 381 1108 mermes
403 1042 574 1108 servituros
610 1039 723 1122 Epidio
745 1039 886 1121 episcopo
909 1039 1086 1118 Sobiueusi,
1106 1042 1141 1104 iu
1167 1040 1281 1105 ltaliae
1311 1040 1461 1124 portibus
1496 1044 1687 1126 apostoticae

184 1148 267 1214 sedis
287 1147 399 1229 temeto,
423 1145 562 1210 mittant.
602 1142 774 1220 „metisca
796 1141 904 1206 uobis*
941 1144 1055 1226 „Apud
1094 1143 1326 1225 Viltomuouom
1357 1145 1581 1211 Auiuioueusis
1612 1147 1689 1213 dioc.

734 1265 805 1311 riou.
828 1247 921 1313 Juuii
943 1269 974 1311 o.
998 1251 1136 1313 octavo.“

233 1371 298 1441 .l›'.
980 1451 984 1456 .
1013 1385 1110 1467 Apud
1130 1385 1366 1466 Vittomuooom,
1390 1389 1476 1454 1360
1498 1389 1592 1454 Juuii
1613 1389 1645 1454 5.

314 1576 346 1631 R.
364 1577 412 1629 As.
434 1581 484 1629 144
503 1574 549 1628 iol.
567 1579 628 1628 287.
646 1603 678 1612 -
697 1571 748 1626 Ed.
766 1570 840 1640 apud
859 1570 984 1638 Theiner,
1009 1572 1084 1629 Mon.
1103 1573 1159 1629 Pol.
1179 1575 1191 1627 Ι
1210 1591 1270 1643 pag.
1291 1581 1348 1628 595.
1374 1605 1399 1614 -
1427 1586 1452 1638 ι)
1471 1577 1614 1646 ‚Oppsuie‘
1635 1579 1684 1630 As.

185 1666 210 1734 b)
227 1663 375 1732 ‚Bolconis‘
394 1666 443 1716 Av.
483 1669 506 1727 c)
525 1660 628 1729 ,Slosiu
647 1663 696 1714 As.
716 1660 742 1726 d)
762 1657 1030 1727 ,Fokemburgonsis‘
1051 1661 1100 1713 As.

836 1856 1043 1874 A-—h———n—

187 2000 302 2084 1084.
339 2015 516 2080 Dorotheus
548 1996 677 2108 relictae
711 2017 866 2100 quomdam
908 2016 1089 2083 Hermouui
1121 2019 1342 2103 Sumppetom‘s
1374 2021 1462 2102 laici,
1500 2022 1615 2086 uiduae
1653 2022 1691 2088 dc

189 2120 374 2203 somniem)
392 2119 749 2211 Vrotislauscusisdioc.,
768 2121 957 2207 iudutpetur,
973 2127 1007 2186 ut
1026 2130 1186 2205 cousessor
1208 2125 1275 2189 cius
1298 2126 1451 2190 inmortis
1474 2125 1607 2191 articulo
1626 2125 1694 2207 ple·

188 2246 262 2290 uom
295 2224 434 2289 ommium
462 2229 666 2310 peccatorum
699 2228 912 2291 remissionem
941 2228 970 2292 ei
999 2229 1161 2294 comedere
1189 2231 1301 2311 possit.
1340 2231 1528 2311 „Proventu
1579 2228 1692 2312 „Aput

448 2328 678 2436 Vollamuouom
709 2329 933 2395 Auiuioueusis
957 2330 1034 2399 dioc.
1058 2332 1100 2397 id.
1131 2334 1226 2401 Jum'i
1248 2354 1279 2397 a.
1302 2335 1439 2398 octauo.“

985 2470 1081 2555 Apso
1113 2469 1576 2554 Vittomuooom,1360.luuii
1599 2475 1649 2538 13.

319 2657 351 2712 R.
370 2658 419 2710 As.
441 2661 489 2710 142
508 2655 554 2709 iol.
576 2660 633 2710 526.
656 2683 685 2692 -
707 2661 732 2720 ι)
750 2654 941 2725 ,Siwydunniz‘
960 2659 1010 2710 As.

836 2854 1041 2863 ——-

191 3006 307 3073 1085.
332 3006 479 3078 Litterae¹
495 3005 598 3069 securi
627 3003 797 3069 conductus
814 3024 875 3088 pro
906 3007 946 3069 25
970 3006 1138 3088 ormiperis
1168 3028 1189 3071 o
1212 2985 1346 3074 tricocco
1376 3007 1451 3072 duce
1476 3006 1621 3091 Opooioe
1652 3006 1694 3071 od

641 3111 746 3174 terras
769 3110 933 3175 Romanos
955 3111 1102 3178 molesios
1123 3111 1239 3177 missis.

983 3245 1078 3331 Apud
1108 3245 1345 3332 Vstlomuooam,
1368 3249 1454 3314 1360
1475 3251 1570 3317 Juuii
1593 3252 1644 3313 13.

318 3437 561 3503 venerabilibus
584 3436 735 3502 fratribus
754 3486 761 3502 .
782 3485 789 3501 .
812 3435 1011 3518 patriarchis,
1034 3436 1281 3519 archiepiscopis
1297 3445 1330 3501 ct
1353 3438 1511 3520 episcopis
1527 3444 1587 3503 cto.
1614 3438 1692 3503 Cum

191 3544 218 3607 d.
248 3543 268 3608 i.
300 3542 416 3608 nobilis
447 3542 496 3606 vir
525 3541 675 3606 Nicolsus
710 3541 773 3604 dux
819 3541 964 3624 Oppuuio
1006 3542 1045 3604 ad
1083 3546 1186 3605 terras
1229 3547 1338 3605 sancto
1377 3544 1516 3606 Romano
1557 3542 1693 3606 ecclesie

191 3649 348 3713 subiectas
379 3645 602 3729 proserviciis
626 3644 769 3709 ciusdem
796 3645 931 3709 ecclesis
963 3645 1075 3726 viginti
1099 3645 1236 3725 quinque
1259 3645 1402 3709 homines
1426 3647 1599 3726 armigeros
1622 3664 1693 3710 oum

191 3752 310 3816 familia
340 3756 374 3817 et
403 3751 551 3816 comitiva
565 3745 567 3750 ’
581 3750 719 3833 ipsorum
744 3749 783 3812 de
807 3749 949 3832 presenti
977 3749 1183 3826 transmittat,
1207 3768 1265 3813 nos
1295 3749 1439 3814 volientos
1463 3749 1636 3831 armigeros
1659 3755 1693 3813 et

190 3855 339 3921 familiam
368 3873 404 3919 ac
434 3855 612 3919 comitivam
643 3854 814 3919 eorundem
829 3865 854 3930 ⁸)
897 3853 929 3916 in
965 3853 1078 3935 eundo,
1113 3852 1264 3917 morando
1298 3858 1332 3916 ct
1362 3854 1402 3916 od
1437 3859 1545 3933 partos
1579 3871 1689 3917 corum

191 3944 352 4026 redeundo
386 3959 481 4042 pleno
510 3959 699 4023 securitate·
714 3958 863 4040 gaudere,
897 3957 1139 4022 universitatem
1173 3963 1310 4021 vestram
1343 3956 1534 4036 requirimus
1557 3962 1617 4022 etc.
1654 3963 1690 4021 ut

191 4064 346 4130 informa
368 4063 407 4127 de
431 4080 540 4128 securo
565 4063 718 4127 conducto
743 4061 897 4142 usquein
921 4060 1024 4136 finem.
1039 4063 1088 4125 D.
1102 4060 1184 4143 apud
1209 4060 1440 4127 Villamnousm
1464 4060 1689 4125 Auiniononsis

197 4168 274 4235 dioc.
298 4167 341 4233 id.
365 4166 453 4232 Junii
476 4186 505 4235 a.
528 4171 647 4233 octavo.

264 4325 267 4330 ’
324 4355 356 4409 tc
374 4354 436 4409 vit.
454 4361 506 4409 πο
523 4354 570 4409 m.
589 4360 630 4408 sc.
651 4385 682 4394 -
703 4356 727 4421 ι)
747 4320 875 4417 ,cosmus
893 4351 955 4406 vc.
974 4351 1049 4405 Com.
1069 4368 1109 4406 nr.
1132 4357 1204 4405 mss.

197 4686 311 4755 1086.
344 4684 528 4752 Kocimims
560 4684 709 4749 Polouioc
739 4707 797 4749 reso
818 4685 988 4768 supplicat,
1022 4687 1176 4768 quotenus
1209 4683 1406 4748 Suautostoo
1428 4683 1518 4746 Petri
1540 4683 1577 4747 de
1600 4683 1696 4748 Slou·

197 4794 317 4871 cocio·)
340 4791 450 4855 clerico
474 4789 688 4857 Crccooieusis
710 4789 786 4854 dioc.
811 4788 850 4853 de
871 4787 1013 4871 beneficio
1035 4786 1253 4865 ecclesiastico,
1278 4787 1321 4851 cd
1342 4785 1536 4852 cottotiouem
1559 4787 1696 4870 episcopi

206 4896 459 4962 Vrotu'slocieusis
477 4894 665 4977 pertinente,
684 4892 901 4976 provideatur.
914 4929 956 4940 -
971 4893 1066 4978 „Fiat
1090 4890 1128 4957 (ἶ.
1146 4892 1221 4956 Siue
1243 4890 1312 4956 olio
1333 4891 1471 4957 leccioue.
1496 4891 1571 4955 rtet
1597 4891 1637 4958 G.
1653 4891 1695 4956 D.

343 4999 430 5083 opud
461 4998 701 5080 Vittamuouom,
722 4997 947 5062 Auiuioueusis
970 4998 1047 5061 dioc.
1081 4997 1141 5060 VII
1158 4996 1221 5066 sar.
1245 4995 1330 5064 Jutii
1352 5017 1383 5061 c.
1407 4997 1544 5060 octouo.¹‘

912 5225 914 5230 ,
988 5135 1084 5217 Apud
1114 5134 1352 5214 Vitlomuoocm,
1375 5133 1576 5200 oscorum·
1598 5135 1650 5197 25.

258 5376 261 5381 .
325 5325 357 5382 lt
376 5325 471 5395 Suppl.
489 5331 522 5379 31
542 5325 590 5380 iol.
612 5328 667 5378 tto.
686 5354 719 5364 -
750 5326 776 5393 ⁸)
795 5323 958 5392 ,Slsuoouiu‘
977 5323 1074 5392 Suppl.

1541 5446 1576 5497 28
