3944 6060
239 439 302 506 280
839 437 911 488 Acts
928 433 1081 489 innocentii
1099 435 1147 489 vl.

238 644 454 727 Wratiuogius
478 643 601 709 obtinet
624 651 657 707 et
680 644 765 724 quod
787 643 820 707 in
842 645 1025 709 canonicum
1048 651 1081 709 et
1103 644 1235 709 fratrem
1257 648 1315 710 suh
1332 646 1556 727 expectacione
1580 646 1748 728 prebende

235 749 270 812 in
293 749 378 813 dicta
393 749 529 813 ecclesia
551 748 706 830 Pragensi
720 747 910 813 auctoritate
934 749 1065 830 capituli
1088 754 1139 813 est
1160 755 1318 831 receptus,
1343 768 1412 813 cum
1436 750 1508 815 aliis
1531 768 1595 815 uon
1619 752 1751 815 obstan·

236 852 322 917 tibus
346 859 380 916 et
403 852 554 917 clausulis
577 852 742 933 oportunis
766 860 799 918 et
822 854 1053 918 executoribus.

367 957 440 1021 Fiat
463 957 500 1021 G.

367 1061 441 1125 Sine
466 1061 529 1125 alia
550 1061 701 1126 leccione.
724 1061 796 1126 Fiat
820 1062 856 1126 G.
875 1063 912 1125 D.
937 1061 1094 1126 Aninione
1118 1061 1392 1126 Vlid.Februarii
1415 1080 1443 1126 a.
1467 1068 1568 1126 sexto.

365 1249 396 1302 R.
415 1249 510 1318 Suppl.
529 1255 562 1301 ‘29
581 1249 627 1303 iol.
648 1255 696 1303 16'.
716 1280 749 1289 -
781 1255 808 1313 ι)
825 1250 950 1318 Corrige:
970 1249 1125 1311 ‚alacriora
1148 1280 1174 1289 -
1196 1250 1228 1302 In
1246 1266 1323 1319 marg
1350 1249 1437 1304 dext:
1457 1250 1518 1314 ‚Pro
1537 1250 1691 1320 ea[mera]‘.
1712 1280 1747 1289 -

234 1336 275 1388 De
295 1334 444 1389 collatione
463 1342 491 1388 et
509 1335 664 1404 provisione
688 1336 763 1391 iacta
786 1338 837 1391 sub
855 1337 950 1392 eodem
975 1337 1039 1391 dato
1058 1338 1197 1405 praedicto
1235 1336 1401 1406 Vrativogio
1420 1337 1455 1391 ds
1479 1343 1615 1406 perpetua
1639 1337 1747 1392 vicar-is

235 1422 447 1489 praenominata
465 1422 492 1474 in
511 1422 543 1474 ll.
563 1423 658 1490 Suppl.
677 1429 710 1476 28
730 1423 776 1477 iol.
798 1430 845 1477 171
865 1424 966 1478 mentio
986 1424 1024 1477 iit.

239 1806 327 1870 717.
351 1805 507 1868 Arucstus
538 1804 793 1888 archiepiscopus
817 1807 990 1888 Praqeusis
1020 1791 1189 1889 supplicat,
1220 1810 1373 1888 quatenus
1395 1806 1518 1871 collatio
1542 1806 1744 1872 archidiaco-

236 1912 333 1972 natus
357 1909 610 1990 Horsouicnsis·)
646 1911 736 1976 Petro
766 1910 803 1974 de
833 1902 1045 1988 Kuurcudorf
1055 1909 1084 1992 ¹²)
1107 1915 1205 1990 sacta
1235 1909 1432 1993 confirmetur
1453 1909 1501 1974 uel
1523 1911 1553 1974 ei
1574 1909 1615 1974 dc
1636 1910 1745 1975 codem

237 2013 275 2075 de
297 2032 372 2076 uooo
390 2012 606 2093 provideatur.
633 2051 671 2059 —
699 2015 796 2093 ,Fiat
813 2015 851 2079 G.
870 2015 947 2079 Sirra
969 2015 1038 2079 alio
1061 2016 1201 2079 larciane.
1227 2015 1301 2078 Fiat
1325 2011 1363 2079 G.
1381 2014 1421 2078 D.
1446 2013 1607 2078 Auiuioue
1638 2014 1683 2079 VI
1697 2014 1742 2079 id.

808 2119 975 2182 Februarii
997 2141 1027 2182 a.
1051 2124 1167 2184 saato.“

1181 2257 1344 2337 Aoiuione,
1369 2256 1453 2320 1358
1475 2257 1644 2322 Februarii
1665 2258 1697 2322 8.

367 2444 399 2496 R.
418 2443 512 2511 Suppl.
538 2449 570 2494 29
589 2443 636 2496 t'ol.
662 2453 702 2497 at.
726 2476 753 2484 κ
779 2448 803 2508 ³)
823 2444 1037 2510 ,Horsouicnsis‘
1061 2444 1157 2514 Suppl.
1181 2451 1206 2512 b)
1227 2445 1410 2512 ,Cuncindori‘
1434 2446 1529 2515 Suppl.
1553 2474 1579 2483 -
1603 2446 1636 2499 In
1655 2460 1741 2514 marg.

235 2529 323 2583 dext:
341 2530 402 2594 ,Pro
422 2530 567 2600 cn[rneral‘.

367 2809 456 2873 718.
482 2810 573 2872 Petro
596 2808 633 2873 de
655 2811 862 2888 Kuaacudorf
888 2813 1050 2888 confertur
1073 2809 1353 2875 archidiaconatus
1378 2809 1608 2874 Horsouicnsis.

324 2897 391 3009 1,τὲ
1175 2949 1339 3025 avenam,
1363 2948 1449 3012 rasa
1471 2947 1643 3011 reomau
1666 2946 1698 3012 s.

301 3033 404 3084 xx.

367 3139 402 3201 ll.
425 3137 445 3202 f.
471 3139 565 3204 l'etro
589 3141 628 3204 de
652 3140 847 3206 Cuncindorf
876 3140 1096 3205 archidiacono
1127 3139 1334 3204 Horsouicnsi
1358 3140 1390 3202 in
1413 3137 1551 3201 ecclesia
1582 3137 1742 3219 Pragensi

234 3242 370 3305 salutem
393 3247 453 3306 etc.
478 3242 638 3307 Honestas
661 3264 781 3308 morum
800 3296 807 3309 .
826 3295 832 3307 .
852 3294 886 3311 ..
919 3245 1044 3308 Dudum
1068 3245 1223 3323 siquidem
1246 3243 1450 3307 intendentes
1477 3242 1517 3305 de
1541 3240 1739 3306 archidiaco-

234 3350 312 3409 natu
345 3344 552 3411 Horsouieasi
584 3347 614 3411 in
645 3348 780 3412 ecclesia
810 3349 972 3432 Pragensi,
1003 3367 1095 3430 quern
1126 3349 1282 3428 quondam
1314 3347 1464 3410 Nicolans
1496 3344 1741 3410 archidiaconus

233 3449 459 3516 Horsouicnsis
481 3451 514 3515 in
537 3451 623 3517 dicta
645 3454 781 3517 ecclesia
804 3460 878 3518 tunc
901 3453 1053 3534 temporis
1077 3453 1250 3532 obtinebat,
1275 3469 1344 3514 curn
1367 3449 1457 3513 illum
1480 3466 1593 3512 vacare
1616 3449 1742 3512 conan-

232 3559 333 3635 geret,
357 3573 415 3636 per
438 3556 612 3637 apostolice
643 3557 729 3621 sedis
753 3539 988 3639 providenciam
1011 3555 1159 3636 ordinari,
1195 3555 1485 3619 archidiaconatum
1518 3552 1639 3634 ipsum,
1664 3552 1742 3616 dum

232 3657 335 3723 adhuc
357 3659 442 3724 idem
466 3660 616 3726 Nicolaus
650 3668 761 3743 ageret
783 3663 816 3725 in
838 3661 994 3738 humanis,
1028 3660 1179 3724 videlicet
1202 3658 1232 3722 ll
1255 3678 1326 3723 nori.
1360 3657 1502 3720 ianuarii
1533 3654 1743 3738 pontificatus

232 3763 333 3827 nostri
349 3782 379 3826 a.
396 3765 497 3845 primo
508 3765 544 3848 ¹),
567 3766 734 3831 dummodo
751 3767 854 3831 dictus
868 3764 1142 3830 archidiaconatus
1165 3762 1304 3843 dignitas
1327 3762 1491 3841 existeret,
1515 3759 1683 3823 collacioni
1706 3766 1743 3823 et

233 3865 438 3946 disposicioni
463 3876 571 3933 nostre
606 3888 645 3933 ea
668 3870 736 3933 vice
771 3871 917 3934 (luximus
952 3869 1135 3951 specialiter
1157 3867 1434 3931 reservandum..
1455 3915 1486 3929 ..
1531 3863 1741 3929 Postmodum

232 3986 308 4033 vero
333 3971 590 4039 archidiaconatu
606 3975 759 4056 predicto,
781 3976 834 4055 qui
851 3976 989 4056 dignitas
1005 3979 1116 4038 curata
1138 3972 1257 4050 existit,
1273 3988 1331 4053 per
1344 3970 1445 4052 ipsius
1463 3967 1585 4033 Nicolai
1608 3967 1744 4049 obitum,

234 4073 287 4153 qui
304 4080 395 4138 extra
418 4076 590 4140 Romanam
607 4078 724 4141 curiam
748 4079 831 4142 diem
856 4079 970 4143 clausit
985 4084 1170 4157 extremum,
1193 4081 1326 4139 vacante
1347 4126 1353 4137 .
1373 4126 1379 4138 .
1399 4125 1406 4140 .
1427 4127 1432 4137 .
1459 4074 1614 4136 ernestus
1638 4073 1744 4136 archi-

233 4177 401 4259 episcopus
424 4180 604 4262 PragensiS,
629 4183 712 4246 sicut
735 4183 899 4260 asseritur,
922 4182 1152 4247 reservacionis
1168 4185 1202 4244 et
1214 4179 1335 4245 decreti
1359 4178 1573 4260 predictorum
1597 4177 1742 4258 ignarus,

233 4279 522 4347 archidiaconatum
553 4286 656 4367 ipsum
680 4286 726 4350 sic
749 4294 912 4351 vacantem
937 4294 970 4351 et
993 4286 1033 4350 ad
1056 4285 1259 4351 collacionem
1295 4281 1524 4364 archiepiscopi
1555 4281 1740 4364 Progensis,

233 4385 287 4464 qui
310 4394 361 4451 est
383 4407 439 4468 pro
463 4395 614 4471 tempore,
638 4391 677 4454 de
702 4391 831 4472 antiqua
855 4398 888 4456 et
910 4393 1083 4473 approbata
1099 4389 1300 4453 ethactenus
1323 4385 1453 4469 pacifice
1477 4386 1647 4451 observata
1663 4404 1739 4450 con·

233 4490 403 4554 suetudine
426 4494 641 4573 pertinentem
676 4496 866 4560 auctoritate
901 4496 1061 4560 ordinaria
1084 4494 1143 4558 tihi
1177 4492 1313 4558 contulit
1343 4499 1377 4555 et
1400 4490 1539 4573 providit
1572 4489 1676 4553 eciam
1700 4490 1742 4554 de

231 4593 352 4657 eodem.
377 4595 441 4661 Nos
458 4597 556 4677 igitur
583 4600 798 4673 attendentes,
822 4601 906 4680 quod
921 4600 1053 4664 collacio
1077 4604 1111 4662 et
1125 4597 1265 4679 provisio
1289 4595 1472 4677 supradicte
1499 4599 1533 4658 et
1548 4610 1740 4673 quecunque

232 4693 307 4759 iude
330 4705 441 4762 secuta
463 4701 584 4766 viribus
607 4722 670 4768 non
693 4705 881 4785 subsistunt,
913 4710 947 4767 et
969 4704 1054 4783 quod
1076 4702 1182 4766 nullus
1208 4707 1314 4780 preter
1335 4717 1393 4764 nos
1427 4697 1487 4762 hac
1509 4697 1578 4761 vice
1602 4696 1643 4760 de
1668 4696 1742 4779 ipso

233 4799 489 4868 archidiaconatu
514 4808 682 4888 disponere
721 4809 826 4890 potuit
849 4826 951 4888 neque
974 4813 1082 4890 potest
1115 4804 1335 4869 reservacione
1359 4808 1393 4867 et
1415 4803 1544 4867 decreto
1578 4799 1741 4866 obsisten-

232 4903 318 4969 tibus
342 4908 533 4988 supradictis
557 4912 748 4977 accolentes
764 4919 796 4976 te
819 4913 954 4977 indicta
977 4911 1128 4993 Pragensi
1151 4909 1297 4988 ecclesia,
1315 4906 1404 4971 cuius
1420 4906 1533 4970 existis
1556 4903 1743 4986 canonicus,

233 5009 368 5090 amplius
391 5011 546 5077 honorare
571 5015 701 5098 tibique,
725 5036 782 5098 pro
806 5036 867 5097 quo
891 5016 989 5081 eciam
1005 5016 1090 5079 idem
1114 5012 1380 5094 archiepiscopus
1404 5026 1552 5074 asserens
1574 5014 1608 5072 te
1631 5008 1743 5090 capel·

231 5112 338 5177 lanum
354 5122 388 5179 et
404 5114 570 5182 olticialern
593 5136 685 5183 suum
701 5119 863 5201 dilectum,
884 5170 890 5183 .
911 5171 917 5185 .
938 5171 944 5184 .
965 5170 971 5182 .
996 5116 1196 5200 supplicavit,
1216 5116 1440 5198 premissorum
1461 5113 1580 5177 intuitu
1600 5111 1744 5194 graciam

231 5215 337 5283 facere
368 5220 549 5302 specialem,
580 5223 869 5289 archidiaconatum
900 5223 1078 5305 predictum
1109 5221 1154 5284 sic
1177 5227 1343 5284 vacantem
1362 5270 1368 5282 .
1389 5271 1394 5282 .
1416 5269 1448 5282 ..
1481 5216 1658 5300 apostolica
1680 5216 1745 5283 tibi

232 5325 424 5392 auctoritate
435 5326 625 5392 conterimus
638 5334 672 5392 et
684 5328 723 5393 de
736 5328 791 5393 illo
804 5329 903 5393 eciam
915 5326 1117 5409 providemus
1136 5376 1141 5386 .
1160 5374 1165 5384 .
1185 5377 1191 5389 .
1210 5375 1227 5389 ..
1246 5322 1523 5389 nonobstantibus
1542 5374 1550 5389 .
1568 5370 1576 5385 .
1595 5371 1603 5386 .
1623 5371 1640 5396 .‚
1653 5321 1745 5402 quod
